1838 3210
514 161 854 208 DESCRIPTIO
886 161 932 206 S.
964 160 1214 208 SOPHIAE.
1524 161 1590 209 73

138 274 358 329 Δὅςιειιιίθριοι.
378 270 519 322 afflat,
547 273 606 323 εἷς
630 270 777 322 κᾶλλος
800 271 1104 326 ἐξησκημμέναι.
1161 271 1296 312 subdit
1319 270 1463 312 deinde
1488 273 1593 327 Gyl-

138 334 217 372 lius
252 333 446 384 porticum
473 333 725 383 superiorem>
739 344 858 382 supra
884 332 1081 383 porticum
1108 330 1336 370 inferiorem
1359 333 1476 369 sitam
1506 344 1593 369 esse

138 391 243 428 inter
270 390 374 440 pilas
405 389 642 427 sustinentes
665 395 846 440 quartam
864 395 1020 440 partem
1036 386 1228 439 sphaerae
1249 386 1534 426 occidentalem
1554 394 1596 425 et

139 447 344 484 fenestras.
399 458 494 483 nam
519 458 543 483 a
570 451 681 496 parte
702 446 881 483 interimi
901 452 987 483 octo
1009 446 1124 496 pilis,
1154 445 1204 482 ab
1224 446 1411 483 exteriori
1428 444 1598 482 totidem

141 503 378 549 sustinetur3
410 503 513 539 inter
529 515 627 554 quas
646 502 864 550 fenestrae,
891 508 976 540 tam
991 502 1199 539 inferiores
1219 515 1340 554 quam
1360 503 1597 553 superiores,

140 560 333 606 illucent,
355 552 504 596 cinctae
520 559 716 597 columnis
733 557 947 611 quadratis.
1002 560 1107 596 inter
1125 556 1229 595 hanc
1249 560 1447 610 porticum
1466 565 1505 596 et
1522 571 1600 596 au·-

139 616 201 654 las
223 616 464 653 feminarum
485 613 589 652 nihil
607 617 770 653 interest
790 616 868 653 nisi
887 616 995 667 pilae
1015 616 1254 654 sustinentes
1269 617 1444 666 porticus
1462 628 1598 652 came-

141 685 228 709 ram
252 673 504 710 interiorem:
534 674 809 723 pavimentum
834 674 943 710 enim
961 673 1136 724 porticus
1155 672 1320 724 aequale
1339 678 1399 710 est
1417 673 1599 710 aularum

140 729 399 789 pavimento.⁴
440 741 542 780 quae
561 727 725 780 quidem
739 730 951 779 superioris
967 731 1140 780 porticus
1159 727 1368 780 descriptio
1390 742 1481 766 cum
1495 730 1602 766 Pro-

141 786 307 836 copiana
335 783 523 837 quadrat,
551 786 595 822 in
621 797 701 836 qua
728 786 932 823 columnas
949 786 993 822 in
1010 784 1223 838 hemicycli
1245 786 1414 836 figuram
1435 783 1602 838 perinde

141 843 333 879 excitatas
359 841 566 879 observare
592 848 672 879 est:
701 845 777 882 τοῦ
799 839 844 882 δὲ
864 840 917 894 δή
939 838 1045 896 ἑῴου
1061 840 1302 896 καταντικρύ
1326 839 1398 890 τοὶς
1423 839 1603 891 εἰσόδους

142 896 241 950 ἔχων
269 892 473 951 ἐγήγερται
502 901 655 950 τεῖχος,
680 896 753 938 καὶ
775 894 901 939 αὐτοῦ
922 896 1167 951 ἑκατέρωθεν
1191 899 1235 939 οἳ
1251 913 1293 939 τε
1311 900 1445 946 κίονες
1465 898 1533 939 καὶ
1552 896 1603 939 vd

141 950 276 994 αὐτῶν
305 951 486 1006 ὕπερθεν
510 950 733 1006 ὁμοιότατα
759 959 843 1003 τοῖς
871 954 1159 1007 δεδηλωμένοις
1181 953 1225 995 ἓν
1247 951 1457 1010 'fitemini-9>
1481 951 1602 1008 ἑστή-

140 1022 246 1051 κασι.
301 1012 474 1063 porticus
502 1024 619 1062 porro
649 1011 832 1061 inferior,
862 1011 975 1050 addit
1000 1011 1111 1050 idem
1137 1012 1314 1063 Gyffius,
1343 1011 1497 1063 duplex
1516 1019 1600 1051 est:

141 1067 305 1105 interior
328 1066 526 1105 clauditur
543 1069 729 1120 utrinque
748 1070 874 1107 muris
894 1081 1139 1107 marmorum
1162 1067 1449 1107 iucundissima
1468 1071 1602 1107 varie-

142 1130 223 1161 tate
246 1125 420 1173 vestitis,
450 1125 600 1175 tegitur
616 1127 785 1164 cameris
798 1125 976 1177 figuratis
994 1132 1229 1164 ornamento
1245 1126 1447 1164 tessellato
1465 1127 1601 1164 calcu-

140 1180 273 1218 lorum
297 1182 582 1219 inauratorum.
638 1189 758 1234 atque
789 1184 845 1220 ita
868 1183 994 1220 tribus
1015 1183 1233 1234 porticibus
1254 1189 1470 1220 exornatur
1490 1182 1600 1222 aedis
1622 1182 1652 1217 P
1675 1181 1743 1219 534

143 1235 372 1288 Sophianae
389 1238 649 1287 vestibulum,
681 1238 835 1277 duabus
852 1240 1106 1278 inferioribus
1124 1246 1164 1277 et
1181 1251 1259 1276 una
1277 1241 1492 1291 superiori3
1523 1252 1603 1292 quo

142 1295 320 1345 respexit
346 1294 596 1333 silentiarius
619 1302 722 1347 part.
741 1298 770 1338 2
793 1309 833 1336 v.
848 1298 901 1347 7,
932 1295 1030 1335 dum
1047 1298 1104 1335 ait
1121 1296 1298 1348 triplices
1320 1309 1406 1336 esse
1428 1298 1611 1349 porticus·

142 1349 406 1388 occidentales
421 1362 433 1388 ι

358 1402 459 1446 ἀλλὰ
479 1403 594 1455 δόσις
610 1410 797 1448 πυλεῶνα
814 1406 938 1462 μέγαν
963 1435 1123 1446 .........
1128 1423 1199 1460 χει,

363 1459 436 1514 οὐχ
454 1462 541 1503 ἕνα·
570 1465 829 1515 τριχθαδίους
847 1462 923 1518 γιὶρ
941 1463 1020 1516 ἔχει
1036 1462 1139 1504 nato?
1155 1464 1271 1505 τέλεα
1291 1461 1510 1518 μελάθρου.

144 1515 218 1556 sed
250 1518 380 1569 prima
414 1532 516 1571 quae
548 1522 718 1557 occurrit
746 1534 799 1558 ex
825 1522 1079 1559 inferioribus
1102 1522 1343 1572 porticibus,
1370 1523 1608 1574 pertinuisse

143 1573 303 1612 videtur
335 1573 386 1612 ad
422 1576 597 1626 porticus
631 1577 742 1625 atrii,
785 1575 836 1614 de
861 1577 1005 1629 quibus
1043 1577 1170 1627 infra,
1211 1577 1320 1630 quod
1346 1576 1609 1632 τετράστυλον

144 1631 269 1668 fuisse
300 1637 472 1681 constat3
503 1645 556 1670 ex
585 1645 664 1685 quo
687 1645 851 1671 necesse
868 1640 927 1671 est
948 1631 1093 1670 harum
1111 1646 1234 1671 unam
1253 1636 1395 1686 templi
1410 1637 1609 1674 vestibulo

145 1688 311 1725 affixam
325 1688 462 1726 fuisse.
521 1687 571 1726 de
588 1690 813 1740 portionum
830 1691 997 1728 istarum
1013 1692 1138 1742 portis
1155 1704 1227 1729 seu
1248 1691 1420 1730 aditibus
1440 1695 1498 1731 sic
1512 1706 1610 1745 pro-

147 1744 463 1796 sequitur-idem
490 1746 670 1797 Gyllius:
701 1759 748 1783 ex
773 1746 895 1784 huius
908 1749 1091 1797 porticus
1116 1747 1238 1784 latere
1262 1749 1447 1786 orientali
1468 1763 1611 1787 novem.

144 1802 272 1851 portis
282 1807 398 1849 patet
413 1801 548 1838 aditus
569 1803 613 1838 in
632 1802 838 1851 templum:
867 1817 913 1839 ex
932 1803 1054 1840 latere
1073 1805 1310 1841 occidentali
1326 1807 1501 1857 quinque
1510 1820 1613 1857 por—

150 1857 202 1893 tis
225 1857 357 1892 aeneis
375 1856 603 1907 duplicibus
612 1865 728 1908 patet
749 1859 875 1895 exitus
895 1871 941 1895 ex
958 1860 1134 1896 interiori
1144 1862 1306 1910 porticu
1322 1864 1367 1898 in
1386 1864 1611 1900 exteriorem

144 1914 361 1963 porticum,
390 1926 436 1950 ex
460 1927 542 1964 qua
555 1914 743 1964 proditur
761 1916 805 1951 in
822 1928 976 1961 aream,
1005 1914 1076 1952 ubi
1083 1929 1277 1966 perennes=
1292 1918 1445 1955 saliunt
1461 1933 1605 1970 aquae.

150 1968 200 2006 de
223 1982 368 2006 novem
391 1970 532 2020 portis,
562 1983 634 2021 per
654 1984 752 2023 quas
774 1972 970 2022 templum
991 1970 1141 2021 aditur,
1171 1981 1310 2024 agetur
1329 1974 1456 2012 infra:
1484 1982 1525 2012 at
1543 1988 1611 2013 eas

148 2038 221 2077 per
238 2037 336 2077 quas
356 2026 404 2062 ab
423 2027 600 2064 interiori
615 2029 772 2078 porticu
787 2029 831 2065 in
850 2029 1089 2065 exteriorem
1107 2029 1308 2080 proditur,
1339 2032 1470 2082 attigit
1489 2033 1610 2069 etiam

149 2082 398 2120 silentiarius
428 2085 455 2122 2
477 2089 578 2134 part.
613 2096 652 2121 v.
678 2086 747 2124 22.
803 2097 879 2122 nec
911 2086 1087 2136 quinque
1119 2085 1320 2124 duntaxat·
1348 2087 1421 2125 sed
1455 2096 1611 2140 septem

150 2145 347 2186 recenset,
374 2139 417 2175 in
439 2139 490 2176 iis
511 2139 625 2177 binos
644 2140 734 2178 illos
754 2141 796 2177 in
815 2143 1011 2192 porticum
1030 2140 1160 2180 aditus
1181 2144 1437 2196 complexus,
1468 2147 1539 2198 qui
1557 2144 1610 2183 ad

150 2194 358 2232 meridiem
378 2201 417 2232 et
437 2193 490 2232 ad
509 2198 818 2247 septentrionem
836 2199 1080 2249 aperiuntur.

368 2248 467 2291 §moi
489 2248 529 2291 δ’
553 2249 777 2305 ἀνευρύνας
797 2252 931 2307 ἷεροῦς
948 2257 1156 2302 πυλεῶνας
1177 2251 1342 2309 ἆνοίγει,

365 2304 466 2347 λαόν
481 2306 557 2348 ἔσω
579 2308 793 2359 καλέοντας
810 2306 1013 2363 ὁμιλαδόν.
1070 2307 1160 2351 ἀλλ’
1179 2310 1204 2352 ὅ
1221 2310 1296 2363 μὲν
1316 2308 1454 2356 αὐτῶν

369 2362 596 2416 ἕντρέφεται
614 2363 824 2418 νάρθηκος
843 2366 909 2408 ἐπὶ
930 2371 1100 2408 στεινοῖο
1122 2366 1322 2421 μετώπων

369 2419 412 2467 ἐς
430 2416 569 2470 νότον,
598 2419 640 2472 ὃς
662 2420 706 2463 δὲ
725 2424 873 2476 βορῆος
891 2423 958 2464 ἐπὶ
977 2421 1116 2477 πτερά.

267 2476 333 2516 18.
389 2478 569 2517 Porticus
598 2481 694 2517 istas
719 2479 1004 2528 occidentales,
1038 2493 1141 2534 quae
1171 2482 1364 2532 elegantis
1387 2495 1434 2520 ac
1452 2484 1613 2535 magni-

154 2528 220 2567 fici
235 2532 422 2570 vestibuli
440 2535 569 2572 vicem
586 2536 778 2587 praebent
796 2536 886 2574 aedi
904 2536 1154 2588 Sophianae,
1183 2535 1394 2591 νάρθηκος
1411 2553 1483 2578 seu
1490 2541 1615 2591 seru-

155 2585 220 2623 lae
252 2590 414 2628 nomine
454 2603 552 2630 aevo
577 2605 649 2631 suo
679 2591 844 2632 donatas
878 2593 1000 2632 tradit
1030 2593 1140 2632 idem
1169 2595 1420 2636 Silentiarius
1455 2604 1557 2649 part.
1588 2601 1617 2639 2

156 2656 196 2681 v.
233 2644 309 2685 13:

371 2704 500 2755 χῶρος
519 2700 588 2745 ὅδε
609 2707 814 2758 Γραικοῖσι
832 2706 1033 2758 φατίζεται
1052 2702 1223 2760 ἅνδρᾶσι
1239 2704 1416 2761 νάρθηξ.

156 2767 231 2792 nec
259 2755 338 2793 alia
364 2760 629 2809 appellatione
659 2760 856 2801 donantur
880 2762 1078 2801 eiusmodi
1104 2765 1278 2815 porticus
1297 2766 1340 2802 in
1365 2763 1523 2803 aedium
1547 2775 1615 2801 sa-

158 2823 312 2851 crarum
341 2815 548 2856 vestibulis
574 2818 769 2857 excitatae
798 2831 832 2858 a·
847 2821 1042 2873 Procopio
1072 2819 1121 2858 de
1149 2820 1282 2859 Aedif.
1313 2822 1337 2861 1
1373 2819 1420 2870 4,
1462 2819 1531 2857 ubi
1561 2818 1613 2857 de
