1838 3210
545 193 876 239 DESCRIPTIO
911 196 955 239 S.
989 195 1239 242 SOPHIAE.
1545 199 1610 246 67

161 318 349 357 τριαρχης
370 306 457 344 ΚΠ
471 299 669 372 Εὕτῦχιος
688 303 783 358 μετα
799 308 871 356 τῆς
876 309 1018 372 λιτῆς,
1047 303 1321 362 συμπαρόντος
1345 308 1411 350 καὶ
1439 311 1512 350 τοῦ
1535 311 1610 361 βα-

161 359 319 409 σιλέως,
356 358 623 413 καθεζόμενος
655 361 699 402 ἐν
733 365 790 417 τῷ
817 359 980 431 ὀχήματι
1006 364 1074 405 καὶ
1108 368 1248 431 φορῶν
1277 363 1320 406 τὸ
1349 361 1610 407 ἆποστολικὸν

163 419 294 469 σχῆμα
318 416 387 456 καὶ
414 420 570 470 κρατῶν
594 415 637 458 τὰ
664 433 780 487 αγιον
809 415 1055 473 εὐαγγέλιον,
1092 417 1255 462 πάντων
1275 424 1356 462 τῶν
1376 425 1485 462 λαων
1501 426 1609 473 ψαλ-

159 470 309 513 λόντων
335 487 381 513 το
412 471 531 526 ὄὶρατε
558 470 706 524 πύλας,
737 490 944 527 αρχοντες,
972 475 1103 529 υμῶν.
1158 479 1241 515 iam
1258 491 1352 517 vero
1370 477 1478 530 quod
1498 478 1609 517 addit

158 531 393 580 Anonymus
411 543 480 567 seu
497 528 690 579 eodinus,
721 533 997 570 encaeniorum
1017 533 1284 572 celebritatem
1307 534 1388 572 ad
1376 548 1462 586 lpsa
1480 548 1608 588 usque

157 584 514 636 Theophaniorum
540 587 642 624 festa
668 586 923 639 productam,
954 588 1152 642 siquidem
1181 589 1230 628 de
1259 590 1442 629 secundis
1465 605 1608 630 encae-

157 643 235 679 niis
276 644 376 693 egit,
422 641 466 680 id
499 642 655 682 videtur
689 646 838 696 pariter
875 643 1024 684 dixisse
1055 646 1340 687 Silentiarius
1328 661 1371 686 111
1400 649 1608 687 Prooemio

155 710 196 737 v.
221 698 299 741 74-

374 753 461 795 ἐπεὶ
479 751 554 807 γοῖρ
571 749 666 808 ἦγες
681 752 756 807 τήν
774 753 938 825 ἑορτήν,
969 757 1022 805 ὥς
1047 757 1140 808 ἔδει,

374 825 481 857 απας
500 808 522 851 ὁ
540 811 686 861 δῆμος,
716 809 841 859 ευθυς
858 811 886 865 ἦ
903 815 1100 882 γερουσία,

377 866 421 907 οῖ
434 863 506 907 τόν
524 866 646 918 μέσον
649 868 872 938 ζηλοῦντες
891 865 1054 921 οἷσφαλῆ
1072 870 1177 923 βίον,

372 938 444 970 τας
461 924 533 974 τῆς
551 921 688 975 ἑορτῆς
708 922 857 976 ημέρας
875 923 1016 981 ἕπεξοὶγ
1019 941 1078 966 ειν

372 975 520 1046 ἤτουν·
547 983 740 1031 παρεῖχες.
799 943 1034 1034 ἐξέδραμον,
1063 978 1203 1048 ᾔτουν
1209 976 1344 1031 πάλιν,

323 1068 326 1071 .
371 1030 494 1074 πάλιν
509 1039 700 1088 παρεῖχες.
756 1039 872 1077 τοῦτο
890 1035 934 1077 δὲ
952 1039 1060 1091 δρῶν
1075 1034 1267 1087 πολλακις

372 1089 610 1140 ἔπεξέτεινας
629 1089 704 1144 τήν
722 1090 865 1147 ἑορτὴν
880 1095 1093 1142 πλουσίως.

267 1160 308 1199 7.
366 1159 471 1196 Tam
498 1159 689 1210 elegantis
711 1158 975 1213 stupendique
993 1161 1134 1227 templi
1158 1157 1360 1198 architecti
1380 1172 1607 1198 memoran—

155 1220 220 1251 tur
236 1215 486 1265 potissimum
503 1214 581 1254 duo
593 1245 603 1264 ‚
634 1217 738 1253 inter
756 1223 815 1254 tot
834 1230 932 1269 quos
954 1230 1006 1255 ex
1022 1219 1208 1255 universo
1228 1227 1331 1268 pene
1351 1217 1445 1254 orbe
1464 1230 1607 1268 coege-

155 1277 216 1308 rat
240 1272 501 1321 Iustinianus,
530 1270 768 1311 Anthemius
803 1275 952 1311 scilicet
981 1275 1212 1312 Trallianus
1235 1279 1274 1310 et
1292 1271 1464 1311 Isidorus
1486 1274 1606 1310 Mile-

154 1327 258 1375 sius,
298 1334 463 1380 uterque
494 1330 587 1367 artis
616 1328 872 1368 mechanicae
897 1331 1174 1382 peritissimus.
1233 1328 1282 1367 de
1305 1327 1520 1377 Anthemio
1549 1330 1606 1367 sic

152 1384 302 1422 Paulus
322 1384 569 1423 silentiarius
591 1392 692 1436 part.
715 1387 739 1426 1
760 1399 800 1423 v.
822 1385 919 1427 134.

809 1450 1064 1504 ἐπευφήμησε
1085 1451 1129 1493 δὲ
1144 1451 1285 1505 τέχνην

369 1506 438 1547 καὶ
461 1503 560 1548 νόον
578 1503 807 1559 ’Λνθεμίοιο
828 1507 1070 1560 κεκασμένον
1088 1508 1259 1560 ἔμφρονι
1279 1508 1421 1561 βουλῇ.

368 1566 500 1611 κεῖνος
511 1559 624 1630 ανήρ
645 1561 693 1603 τά
712 1578 850 1615 πρωτα
871 1565 1054 1615 θεμείλια
1071 1563 1222 1616 πῆξατο
1240 1566 1359 1630 νηοῦ,

367 1633 604 1671 ευκαματων
627 1620 821 1673 βουλῇσιν
840 1617 1111 1672 ὑποδρήσσων
1128 1614 1346 1672 βασιλήων,

151 1686 215 1723 cui
237 1686 402 1724 succinit
419 1687 634 1737 Procopius
655 1685 703 1724 de
722 1685 854 1724 Aedif.
878 1688 901 1727 1
935 1690 981 1728 1·
1011 1702 1107 1734 τους
1122 1687 1299 1739 τεχνίτας
1317 1685 1362 1727 ἐκ
1383 1695 1514 1734 πασης
1530 1685 1605 1736 γῆς

148 1740 307 1795 ἤγειρεν
326 1739 760 1810 anumocg·’Av1‘>e‘mpg
777 1741 820 1782 δὲ
836 1740 1076 1812 Τραλλιανός
1091 1742 1157 1784 ἐπὶ
1174 1744 1299 1798 σοφία
1314 1745 1366 1809 τῇ
1379 1739 1604 1808 καλουμένῃ

149 1801 351 1867 μηχανικῇ
377 1797 635 1865 λογιωτατος,
673 1814 722 1839 ου
747 1801 827 1838 τῶν
857 1795 948 1838 κατ’
975 1795 1098 1839 αὐτὸν
1128 1814 1251 1850 μονον
1280 1797 1472 1838 απαντων
1505 1792 1604 1835 dno}

148 1853 217 1894 καὶ
256 1856 337 1894 τῶν
372 1849 497 1894 αὐτοῦ’
529 1853 878 1922 προγεγενημένων
915 1856 1070 1909 πολλῷ,
1108 1856 1164 1924 τῇ
1193 1852 1383 1906 βασιλέως
1411 1850 1604 1903 υπουργει

149 1911 329 1965 σπουδῇ,
357 1913 441 1957 τοῖς
460 1909 778 1978 τεκταινομένοις
800 1925 848 1949 τα
870 1908 963 1963 ἔργα
989 1895 1215 1961 ῥυθμίζων,
1252 1924 1333 1949 των
1365 1923 1406 1947 τε
1433 1920 1604 1960 γενησο-

147 1966 280 2019 με’νων
307 1962 657 2017 προδιασκευαζων
682 1963 913 2017 ἰνδάλματα.
970 1964 1019 2003 de
1037 1963 1252 2003 Anthemio
1278 1966 1397 2002 etiam
1421 1963 1602 2014 pluribus

148 2024 231 2074 agit
258 2021 450 2073 Agathias
478 2023 550 2060 lib.
569 2023 616 2070 5,
648 2028 687 2059 et
711 2029 756 2059 ut
783 2035 864 2059 non
889 2020 1008 2059 modo
1032 2023 1074 2058 iu
1101 2020 1198 2059 aede
1220 2019 1427 2059 condenda
1446 2020 1602 2069 praeci-

147 2093 251 2131 puus
274 2077 433 2116 habitus
460 2080 531 2128 sit,
561 2077 633 2116 sed
651 2085 690 2115 et
711 2085 755 2115 ut
774 2079 815 2114 in
836 2085 918 2115 arte
936 2091 1055 2130 quam
1072 2076 1347 2114 mechanicam
1365 2081 1507 2114 vocant
1526 2087 1601 2110 ex-

147 2136 350 2184 celluerit,
391 2137 447 2172 ita
473 2142 517 2172 ut
549 2142 587 2173 et
614 2142 740 2172 terrae
767 2141 898 2171 motus
927 2134 1126 2171 naturales
1154 2141 1193 2170 et
1221 2133 1379 2183 fulgura
1405 2134 1490 2182 ipsa
1519 2137 1602 2167 arte

146 2193 379 2230 imitaretur.
436 2190 542 2228 unde
567 2192 668 2229 forte
696 2189 827 2228 eidem
850 2191 1076 2228 Silentiario
1099 2197 1209 2240 parte
1228 2190 1256 2228 2
1287 2202 1324 2227 v.
1345 2188 1428 2230 235
1457 2183 1600 2226 Ἀνθέ-

146 2263 239 2301 μιος
266 2242 547 2299 πολυμήχανος
574 2246 728 2284 dicitur.
784 2260 914 2299 neque
946 2247 1046 2284 alius
1077 2253 1135 2283 est
1167 2246 1216 2282 ab
1242 2259 1288 2283 eo
1314 2246 1383 2296 qui
1404 2257 1426 2280 a
1447 2241 1598 2280 Codino

146 2305 320 2357 μαΐστωρ
347 2301 561 2374 μηχανικός
591 2303 825 2355 appeHatur.
885 2301 933 2340 de
963 2301 1113 2340 Isidoro
1137 2315 1230 2339 vero
1253 2299 1363 2338 idem
1382 2300 1598 2349 Procopius

147 2362 204 2398 sic
226 2362 300 2398 ait.
330 2359 398 2400 καὶ
420 2357 688 2412 μηχανοποιὸς
709 2356 784 2399 συν
809 2354 916 2414 αὐτῷ
937 2357 1087 2412 ετερος,
1113 2353 1354 2410 Ἰσίδωρος”
1328 2371 1478 2408 ονομα,
1509 2357 1599 2393 Μι-

146 2412 284 2467 λήσιος
299 2432 342 2457 το
362 2415 486 2468 γένος,
516 2416 680 2468 ἔμφρων
696 2429 737 2454 τε
756 2400 899 2463 ὄῖλλως
899 2414 966 2455 καὶ
987 2414 1151 2467 πρέπων
1165 2410 1472 2468 Ἰουστινιανῷ”
1443 2425 1600 2464 υπουρ·

146 2477 231 2525 γεῖν
251 2474 417 2526 βασιλεῖ.
475 2479 514 2510 et
534 2473 682 2510 Paulus
699 2471 947 2510 Silentiarius
966 2477 1068 2522 part.
1084 2472 1111 2510 2
1130 2483 1169 2508 v.
1194 2471 1295 2511 136:

798 2553 853 2589 ην
876 2535 920 2578 δὲ
941 2535 1017 2577 συν
1039 2532 1150 2589 αυτῷ

361 2591 575 2645 πάνσοφος
590 2590 825 2647 Ἰσίδωρος’
811 2593 911 2645 έχων
932 2590 1032 2633 νόον
1055 2598 1130 2630 etc.

146 2661 350 2712 utriusque
380 2669 581 2713 praeterea
611 2663 794 2699 meminit
820 2660 930 2698 idem
957 2659 1169 2710 Procopius
1196 2656 1245 2695 de
1265 2656 1397 2696 Aedis.
1417 2660 1444 2699 2
1472 2659 1521 2704 3,
1550 2662 1594 2693 ut

146 2716 321 2755 Codiuus
340 2718 543 2755 cuiusdam
559 2720 722 2769 Ignatii,
752 2719 856 2754 inter
870 2724 926 2755 tot
940 2717 1149 2767 magistros
1168 2712 1420 2761 architectos,
1451 2712 1592 2764 quibus

147 2787 242 2811 usus
272 2780 330 2811 est
356 2775 594 2812 Iustinianus
622 2776 664 2811 in
698 2772 905 2811 condenda
935 2771 1051 2820 aede,
1096 2783 1195 2823 quos
1226 2771 1494 2808 centenarium
1517 2779 1590 2804 ex-

145 2831 276 2880 plesse
294 2843 505 2868 numerum
522 2829 631 2867 idem
649 2829 768 2868 tradit
780 2858 792 2879 ‚
821 2828 872 2867 de
894 2841 972 2881 quo
995 2827 1121 2867 multa
1138 2833 1320 2878 nugatur.
