1838 3210
541 187 878 232 DESCRIPTIO
911 187 958 231 S.
993 187 1242 231 SOPHIAE.
1533 187 1628 234 1-29

167 311 279 337 sacra
297 298 386 336 vela
405 298 657 336 continentur
674 311 746 336 seu
761 303 896 336 sancta
920 305 1158 337 sanctorum.
1199 296 1385 336 dicuntur
1403 298 1510 335 enim
1532 314 1628 353 aym

167 354 294 408 ἁγίων
319 371 368 395 τα
398 353 510 402 ἐντὸς
532 358 604 395 τοῦ
624 351 994 406 καταπετάσματος,
1033 362 1079 393 ut
1107 362 1167 394 est
1186 357 1229 393 in
1252 356 1400 393 Lexico
1419 368 1482 393 ms
1501 357 1627 407 Regio

166 411 257 449 cod.
281 413 403 459 2062.
461 424 555 448 nam
573 418 617 449 ut
637 413 693 449 ait
715 412 887 463 Cyrillus
901 411 1122 450 Alexandr.
1147 411 1196 450 de
1214 411 1378 450 Aderat.
1398 414 1437 462 3,
1458 414 1629 465 πρεσβυ-

164 467 294 521 τέροις
321 468 575 508 πεπίστευται
599 465 644 508 τὸ
666 464 962 520 θυσιαστήριον
979 467 1047 508 καὶ
1068 485 1117 508 τα
1142 468 1218 509 ε’σω
1235 471 1309 509 τοῦ
1329 467 1626 521 καταπετάσμα-

164 539 253 574 τος,
283 519 345 571 οἷς
364 520 416 563 ἂν
434 523 574 575 πρέπει
590 523 794 576 λέγεσθαι,
833 524 901 564 και
922 521 1144 575 φυλάξουσι
1162 522 1238 577 τὴν
1260 526 1455 578 ἱερατείαν
1480 522 1627 567 αὐτῶν.

165 593 268 633 quae
290 580 454 632 quidem
475 582 594 627 verba
615 580 664 618 de
680 582 801 630 velis,
842 594 944 634 quae
972 581 1023 619 ad
1046 588 1233 633 quattuor
1253 583 1392 620 ciborii
1421 583 1628 620 columnas

165 637 516 688 expandebantur,
556 638 728 688 intelligi
751 637 896 676 debere
918 640 1163 687 censuerim,
1204 638 1253 676 de
1283 639 1427 691 quibus
1449 641 1532 690 agit
1551 638 1630 677 hoc

163 694 253 731 loco
276 694 539 741 silentiarius,
556 708 658 746 quae
677 694 831 748 τέτρασι
847 691 1089 751 α’ργυρὲῃσιν
1110 695 1175 735 ἐπὶ
1195 698 1387 750 πλευρῇσι
1401 693 1629 747 καλύπτρας

163 763 236 788 seu
254 751 296 787 in
317 757 502 802 quattuor
519 751 656 788 ciborii
674 751 863 789 lateribus
879 753 1073 804 explicari
1093 752 1286 800 solebant,
1310 759 1355 790 ut
1368 759 1475 790 totus
1493 765 1628 790 sacro-

163 820 255 844 rum
275 806 486 858 adytorum
503 808 627 855 locus,
659 810 700 844 in
719 820 797 859 quo
815 817 949 846 sancta
965 815 1192 846 sanctorum
1212 809 1484 857 conficiuntur,
1505 808 1629 846 undi-

164 876 242 914 que
262 862 546 911 occluderetur,
565 876 617 900 ne
636 864 803 914 profano
824 865 945 915 vulgo
963 866 1122 915 plebive
1139 871 1306 916 pateret,
1313 867 1488 931 quippe,
1511 873 1557 903 ut
1573 868 1628 903 ait
1650 867 1681 902 P
1705 866 1773 905 577

162 920 359 970 Gregoras
375 921 477 957 Hist.
495 923 558 968 10,
583 919 626 960 οἱ
639 935 721 960 των
740 920 935 972 βασιλέων
947 917 1138 973 θάλαμοι,
1167 920 1235 961 καὶ
1248 918 1377 961 ὁπόσα
1390 918 1630 974 ανθρωποις

162 974 250 1027 ἱερά
271 991 311 1015 τε
329 974 398 1015 καὶ
418 977 550 1027 τίμια,
589 974 672 1016 ὕπο
695 974 1050 1029 παραπετάσμασιν
1070 976 1168 1017 αλλα
1194 974 1330 1024 αλλοις
1346 975 1629 1028 καλύπτονται,

161 1032 231 1072 ι’να
252 1029 350 1084 μήτε
370 1028 515 1084 δήμοις
538 1028 717 1080 ανοσίοις
738 1036 980 1086 προκείμενα
999 1030 1282 1100 κιβδηλεύηται
1308 1030 1409 1086 μήτε
1434 1050 1629 1087 περιφρο-

160 1090 280 1139 νῆται
299 1085 364 1129 δια
387 1088 430 1128 τὸ
451 1091 524 1140 τῆς
542 1086 807 1141 καταλήψεως
824 1086 1040 1143 πρόχειρόν
1060 1105 1103 1131 τε
1121 1088 1225 1131 καὶ’
1206 1088 1374 1131 α’πονον.
1436 1090 1485 1128 de
1505 1094 1627 1130 sacris

161 1145 351 1183 altaribus
367 1143 412 1182 id
429 1144 561 1196 prodit
577 1146 753 1197 Symeon
768 1145 955 1185 Thessal.
970 1147 1073 1185 libro
1092 1146 1142 1184 de
1164 1147 1359 1199 Templo.
1387 1143 1558 1198 αμφίοις
1584 1147 1630 1188 δὲ

159 1201 550 1272 περικεκαλυμμένον
580 1201 662 1242 ἐστὶ
691 1202 759 1242 καὶ
792 1202 1092 1255 κεκοσμημένον
1127 1201 1196 1253 (το
1220 1201 1591 1270 θυσιαστήριον)“
1566 1219 1628 1245 οτι

158 1257 230 1298 καὶ
261 1255 309 1298 τὰ
339 1257 384 1298 ἐν
413 1254 526 1312 αὐτῷ
550 1257 812 1311 δυσθεώρητα
840 1260 908 1300 καὶ
939 1256 991 1300 ου’
1014 1263 1115 1300 πᾶσι
1140 1255 1284 1311 ληπτά.
1343 1267 1382 1297 et
1407 1261 1528 1297 alibi:
1559 1261 1628 1301 καὶ

161 1311 229 1355 δια
260 1312 304 1355 τό
335 1312 408 1366 μὲν
436 1317 510 1355 τοῦ
541 1314 585 1354 ἐν
613 1317 890 1382 θυσιαστηρίω
918 1330 1265 1365 καταπετασματος
1287 1313 1362 1368 τήν
1383 1313 1628 1383 ἔπουρανιον

159 1370 251 1423 περὶ
270 1386 340 1411 τον
358 1368 458 1411 θεὸν
482 1370 648 1411 ἐκτυποῖ
664 1368 841 1423 σκηνήν,
881 1372 984 1412 ἔνθα
1010 1388 1092 1412 των
1122 1368 1298 1424 οἷγγέλων
1327 1370 1357 1423 ἦ
1382 1368 1624 1421 α’ναπαυσις.

161 1433 199 1464 et
230 1439 328 1464 mox
355 1426 407 1464 ad
437 1433 622 1479 quattuor
640 1427 774 1466 altaris
797 1429 920 1467 latera
941 1427 1118 1480 expandi
1137 1429 1227 1466 vela
1255 1430 1331 1466 ista
1351 1430 1446 1467 satis
1468 1429 1623 1481 prodit:

157 1481 327 1534 τέσσαρα
345 1481 389 1523 δὲ
407 1482 506 1534 μέρη
519 1482 756 1536 υφασματος
770 1488 856 1532 ταῖς
873 1483 1080 1538 τέσσαρσιν
1094 1485 1170 1536 ἔχει
1191 1486 1356 1538 γωνίαις
1373 1484 1403 1536 ἦ
1419 1484 1513 1538 αγία
1531 1482 1625 1538 τροὶ-

157 1541 255 1587 πεζα
276 1546 350 1576 etc.
407 1541 641 1577 Anastasius
669 1540 766 1578 bibl.
797 1543 839 1578 in
866 1540 1051 1579 Paschali
1077 1543 1166 1578 ΡΡ.
1203 1541 1311 1592 ficit
1339 1543 1459 1578 etiam
1479 1543 1522 1578 in
1543 1544 1623 1578 cir-

158 1597 269 1633 cuita
294 1595 437 1633 altaris
459 1595 548 1632 vela
575 1596 700 1634 rubea
726 1598 854 1634 serica
875 1605 1065 1649 quattuor
1082 1611 1175 1634 cum
1190 1597 1451 1648 gammadc‘is.
1511 1597 1623 1636 idem

155 1654 199 1690 in
216 1654 350 1690 Leone
369 1664 440 1690 111:
471 1652 579 1703 ficit
599 1660 637 1689 et
652 1653 696 1690 in
713 1655 883 1690 circuitu
901 1653 1046 1692 altaris
1061 1676 1118 1683 —-
1135 1654 1223 1691 alia
1242 1653 1331 1691 vela
1350 1653 1448 1691 alba
1468 1653 1622 1692 holose-

156 1710 242 1747 rica
257 1716 409 1754 rosata,
448 1721 551 1760 quae
578 1709 754 1758 pendent
782 1711 827 1746 in
853 1723 955 1748 arcu
973 1710 1024 1748 de
1043 1709 1207 1756 ciborio,
1236 1723 1398 1748 numero
1417 1718 1617 1762 quattuor.

157 1764 260 1803 adde
279 1779 321 1817 p.
348 1764 424 1805 142
443 1771 481 1802 et
502 1765 598 1805 165.
657 1766 896 1804 Guillelmus
923 1766 1021 1805 bibl.
1051 1768 1094 1803 in
1115 1764 1319 1817 Stephano
1340 1778 1387 1804 vl
1406 1768 1495 1804 PP:
1526 1781 1621 1804 con-

158 1822 252 1859 tulit
269 1843 327 1849 —-
344 1820 434 1857 vela
454 1821 581 1857 serica
599 1820 648 1857 de
666 1820 812 1858 blattin
826 1822 1035 1872 Byzantea
1055 1830 1243 1872 quattuor
1260 1823 1304 1858 in
1323 1823 1493 1859 circuita
1509 1823 1621 1860 alta*

155 1879 213 1914 ris
232 1877 406 1914 maioris.
468 1883 586 1928 atque
611 1875 705 1914 inde
728 1878 818 1914 vela
838 1879 914 1915 ista
935 1873 1154 1929 τετράβηλα
1175 1877 1379 1928 appellant
1399 1878 1539 1915 Graeci
1555 1892 1622 1916 re-

156 1935 361 1981 centiores,
391 1934 626 1970 Anastasius
645 1935 687 1970 in
709 1935 785 1971 Vit.
804 1935 884 1971 ΡΡ.
903 1934 1090 1971 τείνανίία
1113 1941 1152 1971 et
1171 1933 1360 1971 tetravela
1379 1946 1420 1984 p.
1441 1937 1506 1982 62,
1527 1937 1619 1983 127,

157 1992 250 2038 130,
286 1993 376 2037 131,
412 1990 502 2038 139,
539 1988 628 2036 140,
663 1987 754 2038 142,
789 1989 881 2038 144,
914 1989 1007 2031 145.
1067 2002 1114 2027 ea
1137 1997 1271 2027 autem
1290 1996 1400 2026 erant
1423 1996 1468 2027 ut
1489 1990 1620 2041 pluri-

153 2060 267 2084 mum
295 2048 484 2097 purpurei
518 2046 679 2093 coloris,
734 2059 828 2083 auro
858 2047 978 2083 etiam
1005 2045 1206 2084 interdum
1232 2054 1272 2083 et
1293 2044 1469 2097 Phrygio
1498 2056 1619 2097 opere

158 2102 343 2140 distincta
363 2109 402 2139 et
418 2103 536 2139 variis
555 2103 796 2152 imaginibus
820 2101 1021 2150 adornata,
1053 2102 1275 2140 cuiusmodi
1296 2101 1572 2139 describuntur
1594 2115 1618 2140 a

157 2160 408 2206 Silentiario,
437 2159 485 2195 ab
503 2160 733 2206 Anastasio,
771 2165 810 2195 et
827 2171 849 2195 a
867 2160 992 2197 Paulo
1011 2160 1122 2196 Diac.
1149 2159 1177 2196 l.
1200 2158 1256 2200 24
1283 2158 1384 2195 Hist.
1412 2159 1617 2196 miscellae

156 2217 200 2253 in
217 2214 427 2253 Michaele.
484 2228 558 2252 nec
584 2217 665 2252 scio
695 2228 744 2251 au
775 2228 847 2266 per
871 2217 1033 2253 maim-Is
1052 2216 1240 2253 ecclesiae
1261 2210 1454 2266 ε’νδύτην,
1494 2227 1617 2266 quam

156 2271 209 2309 ad
247 2284 447 2309 summum
484 2271 712 2322 pontificem
740 2273 964 2309 Romanum
992 2273 1102 2309 misit
1130 2269 1304 2309 michael
1336 2272 1614 2322 Palaeologus,

156 2330 260 2366 rosei
287 2329 429 2365 coloris
457 2340 551 2364 auro
576 2329 743 2365 ‘illusam
769 2334 808 2364 et
824 2329 1037 2366 unionibus
1056 2329 1213 2366 insertis
1235 2334 1524 2374 coruscantem,
1555 2334 1614 2364 te-

156 2384 352 2421 travelum
372 2384 614 2421 intellexerit
631 2383 894 2435 Pachymeres
915 2383 941 2424 5
975 2387 1038 2432 17,
1071 2396 1122 2421 an
1145 2396 1238 2421 vero
1257 2390 1433 2434 tapetem
1457 2385 1526 2436 qui
1547 2396 1614 2420 sa-

155 2454 243 2478 crae
264 2454 425 2478 mensae
446 2442 695 2488 insternitur,
733 2452 853 2492 quem
872 2438 1044 2491 ἐνδύτην
1063 2443 1136 2492 τῆς
1154 2439 1270 2493 ἁγίας
1288 2438 1479 2492 τραπέζης
1497 2446 1614 2477 vocat

153 2497 282 2534 Ducas
306 2510 338 2534 c.
359 2499 412 2538 29
432 2495 538 2548 quod
559 2497 663 2533 velle
684 2495 868 2534 videntur
885 2498 960 2534 viri
979 2495 1108 2534 docti:
1136 2497 1294 2534 tametsi
1319 2497 1451 2546 potior
1471 2495 1613 2533 videa-

153 2559 218 2589 tur
237 2555 444 2601 sententia,
476 2550 642 2599 ἒνδύτας
662 2551 738 2590 hoc
757 2553 844 2590 loco
865 2554 968 2590 sumi
986 2566 1056 2604 pro
1077 2554 1281 2604 quibusvis
1303 2552 1492 2589 ecclesiae
1511 2552 1612 2589 velis

154 2622 226 2646 seu
246 2610 416 2656 aulaeis3
459 2621 538 2660 qua
555 2611 715 2646 notione
738 2606 846 2660 ἷερας
866 2605 1033 2656 ἐνδυτας
1052 2608 1156 2646 dixit
1170 2611 1338 2647 Ioannes
1359 2609 1543 2645 Damasc.
1569 2609 1611 2643 in

153 2663 352 2715 Synodion
373 2664 424 2702 ad
434 2663 732 2715 Theophilum
721 2677 891 2716 1mp.v11
911 2664 1194 2717 SynodusAct.
1207 2668 1254 2705 7·
1274 2660 1475 2712 ἐνδυτας
1455 2680 1481 2715 η
1500 2663 1610 2715 ετερα

152 2716 300 2774 βῆλα
279 2718 307 2772 η’
327 2719 458 2772 ἕτερον
477 2717 794 2788 ἄφιερούμενον,
834 2728 873 2758 et
892 2723 939 2758 Β.
962 2720 1186 2759 Dorotheus
1212 2723 1256 2757 in
1277 2720 1444 2771 praefat.
1472 2721 1608 2756 Doctr.

152 2779 209 2814 ait
236 2776 279 2816 ἐν
305 2778 355 2830 τῇ
381 2777 477 2815 θεία
505 2773 647 2831 ἐνδύτῃ
681 2780 753 2828 τῆς
781 2775 954 2830 μεγαλης
973 2777 1180 2828 ἐκκλησίας
1200 2775 1398 2828 depictam
1418 2776 1541 2812 fuisse
1564 2774 1606 2810 S-

151 2815 445 2882 Barsanuphii
435 2834 664 2884 nnagiuem.
693 2835 751 2871 ita
765 2834 1034 2872 Maximianus
1054 2832 1371 2884 archiepiscopus
1384 2834 1606 2878 Ravennas,

208 2893 310 2927 Paul.
340 2892 456 2927 Silent.
1305 2889 1332 2927 9
