1890 3224
613 186 1000 232 HERACLIADOS
1034 189 1154 232 AcR.
1187 188 1240 231 Π.
1589 187 1653 234 79

877 341 953 396 B.

403 417 415 432 t

420 416 576 500 Ηόμη
586 476 600 496 ,
635 446 767 497 δίκαζε
785 445 859 499 τὴν
880 443 1097 503 ἰσόρροπον
1118 447 1270 504 κρίσιν·

410 517 568 556 πολλῶν
586 517 822 570 στρατηγῶν
842 512 1103 571 εὖπορῆσασα
1126 513 1287 572 φράσον

410 583 512 640 ποίῳ
537 583 650 624 δοκεῖ
666 599 731 625 σοι
752 586 976 637 συμβαλεῖν
994 583 1064 626 τὸν
1087 582 1310 639 δεσπότην;

409 648 534 703 μόνος
550 649 740 705 τετάχθω
753 682 766 702 ,
802 653 949 708 φησίν,
977 652 1051 694 οὐκ
1072 651 1174 707 ἔχων
1198 653 1300 695 ἴσον.

354 716 380 758 5
471 717 581 774 ’Ήδη
600 720 674 773 μὲν
697 714 770 762 οὖν
790 718 956 774 ἴσβεστο
978 725 1051 776 τῆς
1072 723 1312 778 τυραννίδος

411 786 456 828 τὸ
479 791 558 843 πῦρ
581 786 602 829 ὃ
626 790 798 841 Φωκᾶς,
840 787 867 843 ἦ
891 791 1094 845 καταιγίς,
1127 788 1154 845 ἢ
1177 791 1312 845 μέθη,
1377 786 1383 795 ’

412 852 434 895 ὅ
457 859 538 896 τῶν
559 856 664 898 καθ’
688 854 799 910 ἡμᾶς
820 862 1045 914 συμφορῶν
1067 857 1364 914 πρωτεργάτης,

406 920 433 976 ἦ
457 926 538 964 τῶν
558 924 600 965 ἓν
622 921 763 974 ὕπνοις
787 923 1017 982 φασμάτων
1038 927 1228 983 τιμωριά,

411 988 433 1031 ὅ
453 990 529 1041 τὰς
548 992 652 1034 καθ’
674 990 785 1047 ἡμᾶς
803 992 1048 1047 αἱματώδεις
1069 993 1249 1048 ἐκχύσεις

330 1063 384 1102 10
414 1057 514 1112 ἔχειν
534 1062 706 1114 νομίζων
728 1063 784 1111 εἷς
804 1060 1046 1118 τρισάθλιον
1067 1061 1229 1119 κράτος,

411 1131 484 1181 τῆς
502 1132 576 1182 γῆς
594 1128 641 1169 τὸ
659 1132 800 1182 κῆτος,
830 1130 877 1170 τὸ
898 1128 1117 1185 πρόσωπον
1133 1128 1349 1186 Γοργόνος.

413 1195 488 1248 οὐχ
505 1193 607 1246 εἷλες
625 1195 775 1246 αὐτοὺς
795 1194 851 1246 ὥς
871 1195 894 1239 ὃ
913 1198 1110 1254 Περσέως
1130 1197 1295 1250 πλάνος,

411 1263 506 1304 ἀλλ’
536 1262 751 1315 ἀντιτάξας
774 1269 833 1323 τῷ
855 1269 1014 1323 φθορεῖ
1029 1270 1112 1308 τῶν
1133 1268 1351 1323 παρθένων

412 1331 459 1372 τὸ
480 1332 650 1388 φρικτὸν
672 1330 777 1383 εἶδος
796 1338 870 1388 τῆς
890 1332 1093 1391 ἇχράντου
1113 1336 1344 1392 παρθένου·

334 1399 385 1441 15
415 1399 541 1454 αὐτῆς
561 1400 640 1457 γὰρ
664 1397 763 1456 εἶχες
787 1402 861 1456 τὴν
880 1402 1042 1457 βοηθὸν
1068 1401 1216 1456 εἰκόνα,

413 1467 478 1510 ὅτε
498 1473 732 1525 προσῆλθες
753 1475 804 1527 τῇ
821 1475 931 1530 βορᾷ
954 1475 1028 1513 τοῦ
1046 1473 1212 1529 θηρίου.

414 1540 605 1586 καθεῖλες
625 1536 770 1590 αὐτόν,
807 1539 855 1580 οὗ
872 1544 1176 1596 κρεμασθεῖσαν
1197 1537 1322 1598 κόρην

414 1606 513 1657 μιάν
531 1604 720 1654 σεσωκώς
729 1638 743 1658 ,
779 1606 885 1649 ἀλλὰ
902 1607 976 1657 τὰς
993 1605 1128 1659 πόλεις
1147 1607 1259 1660 ὅλας.

473 1676 671 1716 Τοιοῦτον
692 1675 765 1716 οὖκ
785 1670 857 1730 ἦν,
892 1675 968 1718 κᾶν
990 1677 1179 1731 γενέσθαι
1201 1695 1264 1728 τις
1284 1679 1389 1734 λέγοι
1400 1711 1414 1729 ,

333 1743 389 1783 20
415 1739 461 1781 τὸ
483 1743 575 1797 πρὶν
598 1743 798 1798 φονευθὲν
819 1748 940 1798 κῆτος
961 1745 1004 1794 ἐξ
1018 1743 1285 1801 “Ηρακλεόυς,

415 1805 502 1849 οἷον
522 1814 717 1852 καθεῖλεν
731 1809 943 1867 εΗρακλῆς
965 1810 987 1853 ὅ
1013 1811 1210 1867 δεσπότης

414 1880 556 1930 κῆτος,
590 1876 806 1934 τύραννον,
841 1879 888 1921 οὗ
909 1880 1009 1933 μίαν
1030 1885 1204 1937 φθεῖρον
1223 1878 1355 1933 πόλιν.

416 1944 511 1985 ἀλλ’
536 1946 741 2004 ἐκθερίζον
757 1948 832 2003 τὴν
847 1950 1050 1991 πολιτείαν
1072 1947 1182 2003 ὅλην.

290 2084 332 2118 11
349 2049 393 2119 τὸο
402 2052 762 2132 προσωπῗςιόργόνος
784 2088 814 2122 Ρ

891 2216 963 2272 ΙΙ.

196 2286 349 2361 Roma,
365 2319 510 2356 diiudica
525 2332 636 2369 aequa
648 2323 746 2359 lance
759 2323 936 2360 iudicium:
961 2337 1049 2372 quae
1062 2329 1116 2361 tot
1130 2326 1310 2362 abundasti
1323 2326 1480 2372 ducibus,
1497 2327 1670 2374 eloquere,

197 2364 253 2398 cui
267 2365 331 2399 tibi
346 2367 484 2401 videtur
497 2370 741 2414 comparandus
756 2371 932 2417 despota?
977 2373 1070 2407 solus
1084 2378 1254 2419 ponatur,
1289 2374 1399 2418 inquit
1411 2402 1422 2418 ‚
1456 2385 1522 2408 non
1539 2375 1673 2409 hahens

196 2411 385 2455 aequalem.
411 2414 471 2458 (5)
494 2413 626 2449 iamiam
643 2416 812 2451 extinctus
827 2422 903 2452 erat
914 2419 1105 2462 tyrannidis
1120 2420 1178 2453 ille
1192 2420 1295 2464 ignis,
1316 2420 1463 2462 Phocus,
1484 2421 1541 2454 ille
1555 2422 1669 2465 turbo,

196 2455 255 2489 illa
269 2458 477 2501 temulentia,
493 2466 686 2495 nostrarum
701 2462 827 2507 primas
841 2464 1069 2499 calamitatum
1086 2466 1224 2510 artifex,
1241 2466 1284 2499 de
1298 2465 1382 2500 visis
1395 2466 1486 2501 inter
1500 2467 1671 2501 somnian-

198 2501 276 2536 dum
292 2504 467 2546 carnifex3
490 2506 547 2551 qui
563 2507 672 2541 nostri
686 2508 859 2552 sanguinis
873 2509 1056 2545 effusiones
1097 2513 1159 2556 10)
1174 2511 1208 2545 in
1224 2522 1287 2546 sua
1301 2513 1442 2546 rebatur
1458 2523 1535 2547 esse
1549 2513 1671 2546 miser-

199 2547 284 2581 rima
298 2553 486 2594 potestate,
509 2552 592 2587 illud
607 2557 721 2588 terrae
736 2558 844 2597 cetos,
865 2555 925 2589 illa
940 2556 1048 2591 facies
1101 2557 1252 2601 orgonis.
1297 2569 1364 2591 non
1383 2561 1420 2591 tu
1435 2558 1529 2592 illum
1544 2558 1671 2592 occidi-

200 2592 268 2635 sti,
297 2600 336 2629 ut
349 2595 394 2629 de
405 2596 535 2632 Perseo
551 2602 604 2632 est
619 2599 756 2644 fabula,
789 2601 848 2634 sed
874 2601 1029 2636 obiecisti
1053 2603 1248 2649 corruptori
1267 2603 1436 2648 virginum
1460 2604 1670 2638 tremendam

201 2638 348 2682 effigiem
362 2641 584 2679 intemeratae
597 2645 754 2689 virginis.
801 2646 883 2691 (15)
907 2647 979 2681 eius
1001 2648 1087 2683 enim
1105 2649 1252 2683 habuisti
1266 2649 1462 2684 adiutricem
1480 2649 1670 2694 imaginem,

201 2685 337 2728 quando
352 2689 530 2723 occurristi
543 2692 727 2726 voracitati
743 2692 897 2726 belluae:
917 2693 1026 2738 ipsum
1042 2695 1196 2729 occidisti
1208 2719 1221 2736 ‚
1245 2705 1356 2740 neque
1371 2706 1556 2742 appensam
1573 2693 1670 2739 puel-

200 2729 268 2764 lam
292 2741 392 2766 unam
415 2736 582 2778 servasti,
617 2737 679 2771 sed
693 2737 851 2772 civitates
867 2739 1053 2774 universas.
1099 2740 1170 2774 tale
1191 2751 1260 2774 non
1283 2741 1367 2783 fuit,
1398 2741 1551 2787 quamvis
1566 2739 1670 2773 fuisse

202 2775 278 2819 quis
292 2776 429 2819 dixerit,
453 2780 533 2825 (20)
550 2787 646 2816 cetos
660 2782 752 2828 quod
767 2783 891 2818 iamdiu
906 2791 1087 2821 mactatum
1104 2785 1170 2820 fuit
1185 2786 1229 2820 ab
1243 2786 1406 2829 Hercule,
1429 2786 1531 2831 quale
1545 2783 1669 2818 occidit

204 2821 374 2858 Hercules
389 2823 535 2871 despota
550 2831 646 2863 cetos
661 2828 695 2862 in
714 2833 872 2874 tyranno,
895 2842 963 2866 non
978 2843 1078 2868 unam
1094 2842 1312 2878 corrumpens
1327 2834 1466 2877 urbem,
1479 2831 1547 2873 ,sed
1563 2835 1668 2865 totam
