1890 3224
541 160 614 203 AD
648 161 1019 207 NICEPHORUM
1051 159 1253 205 NOTAE.
1557 159 1623 207 95

172 271 240 311 ubi
261 269 292 323 »ἤ
307 266 608 325 ἆποκρεόσιμος
625 269 742 324 ἑορτή
761 270 815 313 56
835 253 1085 311 diebus‘ante
1101 270 1250 324 pascha
1271 271 1506 311 celebratur.
1563 278 1626 309 at-

171 341 250 381 que
267 327 376 366 idem
394 327 502 380 apud
515 329 707 366 Albinum
725 329 911 367 Flaccum
930 331 1077 381 legitur
1093 330 1164 367 lib.
1185 329 1234 367 de
1250 330 1405 367 Divinis
1422 327 1500 366 Off.
1518 341 1552 365 c.
1575 328 1626 365 de

171 387 361 437 Septuag.
378 384 442 423 his
460 386 613 424 verbis:
649 385 796 423 Graeci
799 388 1028 436 proximam
1043 386 1349 432 hebdomadam,
1378 386 1424 423 id
1440 392 1498 421 est
1511 398 1627 422 sexa-

167 444 382 493 gesimam,
397 443 651 491 sanctficant
664 455 736 479 suo
752 443 915 489 ieiunio,
934 444 1068 481 clerici
1083 444 1207 481 nostri
1220 450 1379 480 auctore
1396 441 1626 492 Telesphoro

166 512 281 549 papa
300 506 538 550 sequentem,
566 498 613 536 id
631 504 689 535 est
708 500 1096 551 quinquagesimam,
1126 501 1198 551 qui
1221 501 1422 536 constituit
1436 500 1461 538 7
1478 497 1627 535 hebdo-

171 555 385 593 madarum
423 556 615 593 1‘eiunium
651 562 743 592 ante
774 556 942 606 pascha.
1005 558 1115 595 cuius
1143 557 1313 594 instituti
1346 568 1391 593 ea
1421 556 1519 592 ratio
1553 561 1626 592 est.

172 607 315 649 Graeci
348 611 413 649 die
448 611 646 650 dominico
675 619 713 649 et
745 612 906 650 sabbato
932 626 1013 651 non
1042 615 1243 662 ieiunant,
1274 618 1439 663 excepto
1464 611 1626 649 sabbato

172 681 341 719 magno,
372 681 424 705 ex
450 670 690 719 praescripto
720 671 864 706 veteris
891 671 1074 718 canonis,
1103 671 1174 722 qui
1197 675 1255 707 est
1272 670 1375 706 inter
1391 669 1627 719 apostolicos

172 724 252 772 653
292 726 355 762 cui
391 724 555 776 quidem
592 738 687 762 usus
728 724 981 767 occidentalis
1016 727 1204 765 ecclesiae
1237 725 1451 776 derogavit.
1508 726 1629 775 igitur

171 780 509 833 quemadmodum
527 782 570 819 S.
591 783 771 819 Romana
794 783 979 831 ecclesia,
1009 797 1110 836 quae
1129 780 1204 835 τὴν
1219 776 1532 834 τεσσαρακοστήν
1552 782 1627 817 init

173 850 197 874 a
215 836 413 876 dominica
432 851 533 891 quae
550 839 920 890 quinquagesimam
937 842 1134 891 sequitur,
1166 846 1376 892 quaternos
1406 836 1490 875 dies
1513 836 1627 874 adie-

172 895 227 932 cit
258 901 298 932 et
323 901 426 932 retro
454 896 649 932 ieiunium
670 897 868 946 promovit
888 895 940 934 ad
961 897 1102 934 feriam
1125 895 1174 944 4,
1204 909 1326 948 quam
1351 901 1467 945 caput
1488 894 1629 931 ieiunii

172 951 334 989 rituales
360 952 452 988 libri
478 958 630 989 veteres
661 952 883 1002 appellant,
911 959 957 990 ut
977 951 1190 991 Christiani
1210 954 1265 994 40
1287 951 1372 989 dies
1389 949 1534 988 solidos
1553 948 1629 1001 τήν

172 1006 461 1059 νενομισμένην
486 1004 643 1058 α’ποχήν
665 1020 746 1044 11011
771 1007 890 1045 modo
920 1012 1048 1058 κρεῶν
1077 1022 1216 1047 verum
1246 1010 1366 1045 etiam
1394 1007 1471 1044 cibi
1500 1008 1628 1044 omnis

173 1064 404 1112 observent,
434 1070 640 1114 propterea
669 1063 776 1115 quod
803 1076 825 1100 a
850 1063 1046 1102 dominica
1067 1065 1123 1107 40
1143 1064 1195 1102 ad
1217 1065 1425 1102 sabbatum
1449 1070 1630 1100 sanctum

175 1119 260 1157 dies
285 1126 376 1157 sunt
402 1118 480 1167 42,
513 1118 562 1156 de
592 1120 735 1171 quibus
766 1122 791 1160 6
822 1119 1031 1159 dominicis
1066 1116 1319 1172 α’νηστεύτοις
1350 1121 1545 1170 exemptis
1575 1122 1630 1160 36

175 1175 371 1213 duntaxat
388 1173 536 1212 residui
554 1181 646 1212 sunt
673 1174 791 1224 (ideo
809 1179 991 1227 quaterni
1011 1178 1071 1213 illi
1091 1177 1175 1225 dies
1194 1183 1306 1213 extra
1324 1175 1504 1212 ordinem
1519 1188 1630 1212 arro-

175 1231 322 1284 gandi)
335 1261 345 1280 ,
374 1233 430 1268 ita
453 1232 608 1282 graeci,
635 1232 704 1283 qui
724 1231 897 1269 sabbatis
918 1245 1115 1284 peraeque
1137 1245 1183 1269 ac
1201 1231 1408 1269 dominicis
1428 1244 1508 1269 non
1526 1233 1631 1268 ieiu-

175 1295 297 1336 nant,
327 1287 572 1340 proindeque
602 1285 651 1324 de
684 1289 737 1329 36
768 1286 906 1326 diebus
937 1291 962 1329 6
991 1289 1089 1326 alios
1108 1296 1176 1326 aut
1195 1289 1338 1326 saltem
1355 1287 1381 1329 5
1403 1287 1630 1338 decerpunt,

180 1345 233 1385 10
263 1343 346 1382 dies
378 1356 431 1381 ex
463 1341 785 1382 antecedentibus
827 1351 1010 1396 repetunt
1043 1352 1082 1382 et
1111 1347 1324 1383 anteriores
1360 1342 1631 1381 hebdomades

178 1400 277 1439 duas
306 1400 519 1450 adiiciunt,
548 1413 602 1438 ex
631 1401 774 1452 quibus
798 1399 1005 1439 dominicis
1025 1400 1177 1439 duabus
1196 1401 1442 1469 totidemque
1460 1401 1633 1438 sabbatis

179 1459 388 1509 expunctis
409 1458 461 1497 10
481 1464 573 1496 sunt
589 1453 774 1498 ἀπόσιτοι
792 1456 899 1507 dies,
930 1456 1029 1497 adeo
1047 1465 1093 1497 ut
1108 1459 1316 1496 universae
1335 1452 1632 1510 ἆποκρεωσιμοι
1653 1463 1684 1498 P
1706 1462 1752 1498 55

180 1513 265 1552 dies
289 1515 368 1552 sint
390 1513 467 1562 56,
497 1508 680 1564 οἷπόσιτοι
696 1526 789 1552 vero
810 1511 865 1557 40
883 1515 949 1553 vel
967 1514 1036 1556 41.
1093 1528 1146 1552 ex
1169 1513 1232 1553 his
1252 1521 1361 1566 patet
1382 1514 1635 1566 Cpolitanum

177 1571 372 1623 populum
399 1582 479 1607 non
500 1561 555 1610 53
580 1568 664 1607 dies
685 1583 756 1621 pro
775 1569 852 1619 46,
881 1578 926 1609 ut
947 1578 1060 1623 putat
1083 1571 1280 1622 Scaliger,
1311 1569 1382 1609 sed
1400 1583 1471 1622 pro
1497 1570 1550 1611 56
1571 1570 1634 1607 le-

179 1629 328 1678 gitimis
354 1625 407 1668 63
436 1638 458 1662 a
490 1626 672 1663 carnibus
702 1626 950 1665 abstinuisse.
1007 1626 1051 1664 id
1083 1629 1216 1679 ipsum
1246 1634 1284 1664 et
1314 1640 1366 1664 ex
1394 1628 1633 1664 Graecorum

178 1683 385 1733 horologio
407 1680 637 1729 didicimus3
666 1681 818 1734 idque
806 1696 991 1735 insuper,
1023 1682 1261 1721 dominicam
1280 1685 1633 1735 quinquagesimae

179 1740 312 1778 vocari
339 1739 386 1775 ab
415 1738 464 1775 iis
494 1734 568 1789 τὴν
593 1752 788 1788 κνριακην
812 1741 884 1790 τῆς
892 1736 1147 1806 τυροφοὶγου.
1206 1752 1365 1778 causam
1387 1738 1538 1776 addunt
1556 1738 1635 1776 hoc

180 1794 353 1834 scholio:
385 1793 530 1834 εἰδέναι
545 1791 619 1845 χρή
639 1790 701 1834 ὅτι
723 1796 774 1863 τῇ
790 1790 947 1847 τετράδι
968 1795 1036 1835 καὶ
1054 1798 1286 1864 παρασκευῇ
1310 1798 1380 1846 τῆς
1399 1790 1633 1848 τυροφᾶγου

179 1848 276 1905 μετὰ
295 1865 370 1902 την
386 1847 433 1890 θ’
453 1849 639 1900 ἐσθίομεν
656 1847 778 1902 τυρόν
800 1866 866 1890 και
889 1848 950 1891 ωὀἲ
969 1848 1036 1891 διὰ
1053 1849 1146 1899 τούς
1163 1847 1386 1903 Ἰακωβίτας
1402 1851 1469 1890 καὶ
1493 1854 1634 1902 Τετρα

180 1909 314 1955 «idrag,
343 1922 441 1946 κατα
474 1904 546 1946 τόν
576 1903 729 1946 κανόνα
759 1909 832 1946 τοῦ
858 1906 901 1947 ἐν
929 1907 1058 1960 ἁγίοις
1080 1924 1229 1958 πατρος
1248 1907 1365 1960 ἡμῶν
1389 1903 1634 1959 Νικηφόρον

182 1958 653 2011 Κωνσταντινουπόλεως.
693 1964 953 2015 quamobrem
973 1971 1063 2002 ante
1083 1978 1145 2002 ma
1150 1978 1270 2016 gnam
1289 1963 1634 2016 quadragesimam

180 2021 342 2058 mollius
372 2019 582 2088 laxiusque
610 2019 803 2056 ieiunium
821 2027 893 2058 est.
952 2022 1092 2058 iccirco
1116 2020 1356 2059 dominicam
1375 2020 1634 2073 quadragesi—

180 2090 271 2115 mae
290 2082 433 2115 vocant
450 2091 614 2126 πρωτην
628 2090 710 2115 των
728 2080 922 2127 νηστειων
940 2075 1030 2129 ἤτοι
1046 2080 1117 2130 τῆς
1132 2074 1385 2130 ὄρθοδοξίας.
1421 2085 1538 2130 atque
1557 2076 1634 2114 hoc

181 2147 308 2171 unum
333 2132 564 2183 exemplum
593 2133 767 2170 sectariis
790 2146 836 2170 ac
859 2135 932 2184 τῆς
949 2136 1263 2185 τεσσαρακοστῆς
1283 2134 1480 2182 osoribus,
1524 2135 1559 2172 si
1589 2147 1634 2172 os

182 2191 311 2228 ullum
327 2188 536 2237 haberent,
567 2202 658 2226 cum
678 2190 836 2228 silentio
858 2189 1050 2241 pudorem
1068 2193 1243 2228 incutere
1262 2192 1433 2242 potuit.

294 2247 407 2282 Nunc
435 2251 646 2297 antequam
677 2244 728 2283 ad
756 2245 967 2314 Nicephori
995 2248 1235 2284 breviarium
1266 2246 1494 2297 aggrediar,
1536 2246 1635 2284 libet

183 2299 260 2340 hoc
288 2302 375 2339 loco
409 2299 682 2352 chronologica
708 2305 871 2355 synopsi
897 2305 1048 2355 priores
1075 2304 1248 2341 Heraclii
1286 2303 1480 2340 duntaxat
1511 2315 1635 2340 annos

185 2355 542 2409 comprehendere,
584 2358 625 2393 in
651 2359 793 2409 quibus
818 2362 1071 2411 potissimum
1096 2359 1340 2398 illustrandis
1368 2372 1528 2411 operam
1561 2372 1636 2410 po-

185 2416 356 2463 suimus,
387 2420 431 2451 ut
459 2411 644 2450 historica
671 2415 771 2451 serie
794 2424 999 2469 perspecta
1019 2417 1174 2455 facilius
1194 2428 1295 2469 quae
1322 2429 1344 2453 a
1365 2416 1480 2454 nobis
1499 2415 1638 2466 dispu-

183 2470 306 2509 tanda
321 2477 413 2510 sunt
429 2470 552 2508 lector
566 2470 777 2522 intelligat.
