1890 3224
284 171 349 218 62
640 167 992 213 MGEPHORUS
1036 167 1376 214 CPOLITANUS

283 286 379 336 τοὺς
413 285 458 327 δὲ
490 282 638 333 ἄλλους
663 281 738 326 σὺν
767 284 939 338 πληγαῖς
958 282 1025 325 καὶ
1046 281 1194 334 αἰκίαις
1209 285 1395 335 πολλαῖς,
1429 275 1486 325 ὧν
1507 282 1552 326 δὲ
1573 282 1640 326 καὶ
1661 282 1736 334 τὰς

283 354 396 413 ῥῖνας
418 349 614 405 ἕκτεμών,
645 348 879 408 ὖπερορίαις
907 351 1161 409 παρέπεμψε.
1228 351 1391 407 Σέργιος
1419 351 1463 393 δὲ
1490 354 1561 405 τῆς
1590 349 1737 395 favvo&

285 421 486 477 σωτηρίας
520 416 638 474 λόγον
673 418 845 475 αἰτήσας
869 419 970 478 πρὸς
993 419 1063 462 τὸν
1084 421 1255 462 Παῦλον
1275 419 1486 474 ἐκομίσθη.
1554 419 1737 462 ἐντεῦθεν

284 490 336 532 τὰ
357 493 430 543 τῆς
449 486 620 545 ἑσπέρας
640 487 859 545 πράγματα
881 488 922 530 ἓν
941 486 1075 545 εἰρήνῃ
1099 490 1166 530 καὶ
1187 485 1334 547 ἡσυχίᾳ
1353 487 1537 541 κατέστη.

233 574 264 609 Β
422 556 548 599 Μετὰ
576 559 694 599 τοῦτο
726 558 898 599 τίκτεται
925 556 1012 607 υἱὸς
1039 560 1097 614 τῷ
1125 559 1303 610 βασιλεῖ’,
1339 554 1386 598 ὃν
1409 553 1592 608 ὠνόμασε
1619 553 1771 598 Xon-5

285 631 506 669 σταντῖνον.
574 622 902 682 πεντεκαιδεκάτῃ
928 625 972 667 δὲ
994 629 1067 667 τοῦ
1086 622 1323 674 ἐπεισιόντος
1351 625 1478 679 μηνὸς
1497 621 1739 679 Αὐγούστου

284 692 416 737 πάντα
442 690 494 735 τά
520 709 563 734 τε
593 693 734 736 ἱππικὰ
760 695 827 735 καὶ
855 692 1007 747 πλόὶμα
1035 697 1116 736 τῶν
1144 695 1390 749 Σαρακηνῶν
1417 691 1741 748 ἑκστρατεύματα

283 766 357 817 τῆς
382 759 675 816 βασιλευούσης
702 759 958 819 ἀπεχώρουν,
984 763 1171 811 πλείστας
1190 765 1289 811 ναῦς
1309 759 1580 814 ἀποβαλόντες
1599 757 1676 802 ὑπό
1699 775 1742 801 τε

286 829 408 885 ζάλης
428 831 494 872 καὶ
514 829 669 884 ἀνέμων
689 830 837 886 ἀγρίων
860 830 1205 887 καταληφθείσας,
1239 830 1306 871 καὶ
1326 832 1486 871 πολλῶν
1501 828 1575 882 μὲν
1594 829 1650 878 εἷς
1667 827 1743 877 τὰς

284 897 432 953 νήσους
451 897 545 955 ἄχρι
566 900 633 940 καὶ
654 899 708 950 εἰς
727 897 897 955 Κύπρον
917 900 1240 948 σκεδασθεισῶν,
1275 894 1418 954 ἑτέρων
1440 897 1484 939 δὲ
1505 897 1574 938 καὶ
1594 893 1743 938 αὖτάν-
1754 901 1799 937 10

286 969 395 1023 ὅρων
432 970 491 1024 τῷ
525 970 650 1023 βυθῷ
684 968 1008 1023 παραδοθεισῶν.
1069 966 1276 1022 Ἀρτέμιος
1317 966 1362 1006 δὲ
1392 966 1433 1006 ἒν
1469 965 1744 1020 Θεσσαλονίκῃ

284 1034 487 1090 ἓξόριστος
507 1033 562 1076 ὢν
577 1033 698 1076 πάλιν
715 1038 899 1091 πειρᾶται
917 1038 989 1088 τῆς
1006 1035 1213 1087 βασιλείας
1229 1030 1526 1089 ἐπικρατήσειν,
1561 1033 1629 1074 καὶ
1650 1032 1743 1073 ἕπε-

285 1104 406 1158 χείρει
429 1101 566 1143 τοιάδε
588 1100 789 1157 πράττειν.
856 1100 1004 1158 γράφει
1026 1101 1128 1157 πρὸς
1149 1102 1345 1142 Σισίννιον
1364 1101 1571 1155 πατρίκιον
1589 1099 1636 1141 τὸ
1656 1099 1744 1140 ἐπί-

287 1175 386 1224 κλην
399 1168 638 1219 Ῥενὸάκιον,
667 1169 769 1225 πρὸς
788 1172 838 1224 τῇ
858 1172 939 1210 τῶν
957 1166 1206 1224 Βουλγάρων
1226 1168 1482 1224 διατρίβοντα
1495 1165 1612 1226 χώρᾳ
1630 1166 1744 1223 παρὰ

234 1251 265 1286 c
290 1236 488 1292 βασιλέως
517 1240 735 1291 τηνικαῦτα
766 1235 1042 1278 ἀποσταλέντα
1069 1233 1125 1285 ὥς
1153 1234 1203 1277 ἂν
1228 1236 1462 1289 συμμαχίαν
1483 1235 1586 1292 παρ’
1611 1235 1744 1277 αὐτῶν
1755 1239 1798 1276 15

286 1306 391 1348 κατὰ
409 1308 490 1347 τῶν
506 1307 754 1361 Σαρακηνῶν
773 1302 968 1358 λήψοιτο,
1003 1302 1112 1354 ὅπως
1131 1303 1241 1361 αὐτῷ
1261 1303 1312 1346 τὰ
1330 1303 1433 1346 κατὰ
1453 1304 1613 1359 γνώμην
1637 1319 1744 1358 συμ-

286 1372 490 1431 πράξειεν,
527 1373 732 1415 ἀναπείσοι
755 1373 799 1414 δὲ
821 1374 888 1414 καὶ
909 1371 1172 1427 Βουλγάρους
1191 1371 1444 1428 συνεργήσειν
1458 1372 1583 1430 αὐτῷ.
1649 1369 1672 1413 ὅ
1699 1371 1745 1413 δὲ

286 1446 406 1485 τοῦτο
438 1439 644 1495 ὑπέσχετο.
703 1439 859 1498 γράφει
888 1441 934 1483 δὲ
959 1442 1026 1483 καὶ
1049 1439 1151 1498 πρὸς
1171 1439 1353 1495 Νικήταν
1373 1439 1442 1483 τὸν
1461 1438 1680 1496 μάγιστρον
1695 1438 1744 1482 τὸ

289 1511 450 1564 ἐπίκλην
472 1506 709 1564 Ξυλινίτην,
743 1510 785 1551 ἐν
804 1507 1224 1552 Κωνσταντινουπόλει
1244 1507 1497 1565 ὑπάρχοντα,
1531 1507 1588 1550 ἔτι
1611 1508 1656 1550 δὲ
1677 1507 1744 1549 καὶ

287 1578 390 1634 πρὸς
411 1575 552 1631 Ἰσώην
571 1578 779 1633 πατρίκιον
802 1579 870 1619 καὶ
891 1581 965 1619 τοῦ
984 1577 1195 1631 λεγομένου
1214 1581 1427 1630 βασιλικοῦ
1441 1576 1629 1630 Ὀψικίου
1649 1573 1801 1630 ἦγε-20

288 1645 416 1701 μόνα,
451 1646 518 1686 καὶ
555 1643 773 1687 Θεοδόσιον
798 1644 870 1686 τὸν
892 1643 1116 1700 πρώτιστον
1138 1647 1217 1686 τῶν
1235 1647 1455 1698 βασιλικῶν
1475 1644 1743 1700 γραμματέων

291 1713 396 1756 καθ’
433 1711 503 1760 οὓς
538 1713 743 1766 ἐβασίλευε
779 1710 950 1768 χρόνους
982 1709 1214 1767 γενόμενον,
1263 1713 1331 1753 καὶ
1368 1708 1550 1766 Νικήταν
1583 1710 1745 1765 ἐπίκλην

283 1780 493 1838 ’Άνθρακα
515 1779 690 1837 ἄρχοντα
709 1784 872 1834 τειχῶν,
899 1784 1073 1830 παλαιᾶς
1092 1781 1228 1836 φιλίας
1244 1778 1619 1834 ἀναμιμνήσκεσθαι
1628 1808 1642 1830 ,
1676 1771 1745 1820 καὶ

291 1848 476 1904 ἑτοίμους
506 1846 604 1890 εἶναι
636 1849 862 1905 συντρέχειν
890 1847 1001 1906 αὐτῷ
1030 1850 1096 1889 καὶ
1126 1846 1199 1902 τὴν
1218 1846 1334 1890 πόλιν
1357 1846 1583 1904 ἀνοιγνύναι
1602 1848 1668 1889 καὶ
1689 1844 1745 1897 ὥς

289 1956 496 1991 verberibus
518 1958 622 2000 atque
639 1954 839 2000 ignominiis
859 1956 1025 1999 affectos,
1049 1954 1228 1989 nonnullos
1255 1954 1359 1989 etiam
1382 1954 1567 2000 amputatis
1588 1953 1744 1998 naribus,

290 2007 391 2037 extra
419 2002 508 2035 fines
539 2001 679 2047 imperii
708 2001 855 2045 relegat.
903 2001 1048 2045 Sergius
1075 2006 1218 2046 accepta
1247 2001 1318 2035 fide
1346 2000 1390 2034 ad
1412 2000 1555 2035 Paulum
1579 2010 1744 2034 reversus

290 2053 357 2083 est.
402 2047 485 2081 inde
503 2053 647 2093 pacatus
671 2046 708 2080 in
730 2047 922 2081 Occidente
943 2052 1055 2080 status
1077 2057 1192 2081 rerum
1213 2058 1255 2080 ae
1276 2045 1507 2091 tranquillitas
1525 2045 1605 2079 fuit.

380 2094 576 2127 Secundum
608 2093 694 2126 haec
726 2092 930 2138 imperatori
962 2092 1054 2126 filius
1084 2092 1258 2135 nascitur,
1294 2091 1350 2125 cui
1375 2090 1597 2125 Constantini
1619 2100 1744 2124 nomen

145 2155 178 2178 a.
198 2141 266 2178 718
288 2139 466 2185 imposuit.
515 2138 648 2172 decima
670 2138 791 2182 quinta
815 2137 1031 2182 insequentis
1054 2137 1181 2171 mensis
1206 2136 1354 2181 Augusti
1376 2137 1626 2170 Saracenorum
1642 2135 1744 2180 equi-

288 2190 383 2221 tatus
413 2184 522 2218 omnis
545 2189 582 2218 et
602 2183 723 2218 classis
752 2185 794 2217 ab
819 2185 904 2217 urbe
927 2183 1094 2227 discedit,
1127 2182 1263 2216 amissis
1292 2181 1441 2216 navibus
1473 2180 1745 2227 quamplurimis,

290 2242 376 2277 quas
403 2233 592 2275 tempestas
624 2240 664 2263 ac
696 2233 877 2262 ventorum
909 2228 1057 2274 impetus
1088 2227 1287 2262 disiecerat.
1334 2228 1453 2261 harum
1483 2227 1653 2272 quaedam
1680 2237 1747 2272 per

289 2275 420 2310 insulas
441 2275 621 2320 dispersae
643 2274 686 2307 ad
710 2274 865 2318 Cyprum
883 2285 992 2318 usque
1011 2273 1201 2318 dissipatae
1225 2276 1325 2317 sunt,
1347 2273 1436 2307 aliae
1454 2284 1531 2307 cum
1549 2272 1641 2307 omni
1658 2283 1743 2318 sup-

289 2322 462 2368 plemento
494 2321 687 2354 demersae.
731 2318 871 2352 interim
901 2318 1075 2353 Artemius
1097 2318 1369 2353 Thessalonicae
1389 2318 1549 2353 exsulans
1571 2317 1616 2353 de
1638 2328 1743 2352 oecu-

289 2367 404 2412 pando
427 2376 562 2400 rursum
584 2363 731 2409 imperio
754 2373 846 2398 nova
866 2364 1010 2398 consilia
1037 2364 1194 2406 molitur;
1229 2365 1322 2410 quod
1345 2365 1436 2399 hune
1460 2365 1498 2398 in
1518 2365 1654 2398 modum
1680 2375 1744 2408 ag-

289 2423 430 2457 gressus
453 2417 520 2446 est.
566 2410 658 2445 datis
685 2411 729 2444 ad
753 2409 942 2443 sisinnium
961 2410 1147 2456 patricium
1165 2415 1391 2455 cognomento
1408 2409 1645 2444 Rhendaeium
1660 2408 1742 2443 lite-

290 2458 362 2500 ris,
394 2457 455 2502 qui
483 2462 554 2491 tum
586 2457 679 2490 forte
710 2457 801 2501 apud
828 2454 997 2500 Bulgaros
1021 2462 1099 2490 erat
1120 2456 1241 2491 auxilii
1267 2461 1388 2490 contra
1415 2456 1611 2489 Saracenos
1631 2454 1744 2500 impe-

291 2503 408 2537 trandi
431 2514 536 2536 causa
557 2503 601 2536 ab
624 2502 835 2547 imperatore
858 2501 1004 2546 missus,
1036 2501 1118 2536 huic
1140 2502 1249 2546 igitur
1268 2513 1333 2546 per
1353 2500 1473 2535 literas
1495 2501 1619 2534 suadet
1641 2504 1683 2534 ut
1702 2510 1744 2534 se

292 2548 472 2583 conatibus
498 2547 569 2581 suis
594 2547 785 2582 adiutorem
807 2548 1014 2591 praeberet,
1044 2549 1110 2582 sed
1132 2554 1170 2582 et
1185 2547 1353 2591 Bulgaros
1375 2546 1412 2580 in
1435 2545 1571 2580 consilii
1590 2545 1740 2580 societa-

291 2598 362 2629 tem
390 2592 592 2639 pelliceret3
627 2604 716 2637 quae
746 2592 858 2626 omnia
891 2592 942 2626 uti
974 2593 1167 2638 postularat
1200 2593 1370 2627 facturum
1391 2603 1430 2626 se
1455 2603 1533 2626 esse
1556 2590 1742 2637 promittit·

293 2640 414 2674 eadem
432 2639 476 2672 de
499 2649 539 2672 re
566 2639 609 2672 ad
632 2639 791 2674 Nicetam
812 2637 1010 2691 magistrum
1033 2643 1259 2684 cognomento
1283 2637 1474 2681 Xylinitem
1497 2637 1632 2682 Cpolim
1651 2635 1742 2671 seri-

293 2685 366 2729 bit,
402 2695 536 2717 necnon
561 2685 605 2718 ad
634 2686 737 2719 Isoen
757 2688 939 2730 patrimum
961 2683 1177 2729 imperatorii
1197 2683 1368 2728 Obsequii
1389 2683 1620 2729 praefectum,
1644 2687 1682 2716 et
1698 2680 1744 2716 ad

294 2729 529 2764 Theodosium
564 2730 776 2764 notariorum
815 2739 883 2774 quo
917 2729 1112 2775 imperabat
1146 2734 1303 2774 tempore
1337 2728 1571 2774 primicerium
1601 2728 1742 2771 factum,

293 2775 446 2820 itemque
466 2775 510 2810 ad
533 2774 692 2810 Nicetam
719 2779 943 2820 cognomento
966 2775 1175 2810 Anthracem
1196 2785 1369 2809 murorum
1390 2775 1618 2820 praefectum.
1661 2771 1741 2817 qui-

293 2822 360 2855 bus
380 2820 493 2859 literis
511 2831 576 2867 pro
596 2820 711 2856 veteri
732 2820 968 2860 familiaritate
987 2826 1088 2867 rogat
1105 2820 1177 2856 sibi
1196 2825 1236 2857 ut
1256 2826 1389 2855 mature
1409 2819 1565 2855 subsidio
1582 2829 1661 2854 esse
1678 2827 1741 2854 ve-
