1890 3224
593 170 652 213 IN
684 170 911 214 BELLUM
947 169 1250 213 AVARJCUM.
1555 170 1647 215 133

198 284 302 320 Fast.
326 280 352 322 5
381 280 450 322 35.
506 280 641 319 Pisida
662 281 864 320 confirmat
879 282 1116 320 sententiam
1142 281 1367 333 eorum‘qui
1387 279 1567 331 gigantes
1586 278 1649 317 di-

197 345 282 375 ctos
300 344 440 389 putant
457 340 571 389 quasi
586 343 783 392 γηγενεῖςς
822 339 926 391 quod
962 346 1122 390 etymon
1153 338 1345 390 adprobat
1377 335 1560 388 Orpheus
1587 335 1649 374 his

198 395 399 432 versibus:
432 392 505 442 οὓς
518 394 704 435 natamus
720 396 907 449 γίγαντας
926 392 1138 447 ἐπώνυμον
1156 394 1200 435 ἐν
1219 392 1474 447 μακάρεσσιν,
1503 389 1650 434 οὕνεκα

197 453 274 505 γῆς
289 449 470 504 ἐγένοντο
495 450 564 491 καὶ
591 451 756 503 αἵματος
782 447 1004 503 ου’ρανίοιο.
1060 464 1200 489 vocem
1218 445 1650 502 ψευδοσπόρουςβίἰοε

197 507 397 544 mendacii
422 510 632 556 vertimus,
672 521 718 545 eo
745 507 853 560 quod
876 508 1081 545 nonnullis
1111 509 1292 559 gigantes
1321 520 1374 545 ex
1410 505 1649 544 daemonum

198 577 290 601 cum
306 564 539 601 mulieribus
564 565 774 602 concubitu
792 565 916 602 fuisse
932 571 1156 615 procreatos
1168 594 1178 613 ,
1207 572 1366 616 sumpto
1384 577 1438 600 ex
1453 576 1563 601 sacra
1582 561 1650 600 hi-

198 622 317 657 storia
337 627 582 670 argumento,
612 621 762 672 placuit
786 620 982 659 adserere.
1039 634 1180 659 verum
1208 623 1244 659 si
1271 623 1359 674 quis
1386 621 1501 657 malit
1524 622 1650 657 inter-

196 678 342 727 pretari
364 676 578 727 fabulosos
608 684 677 715 aut
706 677 849 729 salsae
876 679 1070 729 originis,
1122 690 1202 715 non
1237 691 1303 716 me
1335 676 1499 715 habebit
1530 689 1649 728 repu-

193 740 396 783 guantem.

306 791 404 831 216.
462 787 553 826 vide
573 803 691 840 supra
714 804 752 828 v.
774 793 841 832 76.

305 847 402 885 217.
460 852 572 896 porta
590 848 820 897 Hospitalis,
852 859 972 898 quam
992 848 1172 884 nominat
1192 845 1340 895 Pisida,
1370 860 1450 884 non
1468 859 1650 885 recense-

193 908 259 938 tur
276 901 320 938 in
350 900 465 952 Cpoli
489 901 635 939 Christ.
670 904 775 940 inter
797 903 905 941 urbis
930 910 1077 954 portas.
1134 905 1349 941 verisimile
1376 903 1532 941 videtur
1559 917 1651 941 eam

195 958 393 996 exstitisse
412 958 478 994 vel
498 959 603 995 inter
619 959 686 996 vel
704 971 828 1010 prope
847 966 993 1010 portas,
1022 971 1126 1011 quae
1142 959 1357 1011 Polyandri
1372 966 1410 997 et
1422 960 1465 998 S.
1481 962 1650 998 Romani

194 1012 322 1050 dictae
349 1021 464 1051 sunt:
502 1026 599 1051 nam
627 1014 850 1053 Chronicon
877 1014 1070 1054 Paschale
1089 1029 1136 1066 p.
1169 1017 1333 1057 719ima
1361 1017 1463 1053 circa
1490 1030 1537 1053 ea
1562 1017 1650 1054 loca

192 1070 380 1108 barbaros
408 1083 499 1108 suas
525 1069 734 1109 machinas
762 1071 949 1110 eduxisse
975 1079 1121 1109 narrat.
1192 1072 1359 1110 fortasse
1389 1074 1509 1110 etiam
1537 1080 1650 1124 porta

192 1128 411 1177 Hospitalis
429 1140 452 1164 a
473 1135 588 1178 porta
607 1127 826 1180 Polyandri
840 1127 943 1166 nihil
962 1127 1106 1176 differt,
1134 1141 1236 1181 quae
1257 1129 1306 1166 ab
1323 1127 1532 1167 hominum
1554 1142 1651 1168 con-

192 1185 434 1220 currentium
456 1183 714 1222 multitudine
732 1181 987 1238 πολύανδρος
1007 1192 1065 1223 est
1089 1186 1302 1237 appellata.

302 1241 399 1281 219.
458 1240 674 1293 μυριαρχία
695 1248 756 1279 est
784 1240 923 1278 decem
950 1242 1124 1278 millium
1143 1242 1403 1292 praefectura.
1459 1242 1593 1294 itaque
1617 1243 1651 1279 si

191 1293 371 1332 Pisidam
399 1295 536 1344 audis,
597 1299 796 1347 octoginta
826 1298 1000 1334 millium
1025 1310 1193 1334 numero
1218 1298 1376 1334 barbari
1398 1296 1528 1335 adorti
1559 1305 1650 1336 sunt

190 1351 362 1401 Cpolim.

303 1410 402 1449 222·
459 1403 615 1456 νόθους
633 1404 813 1463 πύργους
829 1416 943 1448 vocat
959 1407 1164 1447 machinas
1183 1410 1350 1461 ligneas.
1406 1408 1652 1462 Nicephorus

183 1478 232 1514 p.
261 1465 334 1505 12:
363 1458 511 1517 πύργοι
529 1461 574 1504 δὲ
592 1459 700 1516 ἦσαν
719 1461 874 1514 ξύλινοι
891 1465 959 1506 καὶ
979 1468 1144 1518 χελῶναι
1161 1464 1209 1506 τοὶ
1227 1462 1588 1519 κατασκευάσματα.

189 1559 193 1562 .
302 1520 401 1561 225.
457 1527 564 1557 certa
589 1522 665 1558 tibi
684 1535 776 1573 spes
793 1524 896 1561 inest
918 1524 1002 1560 fore
1022 1530 1067 1560 ut
1087 1536 1158 1560 suo
1175 1524 1216 1559 in
1236 1523 1331 1560 orbe
1351 1525 1537 1561 consistat
1559 1537 1650 1562 ma—

189 1589 287 1614 nens
306 1577 477 1625 fortuna,
507 1589 559 1614 ne
579 1591 602 1614 e
621 1578 739 1616 nobis
759 1585 870 1630 terga
886 1586 1026 1617 vertat.
1085 1578 1176 1616 vide
1195 1579 1245 1616 de
1265 1580 1391 1617 ναηὶι.
1412 1581 1518 1617 vitae
1536 1594 1576 1618 ν.
1598 1583 1648 1621 13

186 1640 225 1669 et
237 1646 303 1684 seq
333 1664 343 1674 .

300 1647 398 1730 {27-
456 1687 505 1726 de
530 1688 674 1727 eodem
692 1690 833 1742 Sergio
857 1698 994 1729 orante
1015 1692 1162 1729 similia
1179 1693 1223 1728 in
1242 1692 1440 1729 Hexab'm.
1461 1705 1503 1730 v-
1526 1694 1647 1734 1889.

300 1747 396 1786 231.
453 1743 643 1795 ὑποψίαν
668 1745 825 1785 videtur
845 1747 930 1785 fere
952 1746 1094 1785 eodem
1116 1761 1236 1786 sensu
1251 1760 1442 1800 usurpare
1463 1761 1511 1786 ac
1531 1745 1648 1790 αὖτο-

188 1800 315 1851 ψίαν,
343 1807 388 1838 ut
404 1813 530 1851 supra
551 1815 593 1839 v.
615 1802 684 1844 43.
1347 1808 1350 1810 ’

174 1870 179 1874 ·
299 1858 398 1898 236.
456 1857 593 1895 confer
609 1865 820 1911 sequentes
838 1871 974 1896 versus
991 1872 1082 1896 oum
1098 1859 1240 1896 iambis
1248 1859 1446 1897 Hexak'm.
1471 1861 1590 1902 1902.

298 1912 396 1954 243.
454 1912 762 1967 πετροπομποΰς
782 1914 1013 1964 funditores,
1034 1928 1057 1952 a
1074 1915 1195 1966 πέτρα
1211 1921 1251 1952 et
1271 1915 1427 1967 πέμπω.

299 1966 396 2010 245.
454 1971 611 2008 exitum
637 1972 996 2023 auspicatissimum
1019 1972 1237 2010 obtinuisse
1256 1984 1394 2023 preces
1414 1972 1546 2024 Sergii
1572 1971 1644 2010 de-

186 2031 379 2064 monstrat
395 2033 514 2077 poeta
533 2040 574 2064 v.
597 2029 694 2069 366.

299 2079 395 2124 246.
453 2084 682 2121 Heraclium
709 2086 751 2121 in
773 2083 935 2122 Perside
962 2091 1271 2122 commorantem
1294 2091 1333 2122 et
1360 2097 1451 2122 cum
1472 2083 1646 2123 chosroa

187 2137 442 2177 dimicantem
479 2138 530 2177 de
566 2140 674 2179 bello
704 2141 872 2179 Abarico
909 2154 1045 2178 curam
1076 2143 1315 2193 suscepisse,
1377 2142 1485 2179 solus
1512 2141 1644 2193 prodit

185 2193 333 2235 Pisida.

260 2303 267 2306 ι
299 2250 399 2293 250.
455 2252 692 2291 concordant
711 2252 980 2306 Theophanes
1008 2260 1048 2291 et
1061 2252 1308 2306 Nicephorus
1335 2267 1425 2292 cum
1445 2261 1578 2293 nostro
1600 2257 1642 2292 in

186 2305 353 2345 huiusce
374 2308 474 2345 belli
489 2310 649 2348 Abarici
676 2309 825 2362 epocha
847 2310 1104 2363 designanda.
1163 2324 1301 2349 omnes
1323 2313 1430 2348 enim
1451 2310 1495 2348 id
1515 2313 1643 2350 conti-

186 2365 291 2414 gisse
311 2370 507 2402 testantur
527 2378 630 2404 anno
659 2369 710 2407 16
731 2369 920 2405 Heraclii.
976 2368 1182 2406 Heraclius
1210 2375 1346 2405 autem
1364 2368 1564 2419 profectus
1584 2376 1643 2407 est

184 2421 229 2457 in
245 2421 384 2459 Asiam
405 2434 509 2460 anno
527 2424 684 2474 imperii
703 2425 765 2461 sui
783 2427 848 2472 12,
877 2437 1014 2462 mense
1031 2426 1173 2462 Martio
1189 2423 1407 2462 secundum
1421 2423 1641 2476 Theopha-

184 2489 294 2525 nem,
323 2478 389 2515 vel
406 2479 537 2530 Aprili
556 2478 775 2517 secundum
796 2478 1016 2518 chronicon
1031 2479 1238 2519 Paschale.
1296 2487 1337 2518 at
1357 2481 1517 2523 bellum,
1530 2482 1641 2519 Aba-

186 2533 313 2577 ricum
339 2546 480 2574 mense
497 2536 600 2574 Iulio
629 2536 754 2575 tribus
784 2543 875 2587 post
900 2538 1013 2576 annis
1031 2544 1163 2575 actum
1184 2543 1266 2575 est:
1294 2538 1429 2590 itaque
1447 2539 1482 2576 si
1502 2551 1525 2575 a
1546 2551 1641 2589 pro-

185 2587 358 2628 fectione
376 2593 551 2629 Heraclii
574 2605 627 2630 ex
644 2593 741 2630 urbe
761 2598 919 2644 tempus
938 2601 1140 2645 supputes,
1171 2600 1274 2631 recte
1295 2592 1445 2632 dixisse
1464 2593 1642 2632 Pisidam

186 2644 386 2737 ἰιιέἔειιὶεε,
428 2650 499 2700 qui
526 2661 651 2687 annos
679 2656 759 2688 tres
786 2650 871 2686 iam
890 2651 1077 2702 exegisse
1108 2652 1387 2702 imperatorem
1410 2652 1454 2688 in
1476 2649 1639 2689 Perside

184 2712 207 2736 a
254 2708 369 2741 rmat.

296 2758 392 2800 253.
448 2757 627 2799 hiemem
657 2768 838 2799 urentem
864 2758 1138 2816 ὑπερβολικῶς
1165 2761 1281 2811 dicit,
1336 2769 1382 2800 ut
1414 2761 1467 2799 ad
1499 2773 1640 2799 zonam

185 2824 311 2865 usque
325 2813 504 2853 mediam
521 2818 604 2856 sive
619 2817 830 2866 torridam,
871 2831 991 2870 quam
1018 2833 1070 2857 ex
1098 2820 1223 2856 nimio
1250 2819 1378 2857 calore
1390 2817 1640 2856 inhabitabi-
