1890 3224
605 167 869 212 PERsmAE
894 145 1174 214 ‘Acssoism
1205 167 1261 214 Π.
1572 170 1665 218 101

211 279 281 317 riis
308 278 589 316 celeberrimae
614 286 727 330 sunt,
758 286 798 319 et
825 280 1038 319 Armeniae
1063 287 1103 319 et
1122 280 1284 320 Ciliciae
1303 281 1369 321 vel
1384 279 1524 334 Syriae
1542 281 1667 334 Pylae

210 342 423 384 vocantur,
471 342 515 374 ut
539 337 583 373 in
610 337 804 375 Strabone
830 336 900 375 lib.
933 336 985 378 14
1010 351 1056 388 p.
1087 337 1194 380 994:
1236 338 1282 379 αἰ
1305 334 1430 379 πύλαι
1458 333 1668 391 λεγόμεναι

211 388 326 445 ὅριον
344 392 522 433 Κιλίκων
543 407 586 433 τε
606 392 676 433 καὶ
694 390 857 447 Σύρων.
911 392 1182 446 Theophanes
1203 408 1246 447 p.
1263 394 1346 437 254
1368 394 1418 433 de
1436 407 1548 433 more
1570 407 1667 432 con-

210 449 384 486 sentiens
401 462 491 486 cum
507 449 644 487 Pisida
659 450 735 488 ait:
766 446 922 503 ἆποὲρας
936 448 982 491 δὲ
995 453 1068 503 τῆς
1085 448 1372 504 βασιλευούσης
1385 448 1537 500 πόλεως
1549 450 1667 504 ἐξῆλ-

208 509 288 545 θεν
319 502 420 545 κατὰ
449 503 522 554 τοίς
552 505 764 560 λεγομένας
792 504 950 557 Πύλας,
979 508 1078 548 πλοῖ
1102 507 1178 560 τήν
1196 509 1366 562 πορείαν
1385 505 1665 561 ποιησάμενος.

209 567 250 599 at
266 560 512 613 Nicephorus
528 561 753 614 patriarcha
768 576 791 601 a
810 563 946 602 Pisida
967 570 1006 602 et
1023 562 1275 617 Theophane
1302 563 1511 604 discedens
1536 567 1666 604 Hera-

209 618 332 655 clium
358 631 431 669 per
458 621 633 657 Pontum
659 621 866 658 Euxinum
890 622 1101 672 navigasse
1127 628 1166 659 et
1191 623 1235 659 in
1264 623 1498 660 Armeniam
1521 635 1669 674 prove-

207 680 336 722 ctum,
366 675 464 712 inita
494 689 585 714 cum
614 677 758 715 Turcis
788 678 996 727 societate,
1025 691 1099 729 per
1122 680 1319 717 Lazorum
1346 680 1594 731 provinciam
1621 681 1667 718 in

205 730 412 768 Persidem
446 730 697 772 descendisse
728 741 874 773 narrat.
942 733 1014 772 sed
1040 748 1249 787 perperam
1278 737 1413 774 omnia
1439 737 1666 789 permiscet,

206 794 245 824 et
261 788 432 838 primam
447 801 538 826 culn
557 789 732 828 secunda
748 792 923 828 Heraclii
941 790 1197 842 expeditione
1214 791 1436 831 confundit.
1494 806 1541 830 ac
1559 795 1665 846 op'ti-

204 857 270 880 me
289 843 452 895 quidem
471 847 658 884 Petavius
681 848 905 886 observavit
921 849 965 885 in
982 849 1086 885 notis
1103 849 1163 886 ad
1174 848 1467 899 Nicephorum,
1496 862 1544 887 ea
1562 862 1665 903 quae

205 899 253 936 ab
282 898 477 938 historicis
504 903 735 953 Byzantinis
762 910 991 953 narrantur,
1031 903 1130 943 adeo
1157 918 1243 943 esse
1270 906 1498 957 perturbata
1520 913 1559 944 et
1580 913 1664 944 tam

203 963 454 1007 praepostere
479 956 698 1010 descripta,
728 966 773 997 ut
799 961 1072 998 narrationum
1100 967 1140 998 et
1164 975 1359 1000 annorum
1380 964 1524 1000 seriem
1545 976 1664 1002 accu-

202 1018 286 1048 rate
320 1012 532 1051 deductam
560 1016 706 1053 frustra
735 1017 784 1053 ab
811 1017 892 1054 illis
914 1023 1144 1068 exspectes3
1175 1030 1254 1070 quo
1275 1017 1439 1071 quidem
1456 1020 1555 1058 vitio
1573 1032 1666 1057 ma-

200 1069 312 1106 xime
331 1070 485 1108 laborat
501 1071 751 1109 Breviarium
769 1071 997 1124 Nicephori-

315 1127 383 1166 11.
440 1132 550 1162 tanta
583 1126 784 1162 celeritate
812 1129 980 1177 longum
1002 1129 1081 1164 iter
1109 1129 1281 1165 confecit
1306 1131 1515 1169 Heraclius
1532 1138 1577 1170 ut
1590 1130 1667 1170 he-

200 1179 476 1218 merodromus
493 1194 518 1218 a
535 1180 672 1219 Pisida
690 1182 934 1233 appelletur:
965 1182 1253 1221 hemerodromi
1277 1186 1385 1224 enim
1412 1187 1519 1238 apud
1539 1189 1666 1227 Grae-

200 1249 266 1274 cos
298 1235 415 1285 dicti,
455 1238 526 1288 qui
557 1245 682 1275 totum
707 1239 813 1275 diem
839 1240 1075 1276 cursitantes
1097 1252 1179 1277 non
1206 1241 1491 1292 fatigarentur-⁶,
1526 1246 1595 1283 vel
1621 1253 1666 1283 ut

198 1294 336 1331 Livius
354 1294 426 1330 lib.
447 1294 501 1335 31
529 1292 586 1333 24
615 1293 818 1343 adfirmat,
847 1295 1165 1334 hemerodromus
1184 1304 1331 1335 vocant
1348 1299 1489 1350 ingens
1504 1313 1584 1338 ιιηο
1603 1301 1669 1339 die

198 1350 376 1399 spatium
400 1350 633 1388 emetientes.
691 1350 742 1389 de
763 1352 910 1404 triplici
924 1350 1322 1393 hemerodromorum
1342 1367 1488 1407 genere
1504 1357 1667 1408 Lipsius

196 1412 288 1441 tom.
315 1409 342 1447 2
395 1434 403 1442 .
425 1408 524 1447 800.

311 1419 389 1502 25].)
439 1460 583 1500 alludit
600 1460 652 1500 ad
669 1462 772 1502 illud
786 1465 952 1503 Homeri
968 1465 1093 1504 Iliad.
1115 1469 1144 1508 2
1171 1465 1256 1509 204
1267 1478 1280 1505 τ
1310 1462 1386 1508 mix
1402 1462 1565 1522 ἆγαθόν
1582 1483 1666 1511 πο-

195 1517 454 1571 λυκοιρανίη·
484 1515 542 1567 εἷς
568 1520 761 1573 κοίρανος
790 1520 910 1569 ἔστω,
941 1517 1000 1570 εἷς
1026 1520 1228 1575 βασιλεύς.
1287 1536 1410 1576 quam
1425 1526 1666 1565 sententiam

195 1574 362 1612 laudant
392 1587 532 1613 omnes
563 1574 614 1614 de
642 1577 760 1615 rebus
787 1578 962 1629 politicis
990 1580 1224 1631 scriptores,
1254 1581 1399 1632 quibus
1429 1594 1666 1633 persuasum

195 1638 256 1670 est
292 1629 568 1670 monarchiam
611 1635 752 1672 ceteris
791 1633 1058 1686 regendorum
1096 1636 1339 1688 populorum
1375 1636 1508 1678 modis
1548 1645 1662 1677 ante-

192 1688 351 1726 cellere.

305 1746 375 1786 28.
432 1756 552 1795 saepe
579 1743 726 1783 damna
748 1746 883 1784 intulit
902 1742 1066 1797 ἆταξία,
1097 1760 1200 1800 quae
1220 1755 1280 1787 est
1299 1762 1433 1788 rerum
1451 1750 1505 1788 ab
1524 1751 1663 1790 ordine

193 1800 373 1851 deflexio.
433 1801 661 1838 maximum
702 1804 877 1853 corporis
918 1804 1073 1855 politici
1096 1805 1240 1842 vitium
1266 1804 1414 1844 idcirco
1445 1815 1662 1859 exaggerat

192 1855 353 1905 Pisida,
385 1857 480 1909 quia
510 1856 665 1895 iamdiu
691 1871 737 1896 eo
764 1859 906 1898 morbo
922 1860 1128 1899 laborabat
1142 1862 1377 1911 imperium,
1408 1873 1501 1900 cum
1519 1876 1566 1901 eo
1582 1877 1659 1915 po-

192 1914 289 1951 titus
330 1919 390 1951 est
430 1914 636 1952 Heraclius
649 1943 659 1963 ,
708 1915 779 1967 qui
809 1929 872 1954 res
902 1917 944 1953 in
973 1929 1131 1955 summa
1157 1918 1383 1956 calamitate
1412 1920 1659 1970 constitutas,

191 1975 387 2022 quantum
406 1971 560 2021 potuit,
591 1972 777 2010 restituit.

303 2024 374 2067 42.
433 2026 575 2064 Claud.
594 2028 786 2067 Aelianus
806 2028 850 2066 in
870 2029 1046 2068 Tacticis
1067 2043 1102 2068 c.
1119 2029 1172 2072 51
1195 2037 1334 2068 monet
1351 2026 1414 2072 ’ὅτι
1433 2030 1658 2086 παραγγέλ-

190 2097 294 2136 ματα
315 2080 537 2136 ἡγεμονικοὶ
560 2084 626 2125 δεῖ
640 2080 821 2138 σύντομα
840 2082 966 2136 εἶναι,
997 2083 1081 2127 εἶτα
1100 2082 1155 2139 μὴ
1180 2086 1318 2139 ἔχοντα
1337 2083 1601 2140 α’μφιβολίαν.

299 2137 370 2179 44.
426 2141 566 2178 militis
593 2142 720 2179 otium
745 2143 915 2181 aliorum
949 2156 1036 2181 esse
1064 2144 1272 2195 negotium
1294 2144 1517 2182 innumeris
1541 2144 1658 2183 testi-

188 2195 335 2233 moniis
370 2197 603 2235 confirmant
629 2196 836 2238 historiae.
892 2213 1020 2237 unum
1050 2200 1271 2252 producam
1300 2213 1354 2238 ex
1379 2201 1544 2250 Tacito,
1587 2203 1658 2254 qui

188 2250 239 2289 de
265 2253 504 2291 Pannonicis
528 2255 754 2305 legionibus
781 2258 838 2294 ita
863 2257 1022 2295 scribit:
1051 2258 1346 2295 intermiserant
1363 2257 1481 2295 solita
1498 2259 1654 2295 munia.

188 2315 227 2345 et
247 2305 451 2360 Principio
481 2310 666 2348 lascivire
691 2312 823 2360 miles,
852 2313 1097 2360 discordare,
1118 2315 1291 2366 pessimo
1312 2316 1457 2366 cuique
1466 2314 1659 2365 praebere

186 2378 329 2413 aures;
379 2366 549 2419 denique
582 2367 723 2406 luxum
753 2376 791 2406 et
816 2371 941 2408 otium
976 2384 1117 2422 cupere
1126 2399 1145 2418 ,
1192 2371 1449 2422 disciplinam
1479 2378 1518 2408 et
1539 2385 1659 2409 amm

185 2424 408 2472 aspernari.

298 2477 368 2519 47.
425 2480 600 2518 Heraclii
619 2481 662 2518 in
682 2481 847 2520 militari
869 2481 1080 2536 disciplina
1098 2485 1286 2537 peritiam
1308 2483 1515 2522 confirmat
1534 2483 1656 2523 etiam

186 2531 457 2586 Theophanes
468 2550 517 2587 p.
539 2536 646 2579 254:
675 2534 848 2588 τούτους
875 2537 920 2581 δὲ
946 2539 1162 2594 γυμνάζειν
1188 2538 1339 2595 ἤρξατο
1368 2539 1438 2582 καὶ
1460 2537 1510 2581 τά
1534 2543 1654 2582 πολε-

187 2588 284 2642 μικοὶ
304 2590 398 2645 ἔργα
417 2592 704 2642 ἐξεπαίδευσεν.

297 2650 370 2689 78.
426 2651 731 2702 imperatoribus
757 2664 890 2690 coram
910 2653 1061 2705 populo
1081 2652 1371 2706 prodeuntibus
1391 2653 1648 2691 acclamatio-

184 2714 257 2740 nes
274 2715 433 2755 semper
447 2706 608 2745 fiebant.
665 2706 898 2747 huiusmodi
925 2716 1109 2748 votorum
1125 2710 1487 2763 salutationumque
1504 2721 1647 2747 exem-

183 2760 253 2810 pla
270 2767 429 2799 exstant
444 2763 487 2800 in
507 2761 686 2804 historiis
707 2772 747 2803 et
762 2766 806 2803 in
821 2767 997 2806 nummis
1014 2768 1202 2820 antiquis.
1246 2767 1526 2805 Constantinus
1544 2767 1647 2803 Por-

185 2814 473 2869 PhyTogenitus
502 2819 574 2859 lib.
603 2823 630 2863 2
657 2835 700 2874 p.
727 2821 810 2866 364
837 2823 895 2862 ita
924 2836 948 2861 a
975 2824 1204 2877 proceribus
1235 2824 1499 2863 acclamatum
1520 2822 1646 2861 fuisse
