1890 3224
253 189 349 236 156
549 193 554 197 '
597 190 874 245 QUERCIUS
909 190 969 233 IN
1002 190 1366 235 HERACLIADIS

250 301 468 353 imagines,
499 301 562 338 cui
579 300 637 337 rei
653 307 786 351 aperte
803 298 869 337 hic
890 298 1031 338 alludit
1048 304 1178 352 poeta,
1231 301 1274 338 ui
1291 300 1403 339 testis
1422 300 1542 339 etiam
1559 301 1699 340 citatur

251 371 274 396 a
296 356 543 408 Theophane
554 371 603 407 Ρ.
626 358 730 398 250:
759 351 857 408 ἧκεν
871 353 1098 410 Ἡράκλειος
1113 353 1194 398 ἄπο
1224 359 1412 423 Αφρικῆς
1429 355 1564 407 φέρων
1579 362 1699 398 πλοῖα

250 410 545 465 καστελλώμενα
576 412 713 465 ἔχοντα
744 411 787 453 ἐν
813 416 896 461 τοῖς
922 414 1146 480 καταρτίοις
1175 409 1343 465 κιβώτια
1362 411 1430 454 καὶ
1451 410 1608 460 εἰκόνας
1628 417 1699 466 τῆς

248 467 519 522 θεομητορος,
550 484 650 509 κατα
667 467 776 509 xal‘
754 485 774 509 ο
796 469 981 518 Πισίδιος
1002 466 1200 523 Γεοόργιος
1217 469 1329 522 λέγει.
1386 468 1481 506 hinc
1501 471 1699 521 corrigen-

252 526 325 564 dus
361 525 585 574 Cedrenus,
616 526 686 577 qui
715 539 805 563 cum
831 539 934 578 pene
955 524 1006 563 ad
1023 527 1188 564 verbum
1206 524 1496 578 Theophanem
1512 528 1698 564 transcri-

249 583 339 630 bat,
369 580 436 619 hic
467 583 517 619 ab
547 595 593 620 eo
618 580 824 620 discedens
842 584 898 619 ait
916 584 1144 620 Heraclium
1165 583 1320 635 cpolim
1341 583 1540 634 appulisse
1559 582 1701 631 ἐπιφε-

248 635 419 691 ρόμενον
447 635 522 690 τήν
551 634 854 691 ἀχειροποίητον
871 637 1009 679 εἰκόνα
1029 642 1102 680 τοῦ
1123 641 1263 693 κυρίου
1283 639 1352 680 καὶ
1370 640 1475 680 θεοῦ
1492 637 1610 691 ἡμῶν
1626 633 1701 691 Ἰη-

249 697 326 735 σοῦ
346 696 533 747 Χριστοῦ.
590 693 683 732 vide
702 695 750 732 de
767 695 921 746 Exped.
945 696 968 735 1
1003 694 1096 737 140.

361 762 428 801 17.
484 763 673 811 Perseus,
712 768 757 799 ut
790 769 849 800 est
876 762 918 798 in
945 761 1112 811 fabulis,
1151 760 1359 800 Medusam
1383 763 1607 815 Gorgonem
1633 763 1699 800 in-

245 819 424 866 teremit,
453 819 616 871 eiusque
637 825 754 870 caput
772 819 988 856 abscissum
1006 819 1050 855 in
1066 818 1218 870 Aegide
1239 820 1466 868 couocavit,
1496 821 1605 858 cuius
1625 833 1700 871 ope

246 880 384 924 postea
408 874 709 913 Andromedam
732 888 830 913 saxo
860 887 1076 926 appensam
1096 882 1135 912 et
1154 882 1238 913 ceto
1260 877 1410 913 marino
1429 883 1603 914 monstro
1623 889 1699 914 ex-

246 932 419 980 positam
439 931 635 969 liberavit.
694 931 765 970 sed
788 932 994 969 Heraclius
1013 932 1190 983 aliquam
1207 933 1371 982 virginis
1388 933 1535 970 Mariae
1554 933 1700 983 imagi-

245 999 341 1023 nem
361 989 563 1025 miraculis
582 989 729 1025 claram
741 1018 751 1037 ,
781 994 825 1024 ut
841 986 1019 1035 videtur,
1049 987 1209 1036 habuit,
1242 1001 1320 1039 qua
1335 995 1378 1025 ut
1397 989 1581 1040 Gorgone
1599 991 1698 1026 Per-

245 1055 357 1091 seus,
387 1045 429 1080 in
449 1044 722 1094 praesentibus
744 1045 928 1095 periculis
946 1044 1143 1082 utebatur.
1201 1043 1292 1081 vide
1314 1044 1424 1095 infra
1443 1058 1482 1082 v.
1504 1047 1572 1085 91.

355 1112 423 1150 20.
481 1111 698 1148 Hesionem
734 1110 859 1147 filiam
890 1123 913 1146 a
945 1117 1054 1160 patre
1087 1108 1376 1158 Laomedonte,
1418 1112 1487 1163 qui
1515 1119 1596 1150 erat
1625 1126 1698 1151 rex

243 1166 411 1214 Troiae,
444 1173 527 1204 ceto
552 1168 733 1204 similiter
759 1167 1002 1219 expositam,
1031 1173 1076 1204 ut
1102 1167 1275 1218 Neptuni
1300 1167 1523 1217 placaretur
1547 1169 1626 1216 ira,
1659 1177 1698 1207 et

243 1222 292 1258 ab
325 1224 495 1260 Hercule
525 1221 668 1259 deinde
697 1223 904 1260 liberatam
928 1222 1072 1270 fuisse,
1102 1229 1262 1259 narrant
1279 1221 1516 1274 mythologi.
1572 1198 1698 1262 iidem

242 1278 473 1315 fabulantm
516 1279 730 1316 Herculem
768 1277 1020 1328 indignatum
1049 1277 1157 1330 quod
1187 1280 1544 1328 praestantissimos
1573 1294 1697 1333 equos

243 1333 378 1371 divino
400 1336 551 1372 semine
571 1340 795 1387 procreatos
818 1306 879 1374 obt>
888 1332 1117 1374 huiusmodi
1134 1333 1370 1371 beneficium
1390 1336 1466 1373 sibi
1483 1339 1698 1387 promissos

241 1403 324 1427 11011
343 1390 535 1440 dedisset,
567 1404 702 1442 regem
722 1391 990 1428 obtruncasse.

354 1460 424 1499 27.
480 1455 725 1512 γνωστικοῦς
743 1456 819 1511 ἔχει
837 1453 992 1507 τόνους,
1019 1457 1088 1510 qui
1104 1458 1298 1496 moralem
1313 1471 1474 1498 sensum
1490 1459 1533 1497 in
1549 1460 1697 1501 fabulis

243 1515 411 1565 quaerit.

355 1585 423 1624 30.
480 1585 613 1622 forsan
629 1585 771 1622 melius
791 1580 933 1624 ἄλλων.

355 1651 423 1690 32.
483 1646 541 1690 δι’
563 1649 670 1702 ἡμᾶς
689 1651 839 1689 scilicet
862 1646 1151 1701 σεσωσμένους,
1183 1648 1297 1701 quasi
1322 1647 1468 1687 diceret
1495 1650 1543 1688 ob
1559 1663 1695 1690 serva-

241 1711 301 1741 tos
324 1705 440 1743 cives.
507 1706 635 1744 codex
653 1706 823 1744 habebat
842 1702 963 1758 τύχης
982 1718 1072 1742 (111111
1094 1705 1135 1744 οἰ
1154 1707 1415 1756 superposito.

352 1760 422 1801 34.
479 1759 527 1802 τοὶ
552 1766 625 1804 τοῦ
652 1760 782 1815 δήμου
806 1760 942 1815 θράση
967 1775 1058 1799 cum
1081 1760 1196 1810 dicit',
1227 1769 1359 1812 aperte
1383 1762 1622 1812 factionum,
1651 1764 1696 1800 111

241 1829 340 1867 (]1135
361 1824 442 1855 tota
464 1819 670 1870 Cpolitana
696 1821 831 1856 civitas
857 1825 939 1856 erat
960 1817 1106 1866 divisa,
1135 1819 1279 1855 miram
1299 1819 1552 1856 insolentiam
1570 1818 1706 1857 auda--

240 1875 342 1910 ciam
369 1881 407 1911 et
432 1878 697 1913 temeritatem
721 1874 915 1926 designat.
973 1881 1157 1926 quattuor
1172 1875 1296 1912 fuisse
1312 1876 1355 1911 111
1374 1874 1480 1912 ludis
1499 1876 1704 1914 Circensi-.

240 1927 314 1966 bus
343 1930 558 1980 factiones,
593 1945 646 1969 ex
677 1938 861 1984 quattuor
884 1931 1078 1968 coloribus
1097 1931 1240 1982 quibus
1263 1930 1603 1982 distinguebantur
1622 1945 1696 1983 ap·-

237 1986 430 2036 pellatas,
453 1989 670 2025 prasinam
697 1989 885 2026 Venetam
904 1987 1126 2024 Rus-eatam
1146 1986 1362 2032 Albatam,
1393 1994 1538 2025 norunt
1558 2001 1695 2026 omnes

240 2041 398 2080 eruditi.
457 2043 528 2081 sed
549 2046 736 2082 Prasinae
757 2051 795 2081 et
812 2045 985 2081 Venetae
1004 2044 1255 2094 potissimum
1270 2044 1419 2080 mentio
1438 2043 1481 2080 fit
1500 2043 1605 2094 apud
1626 2043 1693 2081 hi—
1753 2094 1756 2098 ἡ

240 2100 419 2137 storicos.
478 2113 580 2152 quae
609 2108 742 2138 autem
771 2107 996 2152 quantaque
1014 2100 1134 2136 fuerit
1155 2100 1299 2136 civium
1317 2099 1612 2149 Cpolitanorum
1628 2102 1694 2137 in-

241 2156 352 2192 sania
370 2157 412 2193 iu
430 2159 511 2194 suis
529 2158 705 2208 partibus
726 2155 929 2204 fovendis,
961 2162 999 2193 et
1019 2168 1138 2207 quam
1152 2156 1287 2205 gravia
1306 2167 1423 2205 saepe
1442 2154 1535 2193 inde
1556 2163 1694 2194 exorta

241 2209 405 2248 dissidia
432 2219 470 2249 et
494 2214 680 2250 intestina
708 2213 814 2250 bella
845 2225 935 2249 cum
957 2213 1134 2248 maximo
1154 2211 1262 2248 urbis
1280 2211 1534 2250 incommodo
1558 2220 1596 2250 et
1612 2214 1694 2250 im-

239 2275 467 2317 peratorum
485 2269 680 2319 periculo,
713 2267 828 2305 docet
845 2268 1080 2318 Procopius,
1112 2268 1180 2318 qui
1198 2268 1220 2308 1
1253 2269 1304 2309 29
1334 2267 1382 2304 de
1397 2268 1514 2305 Bello
1532 2270 1693 2307 Per-sico

239 2324 552 2362 funestissimam
579 2323 815 2362 seditionem
836 2336 888 2360 ex
907 2324 1125 2361 factionum
1145 2324 1392 2361 contentione
1411 2326 1593 2376 Byzantii
1614 2338 1692 2362 ex-

241 2387 366 2417 ortam
385 2379 588 2429 describit,
621 2387 659 2418 et
679 2381 791 2417 Hist.
811 2379 969 2416 Arcan.
995 2394 1029 2416 e.
1048 2383 1074 2421 7
1097 2379 1312 2417 earundem
1332 2381 1550 2418 factionum
1566 2382 1693 2419 licen-

240 2437 338 2473 tiam
357 2436 513 2474 abunde
529 2443 675 2474 narrat.
733 2449 872 2474 verum
893 2449 970 2488 qua
989 2438 1218 2474 auctoritate
1237 2437 1360 2474 fretus
1379 2438 1548 2474 Rosinus
1563 2437 1692 2474 Anti-

241 2493 382 2542 quitat.
408 2494 527 2531 Rom.
551 2494 576 2534 5
606 2492 631 2534 5
662 2491 840 2530 adfirmet
857 2499 946 2544 post
966 2492 1199 2530 seditionem
1215 2494 1328 2530 illam
1346 2495 1618 2544 Byzantinam,
1647 2495 1690 2531 in

241 2560 320 2599 qua
337 2562 455 2599 supra
470 2551 633 2600 triginta
648 2548 857 2587 hominum
876 2550 987 2586 milia
1012 2549 1205 2587 trucidata
1237 2556 1346 2597 sunt,
1377 2550 1594 2587 factionum
1613 2563 1691 2587 110-

239 2605 349 2642 1111113
369 2605 516 2643 abolita
534 2606 671 2655 fuisse,
687 2607 804 2657 plane
824 2607 973 2644 nescio.
1002 2613 1278 2658 praeterquam
1300 2604 1407 2657 quod
1426 2607 1532 2643 enim
1541 2608 1692 2644 Proco-

239 2662 330 2711 pius
355 2659 399 2698 id
426 2675 506 2699 11011
526 2662 667 2712 tradit,
697 2668 804 2714 patet
826 2675 878 2699 ex
899 2663 1082 2700 omnibus
1102 2662 1354 2713 scriptoribus
1375 2663 1602 2713 Byzantinis
1625 2663 1690 2700 fa-

241 2718 417 2755 ctionum
434 2720 596 2756 nomina
621 2726 659 2756 et
677 2725 889 2770 potestates
909 2719 1044 2757 multis
1064 2725 1154 2770 post
1171 2719 1433 2756 Iustinianum
1447 2719 1691 2770 temporibus

240 2773 487 2823 perdurasse.
529 2788 573 2812 ac
586 2777 727 2814 Veneti
744 2774 907 2828 quidem
931 2782 969 2812 et
989 2776 1143 2813 Prasini
1165 2775 1238 2812 sub
1260 2776 1561 2826 imperatoribus
1572 2777 1688 2812 Mau-

240 2830 332 2868 ricio
354 2837 394 2868 et
410 2829 544 2870 Phoca
564 2845 682 2884 saepe
704 2833 898 2871 tumultus
927 2833 1147 2870 excitarunt
1166 2837 1205 2869 et
1223 2830 1271 2869 de
1290 2845 1420 2870 rerum
1441 2844 1594 2871 summa
1615 2829 1688 2868 de-
1713 2857 1719 2866 2
