1890 3224
758 217 1079 262 PRAEFATIO.
1626 230 1655 260 v

198 321 234 368 αἶ
275 327 462 380 βασιλεῦ,
510 325 766 381 μελαμβαφές
795 329 957 371 πέδιλον
985 328 1130 379 εἴλίξας
1157 324 1265 370 πόδα
1293 324 1450 382 βᾶψαις
1474 324 1652 382 ἕρυθρόν

197 397 409 449 Περσικῶν
437 395 477 444 ἐξ
508 392 699 448 αἱμάτων.
758 410 812 435 ex
840 398 984 450 quibus
1017 399 1193 450 quinque
1211 396 1354 436 iambis
1378 395 1477 436 duos
1494 404 1650 434 tantum

195 476 312 500 suum
341 462 392 500 ad
419 464 626 515 ingenium
647 464 849 503 effinxisse
870 464 1095 503 cedrenum
1112 466 1232 516 plane
1256 463 1428 503 ducebar
1445 463 1499 503 ad
1516 465 1649 515 suspi-

196 529 382 568 candum.
441 545 579 569 verum
607 545 698 569 cum
726 533 974 570 celeberrimi
1009 533 1088 570 sint
1117 539 1156 570 et
1184 533 1364 571 omnium
1388 533 1651 570 recentiorum

196 599 436 636 Graecorum
464 613 531 637 ore
562 601 715 651 vulgati
743 601 804 637 illi
836 598 914 637 duo
940 601 1105 649 senarii,
1134 606 1338 651 praeterea
1356 601 1477 638 etiam
1495 601 1539 637 iu
1560 597 1651 638 cod.

195 667 382 704 Vaticano
407 667 515 708 1126
540 674 579 704 et
601 669 644 705 in
669 668 758 706 aliis
782 667 982 706 codicibus
1008 668 1175 705 seorsim
1193 668 1327 719 scripti
1347 680 1393 706 ac
1408 669 1564 721 repetiti
1585 668 1648 706 le·
1670 679 1706 715 p.
1728 665 1796 702 vn

194 740 359 785 gantur,
399 733 509 787 quod
537 748 591 772 ex
616 737 762 773 nostris
800 734 1120 773 adnotationibus
1148 736 1191 772 in
1216 736 1461 787 Fragmenta
1489 734 1651 774 Pisidae

193 813 234 838 v.
257 803 312 842 20
344 799 526 852 adparet,
555 808 601 840 ut
626 802 760 840 fictam
787 802 981 840 fabellam
1010 801 1115 840 hanc
1145 801 1195 840 de
1220 803 1390 854 Georgio
1411 809 1450 840 et
1467 804 1651 841 Heraclio

193 870 530 906 narratiunculam
549 883 711 923 prorsus
727 871 888 908 reiicere
908 883 990 908 non
1007 868 1217 907 audebam.
1258 883 1391 922 neque
1407 871 1514 908 enim
1529 871 1648 922 iguo-

192 937 330 973 rabam
353 938 542 975 usumin
567 939 659 976 aula
684 939 906 990 Byzantina
936 936 1140 990 quondam
1168 938 1406 987 invaluisse,
1435 945 1482 976 ut
1507 943 1648 990 poetae

192 1016 284 1042 suas
315 1005 630 1045 elucubrationes
658 1019 790 1044 coram
814 1007 911 1058 ipsis
930 1006 1090 1057 regibus
1114 1013 1153 1044 et
1173 1003 1406 1058 patriarchis
1425 1006 1647 1054 recitarent,

192 1085 339 1125 easque
360 1068 588 1126 οἷκροᾶσεις,
618 1075 928 1113 αιιεειιῖίατίοηεε
947 1073 1118 1124 diceres,
1149 1073 1416 1125 appellarent,
1445 1071 1554 1125 quod
1572 1086 1648 1124 po-

190 1140 286 1191 pulo
310 1138 494 1179 audiente
511 1143 669 1194 publice
690 1149 729 1181 et
744 1143 879 1194 palam
895 1143 1133 1193 legerentur.
1162 1148 1304 1180 testem
1320 1139 1517 1178 adhibebo
1527 1141 1652 1178 Paul-

190 1207 278 1244 lum
300 1207 594 1260 Silentiarium,
625 1212 695 1264 qui
717 1224 812 1248 suae
840 1209 890 1248 de
916 1209 1015 1248 aede
1045 1207 1250 1261 Sophiana
1272 1207 1546 1260 descriptionis
1564 1209 1650 1259 pri-

190 1288 301 1312 mam
326 1283 482 1327 partem
506 1279 549 1316 in
577 1280 687 1329 regio
716 1279 864 1330 palatio
890 1291 1024 1316 coram
1049 1278 1268 1315 Iustiniana
1288 1278 1524 1327 imperatore
1541 1305 1552 1324 ,
1582 1290 1649 1314 se-

191 1342 364 1380 cundam
392 1351 526 1382 autem
553 1346 596 1382 in
624 1347 825 1397 episcopio
848 1359 981 1383 coram
1001 1343 1199 1396 Eutychio
1217 1341 1440 1395 patriarcha
1456 1344 1648 1391 recitavit,

191 1417 237 1448 ut
266 1424 319 1448 ex
345 1412 488 1449 iambis
511 1418 551 1448 et
567 1412 694 1449 titulis
715 1415 915 1463 poematio
935 1413 1134 1464 inscriptis
1152 1411 1195 1449 fit
1211 1411 1482 1449 manifestum.
1541 1409 1650 1462 quod

191 1485 326 1515 autem
350 1480 480 1529 magis
511 1477 643 1516 adhuc
665 1478 843 1518 Cedreno
865 1479 987 1518 fidem
1010 1480 1218 1518 conciliare
1239 1478 1444 1527 videatur,
1470 1491 1558 1516 mos
1578 1479 1648 1515 ille

191 1552 252 1584 est
282 1547 381 1584 olim
411 1546 527 1597 cpoli
555 1552 736 1597 receptus
756 1546 806 1584 de
828 1547 1094 1586 acclamandis
1113 1553 1303 1599 perpetuo
1328 1547 1647 1598 imperatoribus,

189 1613 299 1667 quod
325 1627 516 1667 persaepe
547 1615 668 1650 etiam
694 1613 815 1652 fiebat
842 1615 1006 1664 iambis,
1036 1621 1082 1652 ut
1096 1613 1234 1652 videre
1253 1621 1312 1652 est
1330 1615 1374 1651 in
1392 1614 1648 1651 Constantino

188 1680 531 1734 Porphyrogenito
548 1681 596 1718 de
611 1695 826 1719 caerenwn.
849 1682 970 1719 aulae
989 1682 1164 1733 Byzant.
1189 1682 1238 1719 ab
1256 1680 1342 1719 Ioh.
1362 1683 1533 1720 Henrico
1553 1683 1650 1720 Lei-

190 1747 280 1787 chio
301 1757 340 1787 et
358 1747 445 1787 Ioh.
463 1752 549 1787 Iac..
564 1747 726 1787 Reiskio
744 1750 1010 1800 superioribus
1030 1751 1144 1788 annis
1163 1748 1284 1788 edito.
1337 1750 1394 1787 ibi
1410 1751 1519 1787 enim
1533 1764 1579 1806 p.
1597 1751 1646 1790 16

190 1818 338 1868 legitur
366 1815 475 1869 quod
504 1818 742 1867 imperatore
770 1829 918 1866 magna
942 1829 1090 1867 pompa
1116 1815 1356 1868 procedente
1379 1818 1422 1853 iu
1449 1823 1583 1854 sancta
1610 1821 1650 1852 et

190 1897 337 1936 magna
362 1883 562 1921 dominica
583 1881 635 1920 ad
658 1895 768 1921 sacra
791 1882 1013 1920 factionum
1030 1883 1334 1921 acclamationes
1353 1882 1470 1930 fiunt,
1501 1889 1542 1919 et
1566 1883 1649 1920 Ve-

189 1959 306 1990 netae
336 1952 513 1990 notarius
540 1949 674 1999 adest,
693 1938 771 1991 'nai
802 1951 866 1990 δεῖ
892 1947 1018 1991 αὐτόν
1037 1955 1268 2004 περιπατεῖν
1290 1948 1459 1991 ὄπισθεν
1481 1951 1562 1989 τῶν
1584 1949 1649 1989 δε-

191 2023 349 2062 σποτῶν
379 2018 576 2070 πλησίον,
613 2016 683 2058 καὶ
708 2016 836 2072 λέγειν
861 2015 959 2066 τούς
987 2015 1089 2058 κατὰ
1117 2014 1245 2059 τύπον
1270 2014 1461 2069 ἰάμβους,
1502 2014 1648 2053 deinde

190 2086 350 2143 ἄρχεται
367 2085 562 2140 ἰαμβίζειν
579 2083 602 2127 ὁ
615 2087 690 2126 τοῦ
708 2084 854 2139 μέρους
867 2088 947 2126 τῶν
967 2086 1186 2139 Πρασὶνων
1203 2086 1391 2137 μαΐστωρ.
1436 2090 1524 2121 tum
1541 2081 1650 2125 ὅτοῦ

192 2155 338 2210 μέρους
357 2159 440 2196 τῶν
461 2153 639 2195 Βενέτων
659 2155 833 2208 μαΐστωρ
855 2151 1013 2207 ἔρχεται
1031 2153 1248 2206 ἰαμβίζειν,
1288 2151 1414 2190 donec
1439 2149 1464 2192 ὅ
1482 2153 1557 2191 τοῦ
1578 2149 1649 2202 μέ-

176 2214 287 2276 ρους
306 2225 386 2263 τῶν
406 2223 623 2276 Πρασίνων
638 2218 826 2276 νοτᾶριος
850 2219 1006 2275 ἔρχεται
1028 2221 1096 2262 καὶ
1121 2217 1241 2269 αὐτός
1264 2220 1460 2272 ἰαμβίζειν
1479 2217 1554 2266 ἕως
1573 2219 1648 2258 τοῦ

190 2290 310 2344 ἆγίου
337 2289 522 2343 φρέατος.
586 2289 630 2328 id
660 2298 794 2328 autem
820 2292 863 2328 in
891 2290 1076 2328 omnibus
1108 2289 1352 2328 solemnibus
1376 2287 1534 2338 pompis
1559 2284 1646 2322 fieri

190 2359 355 2397 solitum
372 2359 524 2409 passim
544 2357 717 2396 ostendit
736 2357 845 2396 idem
864 2359 1156 2396 Constantinus.
1212 2355 1319 2394 unde
1345 2355 1526 2407 quamvis
1550 2354 1644 2391 satis

189 2432 378 2477 appareat
393 2425 546 2463 iambos
563 2427 633 2478 qui
648 2439 671 2463 a
686 2426 905 2463 factionum
919 2427 1119 2477 magistriS
1135 2425 1419 2472 recitabantur,
1447 2420 1644 2474 hymnum

189 2494 256 2531 vel
273 2494 566 2531 cantiunculam
583 2493 728 2542 fuisse,
759 2506 837 2546 qua
853 2495 933 2545 ipsi
948 2493 1109 2531 alternis
1126 2493 1278 2530 vicibus
1300 2492 1430 2528 fausta
1450 2488 1642 2540 adpreca-

190 2568 325 2599 rentur
353 2563 602 2613 imperatori,
631 2560 758 2599 nihilo
784 2567 920 2598 tamen
942 2563 1076 2599 minus
1099 2559 1194 2598 inde
1212 2560 1255 2597 fit
1271 2559 1515 2611 probabilius
1534 2557 1641 2594 Pisi-

191 2627 285 2665 dam
300 2629 445 2681 iambis
461 2642 484 2666 a
501 2627 679 2667 cedreno
696 2627 868 2667 laudatis
886 2629 1115 2666 Heraclium
1130 2630 1173 2666 in
1189 2640 1334 2679 magno
1351 2626 1502 2676 templo
1521 2636 1639 2662 orau-

190 2703 274 2733 tem
298 2694 348 2733 de
368 2697 582 2748 improviso
604 2699 810 2736 salutasse.

302 2764 449 2802 Verum
475 2766 750 2818 qualecunque
779 2766 830 2803 sit
858 2764 1083 2816 sapientum
1101 2762 1278 2800 virorum
1297 2758 1373 2798 hac
1397 2758 1446 2797 de
1469 2772 1510 2795 re
1531 2754 1639 2793 iudi-

190 2831 319 2881 cium,
347 2829 391 2868 id
410 2843 535 2869 unum
554 2845 607 2870 ex
624 2831 816 2870 hactenus
834 2833 1061 2883 praemissis
1081 2830 1247 2880 colligo,
1276 2827 1476 2874 Pisidam,
1506 2825 1541 2862 si
1558 2837 1639 2862 non
