1890 3224
292 193 386 240 150
631 195 910 248 QUERCIUS
943 196 1004 239 IN
1037 195 1399 241 HERACLIADIS

286 302 411 354 τύπος
434 312 492 344 est
521 312 614 343 nota
643 304 957 357 adprobationis,
999 308 1064 345 vel
1092 306 1198 358 regia
1226 308 1472 359 subscriptio.
1530 306 1621 347 vide
1653 309 1739 345 Du-

288 364 485 414 Cangium
502 364 600 400 Lex.
631 363 703 400 Gr.
729 376 768 401 v.
789 361 927 411 τύπος.

405 434 498 472 102.
557 429 685 468 codex
702 429 873 468 habebat
893 427 1082 479 συνειδώς
1099 444 1189 469 cum
1207 430 1231 474 ὁ
1245 434 1423 484 superius
1444 433 1601 484 scripto,
1632 430 1739 486 quod

289 502 374 526 esse
392 485 642 524 retinendum
660 494 811 524 certum
830 494 902 525 est.

403 554 493 596 104.
551 555 781 592 Heraclium
798 554 850 592 ad
865 556 1008 594 Sanun
1026 555 1172 593 flumen
1189 557 1312 594 fuisse
1329 556 1602 608 vulneratum,
1629 559 1740 597 testis

288 618 347 649 est
367 609 638 663 Theophanes
654 626 702 662 p.
727 610 822 654 263.
878 610 970 650 vide
993 612 1131 650 Pokm.
1160 613 1208 650 de
1226 614 1451 651 Resurrect.
1479 617 1572 657 116.

403 680 498 721 106.
558 679 607 717 de
624 678 771 732 tachyg
773 678 928 749 raphis,
960 675 1038 720 οἷπὸ
1055 694 1126 720 του
1151 680 1208 728 εἷς
1229 677 1348 732 τοῖχος
1369 677 1539 734 γράφειν
1558 695 1581 719 a
1599 683 1740 720 celeri-

287 742 346 773 ter
366 735 571 774 scribendo
592 735 728 785 dictis,
764 738 832 789 qui
855 732 1083 789 ὄξυγραῖφοι
1102 738 1222 774 etiam
1240 736 1382 774 eodem
1399 751 1518 775 sensu
1540 739 1740 776 vocaban-

286 800 369 841 tur,
399 792 594 831 videndus
617 794 935 830 Montfauconius
953 792 1168 844 Palaeogr.
1196 794 1269 831 Gr.
1288 793 1358 830 lib.
1379 796 1400 834 1
1420 808 1454 831 c.
1470 793 1510 835 5.
1567 792 1611 831 hi
1629 801 1740 832 erant

288 850 439 887 scribae
472 864 493 887 e
523 851 767 887 notariorum
789 863 954 887 numero
977 848 1029 886 ad
1046 850 1195 888 litteras
1216 857 1255 887 et
1271 848 1427 888 decreta
1457 851 1738 901 imperatorum

283 907 412 944 veloci
433 907 584 944 calamo
606 905 867 944 exscribenda
886 905 1084 943 destinati.

396 975 491 1016 107.
551 987 641 1011 cum
665 971 830 1028 γραφήν
847 970 978 1014 νόθον
999 972 1116 1022 dicit,
1145 973 1355 1024 intelligit,
1387 974 1546 1025 opinor,
1576 973 1738 1012 ficticios

287 1031 457 1079 colores,
498 1031 640 1082 quibus
667 1031 878 1068 utebantur
903 1031 1053 1068 scribae
1079 1032 1122 1066 in
1148 1030 1260 1077 libris
1290 1030 1523 1079 exarandis,
1553 1029 1739 1068 videlicet

286 1093 550 1124 atramentum
570 1088 747 1139 aliasque
767 1085 998 1124 huiusmodi
1015 1087 1224 1134 mixturas,
1253 1093 1298 1123 ut
1314 1093 1372 1123 est
1393 1087 1436 1122 in
1451 1088 1581 1124 Plinio
1599 1086 1668 1124 lib.
1684 1087 1739 1129 35

279 1158 326 1194 p.
352 1145 448 1185 687-
504 1156 599 1182 nam
616 1142 751 1180 Pisida
770 1149 902 1194 aperte
921 1141 1102 1179 alludens
1125 1141 1176 1179 ad
1192 1143 1464 1192 imperatorias
1481 1143 1738 1194 subscriptio-

282 1213 354 1238 nes
367 1229 377 1248 ,
408 1212 510 1251 quae
539 1200 664 1237 minio
690 1200 891 1236 cinnabari
912 1206 951 1236 et
969 1211 1079 1236 sacro
1101 1205 1286 1235 encausto
1305 1198 1473 1247 fiebant,
1502 1197 1614 1237 hisce
1635 1199 1738 1236 ficti-

283 1257 354 1294 ciis
377 1256 571 1293 coloribus
591 1268 716 1293 unum
736 1256 901 1306 opponit
919 1255 1168 1305 sanguinem,
1200 1266 1277 1306 quo
1299 1255 1487 1292 sincerior
1506 1255 1624 1306 plane
1643 1255 1737 1292 nul-

282 1312 345 1350 lus
370 1313 491 1349 color.

398 1380 494 1421 108.
553 1377 602 1416 de
634 1378 829 1416 coloribus
856 1378 983 1416 rubris
1001 1378 1208 1430 purpureis
1229 1378 1358 1416 aureis
1377 1376 1428 1415 ad
1447 1377 1660 1417 firmandas
1675 1379 1738 1417 le-

285 1450 355 1488 ges
385 1434 566 1473 adhiberi
598 1436 746 1483 solitis,
776 1448 904 1486 nuper
931 1434 1115 1473 laudatus
1146 1435 1465 1473 Montfauconius
1492 1435 1563 1472 lib.
1592 1438 1612 1476 1
1637 1448 1672 1472 c.
1700 1438 1738 1475 1.

284 1495 354 1545 qui
369 1493 518 1530 colores
540 1498 650 1529 erant
669 1493 710 1528 in
733 1490 840 1528 hunc
856 1504 975 1529 usmn
994 1491 1298 1543 imperatoribus
1319 1493 1520 1529 reservati.
1565 1504 1611 1528 ac
1629 1497 1738 1529 tanta

283 1556 367 1587 erat
401 1561 493 1600 erga
521 1546 683 1586 eosdem
709 1549 966 1599 imperatores
997 1549 1064 1585 vel
1090 1549 1131 1585 111
1155 1548 1272 1585 rebus
1293 1549 1468 1585 minimis
1489 1548 1636 1586 civium
1653 1550 1738 1600 By-

282 1606 530 1642 zantinorum
549 1605 780 1652 reverentia,
804 1612 849 1641 ut
871 1603 1033 1656 quidam
1053 1610 1155 1641 esset
1175 1604 1236 1640 vir
1251 1603 1395 1640 nobilis
1417 1605 1486 1655 qui
1504 1605 1737 1651 caniclium,

280 1660 358 1699 hoc
378 1668 437 1699 est
457 1661 691 1699 vasculum‘
680 1674 722 1697 111
746 1673 824 1712 quo
844 1673 1001 1699 sacrum
1022 1666 1251 1697 encaustum
1276 1660 1569 1710 continebatur,
1599 1659 1737 1699 adser-

282 1725 413 1767 varet,
444 1719 590 1770 quique
610 1715 635 1756 ὁ
655 1716 899 1766 κανίκλειος,
940 1716 1110 1753 οαηίοἰεί
1124 1715 1356 1767 praejectus
1377 1714 1584 1754 diceretur.

397 1775 490 1815 110.
548 1768 839 1824 παραλλήλους,
866 1771 910 1810 id
928 1779 986 1811 est
1005 1773 1135 1825 βίους,
1161 1773 1266 1810 vitas
1278 1771 1504 1822 parallelas
1518 1771 1735 1823 Plutarchi,

282 1843 381 1882 opus
399 1831 518 1882 plane
538 1829 770 1881 pretiosum.

397 1888 491 1927 113.
550 1886 780 1922 Heraclium
818 1885 1001 1922 omnibus
1035 1885 1143 1923 bello
1184 1885 1299 1922 claris
1337 1883 1503 1923 ducibus
1541 1885 1737 1923 anteferre

282 1941 447 1982 studens
468 1936 729 1979 Plutarchum
747 1941 970 1989 insimulat,
1001 1940 1109 1994 quod
1127 1943 1169 1979 in
1188 1940 1394 1980 scribenda
1412 1943 1493 1980 vita
1514 1940 1737 1980 Alexandri

281 2000 419 2038 virtuti
455 2000 539 2036 eius
566 1999 804 2050 plurimum,
834 1998 1015 2035 fortunae
1039 2011 1180 2050 parum
1206 1998 1400 2035 tribuerit.
1458 2004 1615 2035 exstant
1632 1998 1736 2035 inter

283 2054 475 2107 opuscula
502 2056 672 2098 maximi
700 2053 820 2092 huius
849 2055 1048 2105 scriptoris
1073 2055 1255 2122 ²:geminae
1278 2055 1472 2091 orationes
1493 2054 1565 2091 sub
1585 2052 1662 2091 hoc
1679 2055 1734 2091 ti-

283 2113 368 2149 tulo
391 2111 483 2163 περὶ
504 2114 586 2177 τῆς.
591 2107 852 2160 Ἀλεξάνδρου
871 2108 991 2162 τύχης
1012 2108 1042 2162 ἢ
1061 2106 1223 2163 α’ρετῆς,
1253 2122 1350 2162 quas
1375 2110 1519 2161 legisse
1541 2123 1633 2147 eum
1652 2122 1733 2148 non

280 2169 500 2220 poenitebit
519 2168 589 2219 qui
607 2168 705 2204 velit
720 2179 882 2204 noscere
905 2179 1026 2219 quam
1044 2167 1248 2218 ingeniose
1267 2167 1438 2204 Graecus
1454 2164 1574 2204 homo
1594 2167 1734 2204 Graeci

279 2226 470 2276 principis
491 2222 630 2261 laudes
648 2230 922 2275 prosequatur.

397 2283 492 2322 116.
549 2292 675 2330 pauca
703 2292 756 2316 ex
782 2278 956 2316 secunda
980 2278 1163 2317 Oratione
1190 2276 1393 2316 Plutarchi
1417 2285 1509 2322 tom.
1531 2281 1558 2320 2
1579 2293 1627 2329 p.
1651 2277 1734 2321 340

280 2337 342 2374 ecl
364 2336 540 2373 Londin.
562 2349 602 2372 α.
625 2337 731 2377 1729
748 2335 866 2372 liceat
882 2334 933 2372 ad
948 2348 1033 2372 rem
1049 2342 1225 2374 nostram
1240 2335 1429 2386 proferre.
1481 2330 1733 2405 Ἀλεξάνδρα)

280 2393 320 2433 τί
350 2388 449 2446 παρ’
480 2387 620 2442 (ἰξίαν,
649 2392 687 2431 τί
719 2387 929 2444 α’νιδρωτί,
958 2391 998 2431 τί
1024 2388 1242 2444 ἀναιμωτί,
1271 2391 1310 2432 τί
1328 2394 1494 2460 προῖκα,
1523 2391 1563 2430 τί
1580 2406 1634 2442 μη
1653 2406 1731 2431 πο-

281 2444 450 2500 νήσαντι
480 2461 560 2488 των
592 2444 791 2500 μεγάλωνς
834 2476 916 2485 .....
945 2451 1028 2488 ποῦ
1056 2446 1104 2488 σύ
1136 2447 1204 2488 καὶ
1232 2443 1320 2488 τότε
1346 2452 1432 2495 ταῖς
1460 2443 1730 2518 Ἀλεξάνδρου

281 2501 471 2554 πραξεσιν
491 2501 586 2545 ὁδον
606 2503 776 2553 ἕδωκαςς
804 2504 927 2545 ποίαν
950 2501 1144 2557 πέτραν’
1118 2503 1312 2557 αναιμωτὶ
1335 2501 1401 2544 διὰ
1420 2501 1464 2543 σὲ
1482 2499 1581 2553 εἷλες
1609 2505 1731 2543 ποίαν

280 2556 402 2601 πόλιν
428 2556 686 2613 αφρούρητον
715 2556 825 2615 αὐτῷ
855 2560 1087 2630 παρέδωκας
1120 2558 1151 2614 ἢ
1174 2561 1298 2601 ποίαν
1326 2557 1502 2600 ἄνοπλον
1529 2555 1730 2626 φάλαγγας

277 2616 338 2664 τίς
365 2615 513 2684 εὑρέθη
547 2614 732 2668 βασιλεῦς
761 2613 947 2669 ραθυμος
974 2614 1001 2669 ἢ
1032 2615 1242 2687 στρατηγὸς
1269 2612 1461 2685 ἆμελής”
1432 2632 1458 2667 η
1483 2629 1731 2684 κοιμωμενος

277 2670 485 2742 πυλωρός,·
514 2669 608 2713 ἀλλ’
629 2669 725 2714 ου’δὲ
743 2671 909 2726 εὔβατος
928 2669 1125 2726 ποταμός,
1152 2670 1247 2714 ουδὲ
1264 2687 1411 2726 χειμων
1429 2671 1606 2725 μέτριος,
1637 2667 1730 2712 ουδὲ

278 2727 401 2781 θέρος
416 2726 584 2770 αλυπον

396 2788 489 2827 118.
548 2784 676 2823 codex
696 2782 860 2824 habet’
837 2801 858 2827 ο
883 2787 1174 2838 superpositum
1191 2786 1279 2824 voci
1308 2799 1372 2833 ως.
1430 2782 1500 2823 sed
1524 2783 1655 2831 nulla,
1684 2787 1728 2818 ut

280 2840 457 2891 videtur,
487 2843 585 2880 ratio
605 2841 875 2881 immutandae
894 2843 1089 2881 lectionis.
