1838 3210
264 188 302 233 ⁴1
311 186 341 232 6
749 187 909 232 PAULI
929 187 1259 233 SILENTIARII

408 307 517 343 κεῖ-’να
535 300 622 355 μέν,
658 295 691 344 ὦ
711 305 955 356 σκηπτοῦχε,
988 300 1196 358 μεμηλότα
1214 301 1365 345 τέκτονι
1387 303 1501 360 τέχνῃ

410 371 614 424 λείψομεν,
650 368 886 423 εὖκαμάτων
909 370 954 413 δὲ
969 375 1069 413 τεῶν
1089 372 1153 414 ἐπὶ
1171 371 1353 429 τέρματα
1371 370 1543 427 μόχθων
1657 375 1724 413 150

404 439 559 490 ἵξομαι,
595 437 866 495 ἅρτιτέλεστον
887 438 985 482 {Mne
1005 439 1147 493 σέβας,
1183 433 1217 498 ᾧ
1238 438 1301 481 ἴπι
1321 437 1453 496 πάσης

291 505 373 548 285
411 509 525 556 θεῖος
546 504 647 563 ἔρως
666 505 829 557 ἀκτῖνας
848 505 1101 563 ἄνεπτοίησεν
1122 508 1299 563 ὀπωπῆς.

407 578 488 623 πᾶς
503 573 655 630 βροτὸς
672 572 960 632 ἀγλαόμορφον
979 577 1020 625 ἐς
1036 574 1206 632 οὐρανὸν
1225 575 1340 630 ὄμμα
1354 573 1555 628 τανύσσας

410 640 484 683 οὔκ
504 642 642 697 ἓπιὸὴν
659 643 843 698 τέτληκεν
866 642 1194 700 ἀναγναμφθέντι
1215 642 1405 703 τραχήλῳ

411 707 573 752 κύκλιον
595 710 888 768 ἀστροχίτωνος
907 713 1004 753 ἰδεῖν
1022 713 1198 765 λειμῶνα
1212 714 1387 769 χορείης,
1645 718 1722 754 -155

412 776 517 819 ἀλλὰ
540 779 608 820 καὶ
628 780 670 829 ἐς
681 776 912 834 χλοάουσαν
928 776 1129 835 ἀπήγαγεν
1150 778 1264 834 ι’)’μμα
1284 777 1476 835 κολώνην,

293 849 376 890 290
410 847 478 888 καὶ
499 844 592 903 ῥόον
612 844 880 901 ἀνθεμόεντος
900 848 996 889 ἲδεΐν
1018 845 1218 902 ἐπόθησεν
1238 845 1416 904 ἀναύρου

412 916 480 956 καὶ
501 912 653 968 στάχυν
673 912 860 969 ἡβώοντα
879 916 945 957 καὶ
964 914 1173 972 εὖδένδρου
1196 916 1345 966 σκέπας
1359 915 1458 971 ὕλης

412 980 525 1024 πώεά
545 999 587 1024 τε
608 984 824 1040 σκαίροντα
843 985 910 1026 καὶ
930 983 1191 1041 ἀμφιέλικτον
1213 985 1362 1039 ἐλαίην,

411 1049 590 1104 ἄμπελον
610 1050 867 1098 εὖθαλέεσσιν
888 1053 1180 1094 ἓπικλινθεῖσαν
1202 1050 1408 1110 ὃράμνοις,
1660 1062 1726 1097 160

411 1120 478 1160 καὶ
492 1123 682 1176 χαροποῦ
701 1123 931 1176 γλαυκῶπιν
953 1118 1052 1177 ὑπὲρ
1072 1119 1230 1164 πόντοιο
1253 1118 1428 1176 γαλήνην

292 1187 375 1230 295
409 1188 642 1243 ξαινομένην
661 1191 871 1245 πλωτῆρος
889 1186 1178 1245 ἆλιβρέκτοισιν
1197 1190 1389 1246 ἐρετμοῖς.

411 1257 445 1297 εἲ
464 1255 510 1298 δέ
524 1273 585 1306 τις
607 1257 648 1298 ἓν
666 1257 868 1311 τεμένεσσι
885 1257 1095 1300 θεουὸέσιν
1116 1257 1223 1312 ἴχνος
1243 1258 1395 1315 ἓρείσει,

411 1323 484 1365 οὐκ
504 1324 635 1367 ἐθέλει
655 1326 895 1382 παλίνορσον
916 1324 1024 1382 ἄγειν
1041 1323 1163 1378 πόδα,
1193 1325 1451 1381 θελγομένοις
1465 1323 1510 1366 δὲ
1575 1345 1578 1347 ’

409 1390 586 1446 ὄμμασιν
605 1392 708 1435 ἔνθα
726 1395 793 1435 καὶ
814 1392 918 1437 ἔνθα
935 1392 1216 1451 πολύστροφον
1234 1390 1568 1447 αὐχένα-πάλλει·
1659 1391 1726 1430 165

407 1464 489 1510 πᾶς
509 1458 870 1517 κόροςεῦπήληκος
897 1460 1090 1516 ἐλήλαται
1111 1461 1277 1504 ἔκτοθεν
1298 1461 1426 1503 οἴκου.

290 1528 374 1569 300
407 1533 516 1570 τοῖον
538 1527 830 1585 ἅειφρούρητος
849 1529 1038 1584 ἀμεμφέα
1057 1529 1153 1582 νηὸν
1170 1529 1308 1584 ἐγείρει

408 1596 593 1652 κοίρανος
613 1594 836 1638 ἀθανάτοιο
855 1598 957 1637 θεοῦ
975 1592 1248 1651 χραισμήτορι
1268 1597 1414 1651 βουλῇ.

409 1669 496 1713 σοῖς
510 1661 610 1720 γάρ,
638 1662 761 1714 ἅναξ,
795 1660 1033 1717 καμάτοισιν
1055 1663 1237 1720 ἕφέλκεαι
1256 1664 1373 1704 ἵλαον
1395 1658 1493 1704 εἶναι

409 1731 591 1788 Χριστὸν
612 1728 892 1788 ὕπερκῦδαντα
914 1731 1143 1787 διαμπερές.
1187 1730 1234 1772 οὗ
1256 1731 1334 1787 γὰρ
1358 1730 1508 1787 ἐρεῖσαι
1662 1734 1729 1769 170

402 1797 559 1842 ’Όσσαν
581 1797 817 1856 ἐρικνήμιδα
839 1799 933 1842 κατ’
966 1797 1202 1852 Οὐλύμποιο
1224 1795 1408 1855 καρήνων

294 1867 379 1910 305
412 1866 570 1920 ἤθελες,
598 1867 834 1922 σῦκ’Όσσης
853 1865 954 1925 ὑπὲρ
975 1866 1123 1922 αὐχένα
1133 1864 1290 1921 Πήλιον
1310 1865 1457 1917 ἕλκειν,

361 1996 430 2031 298
452 1994 603 2031 πάλλειν
625 1995 748 2033 codex.

277 2107 447 2155 principis
473 2108 712 2154 prudentiae?
756 2109 820 2145 sed
836 2108 904 2152 his,
925 2120 946 2143 o
965 2108 1140 2155 princeps,
1162 2119 1253 2154 quae
1278 2112 1355 2144 arte
1377 2108 1649 2144 architectonica
1662 2113 1725 2146 'ac-

278 2158 399 2189 curata
421 2159 519 2198 sunt,
548 2154 702 2199 relictis,
735 2154 837 2199 (150)
861 2155 906 2189 ad
929 2154 1180 2189 laboriosorum
1211 2166 1354 2200 operum
1380 2160 1516 2189 tuorum
1543 2156 1727 2191 terminum

276 2199 436 2244 veniam,
470 2200 664 2234 confectum
695 2211 807 2246 nuper
837 2200 1036 2234 miraculum
1057 2201 1218 2245 intuens,
1253 2212 1360 2246 super
1381 2212 1449 2246 quo
1471 2200 1610 2236 divinus
1631 2213 1728 2236 amor

275 2245 453 2280 oculorum
476 2245 625 2280 omnium
643 2245 762 2280 radios
788 2246 971 2280 exterruit.
1017 2246 1173 2291 quisquis
1197 2246 1235 2280 in
1257 2245 1386 2281 caelum
1404 2246 1588 2292 splendens
1610 2246 1727 2281 oculos

275 2290 428 2335 sustulit,
453 2302 522 2324 non
544 2291 613 2325 iam
634 2294 754 2336 potest
772 2292 872 2336 (155)
891 2292 1075 2327 rotundum
1093 2292 1242 2327 choreae
1261 2292 1365 2327 astris
1388 2292 1573 2327 distinctae
1590 2296 1727 2338 pratum

274 2337 407 2372 inflexa
429 2337 568 2371 cervice
589 2337 741 2381 intueri,
772 2338 835 2371 sed
857 2342 895 2372 et
918 2338 956 2371 in
977 2337 1148 2373 virentem
1174 2337 1295 2372 collem
1326 2337 1443 2372 oculos
1476 2338 1594 2373 statim
1617 2337 1727 2372 defle-

275 2382 362 2426 ctit,
396 2386 430 2416 et
460 2382 579 2417 floridi
606 2382 773 2418 torrentis
797 2383 894 2428 cupit
915 2383 1036 2418 videre
1058 2383 1177 2417 latices
1201 2388 1307 2429 atque
1328 2385 1573 2428 pubescentem
1595 2383 1728 2429 spicam

265 2432 314 2462 et
331 2427 486 2462 consitae
507 2428 689 2463 arboribus
712 2428 823 2463 silvae
845 2440 1010 2474 opacum,
1042 2440 1171 2475 pecora
1193 2429 1297 2464 etiam
1315 2428 1504 2464 saltitantia
1525 2433 1563 2464 et
1580 2429 1728 2464 circum-

274 2473 462 2509 volubilem
487 2473 623 2519 olivam,
653 2474 755 2518 (160)
778 2474 886 2509 vitem
903 2474 1075 2510 viridibus
1093 2474 1247 2509 innixam
1269 2474 1387 2519 ramis,
1410 2474 1672 2520 caeruleamque
1689 2474 1729 2509 in

275 2519 364 2553 mari
386 2519 668 2564 tranquillitatem
699 2523 826 2554 nautae
854 2519 958 2555 remis
987 2520 1145 2555 humidis'
1167 2531 1380 2567 percussam.
1427 2520 1459 2555 si
1482 2521 1560 2566 quis
1582 2531 1667 2555 vero
1690 2520 1730 2554 in

277 2564 434 2599 divinum
466 2565 532 2600 hoc
561 2565 724 2611 templum
754 2567 876 2612 pedem
902 2565 1050 2611 inferat,
1085 2578 1130 2601 ex
1158 2578 1201 2600 eo
1231 2567 1399 2600 recedere
1426 2565 1570 2612 amplius
1592 2565 1729 2601 renuit=

279 2611 380 2655 (165)
406 2612 468 2645 sed
491 2612 558 2645 huc
589 2615 626 2645 et
653 2611 755 2654 illuc,
789 2612 897 2646 oculis
918 2611 1122 2656 oblectatus,
1156 2617 1262 2657 caput
1291 2611 1421 2646 attollit
1450 2616 1486 2646 et
1516 2611 1728 2646 circumfert.

280 2656 391 2690 omnis
415 2661 513 2692 extra
537 2657 657 2691 aedem
676 2658 817 2702 egregie
836 2657 1050 2701 fastigiatam
1071 2657 1212 2702 pellitur
1232 2657 1391 2692 satietas.
1423 2657 1474 2691 sic
1492 2668 1626 2704 nempe,
1650 2656 1730 2703 opi-

280 2702 412 2737 tulante
434 2703 492 2738 dei
514 2702 716 2737 immortalis
740 2703 904 2747 consilio,
925 2702 1060 2737 illustre
1078 2703 1241 2749 templum
1261 2702 1393 2737 excitat
1413 2703 1613 2756 imperator.
1658 2701 1729 2736 tuis

280 2748 428 2793 quippe,
453 2761 474 2783 o
493 2748 655 2793 princeps
667 2775 677 2794 ,
702 2748 878 2784 laboribus
896 2748 1179 2792 adscribendum,
1215 2749 1307 2794 quod
1324 2748 1361 2782 in
1383 2750 1539 2783 omnibus
1556 2746 1728 2794 propitius

279 2793 328 2828 sit
352 2795 451 2838 (170)
479 2794 650 2839 gloriosus
679 2794 854 2829 Christus.
900 2805 1012 2848 neque
1041 2794 1132 2828 enim
1159 2794 1302 2839 Olympi
1335 2794 1527 2829 verticibus
1559 2792 1729 2827 excelsam

282 2839 409 2876 Ossam
425 2844 486 2877 aut
503 2841 619 2876 Ossae
639 2840 875 2877 cacuminibus
897 2840 1020 2876 Pehon
1038 2839 1217 2887 imponere
1239 2851 1423 2887 aggressus
1446 2851 1503 2887 es,
1526 2838 1642 2876 aerem
1662 2837 1728 2873 lm-
