1838 3210
183 211 278 261 134
753 213 831 256 DU
867 211 1053 256 CANGII

181 326 362 365 conicum
388 324 507 375 igitur
530 320 628 360 haec
648 319 841 360 conchula
861 323 1058 375 appellata
1079 328 1149 369 est,
1180 320 1286 374 quod
1306 329 1408 360 esset
1430 320 1627 374 quodam-

180 381 300 419 modo
320 379 522 432 appendix
541 380 701 416 maioris
724 378 916 417 diaconici
941 393 1010 417 seu
1028 380 1248 427 secretarii,
1279 380 1320 415 iu
1341 391 1417 430 quo
1441 386 1478 415 et
1498 379 1627 415 eccle-⁴

181 439 360 476 siasticae
378 444 508 474 vestes
527 442 566 472 et
586 448 707 484 sacra,
737 437 795 472 uti
815 437 1064 488 appellantur
1082 436 1241 486 passim,
1263 436 1478 472 ministeria
1499 449 1628 473 asser-

182 495 394 540 vabantur,
440 505 492 529 ex
519 504 596 543 quo
617 505 717 544 quae
738 491 789 529 ad
810 506 961 530 sacram
981 493 1183 542 liturgiam
1203 490 1467 542 peragendam
1486 505 1629 529 neces-

183 552 284 588 saria
305 556 413 586 erant
433 549 715 599 promebantur
733 551 828 586 etin
845 548 947 586 hanc
969 547 1203 586 conchulam
1218 547 1505 594 deferebantur,
1526 560 1627 599 quae

181 605 275 643 inde
295 605 542 642 diaconicum
564 606 760 656 appellata
780 612 851 643 est.
908 618 1002 642 nam
1030 606 1073 641 in
1099 611 1227 641 vestes
1253 617 1382 641 sacras
1412 603 1628 641 induebant

183 669 222 699 et
242 660 423 699 sacerdos
448 674 556 698 sacra
573 662 747 699 facturus
771 669 809 699 et
832 661 986 699 diaconi
1004 662 1065 697 illi
1081 662 1350 697 ministraturi.
1408 659 1514 697 uude
1538 673 1628 697 cum

182 716 479 769 sceuophylacii
508 719 775 769 appellatione
801 716 1011 756 donaretur
1033 716 1196 768 perinde
1222 718 1349 754 maius
1370 714 1627 765 diaconicum,

178 774 271 812 inde
293 776 411 811 etiam
431 773 679 811 diaconicum
696 776 826 812 minus
846 788 917 812 seu
938 773 1130 811 conchula
1152 772 1343 810 diaconici
1364 772 1630 825 sceuophyla-

180 833 287 868 cium
303 829 503 868 interdum
521 838 704 879 vocatur,
735 830 834 868 adeo
860 838 904 867 ut
934 843 1034 882 quae
1061 831 1102 866 in
1134 830 1302 879 liturgiis
1323 829 1365 867 S.
1384 831 1507 866 Marci
1529 837 1567 867 et
1585 830 1628 868 S.

180 888 314 924 Iacobi
345 887 389 927 ἐν
421 888 636 941 ὄιακονικῷ
663 888 801 938 peragi
828 900 983 938 preces,
1029 893 1168 923 exacto
1195 886 1401 934 sacrificio,
1433 885 1628 934 dicuntur,

181 957 252 981 eae
287 945 329 980 in
366 944 525 993 liturgia
557 942 827 995 Chrysostomi
866 943 908 983 ἐν
946 943 1247 996 σκευοφυλακίῳ
1280 942 1363 978 fieri
1397 943 1629 979 scribantur.

180 1001 380 1037 metatorii
401 998 572 1051 denique
590 1001 899 1051 appellationem
918 998 1056 1035 habuit
1076 998 1214 1035 eadem
1235 997 1446 1046 conchula,
1488 1011 1632 1050 quem-

180 1055 398 1093 admodum
427 1058 556 1093 maius
592 1055 859 1104 diaconicum,
899 1062 943 1092 ut
970 1056 1072 1092 infra
1094 1055 1328 1105 probamus,
1371 1055 1440 1091 ubi
1459 1056 1630 1092 nominis

180 1114 376 1150 rationem
392 1111 676 1163 expendimus.
705 1125 799 1149 nam
822 1110 964 1150 diserte
984 1109 1277 1160 Euchologium
1297 1123 1336 1160 p.
1359 1111 1440 1151 623
1458 1111 1631 1150 διακονι-

178 1184 254 1208 κον
282 1175 320 1205 et
353 1166 591 1220 μετατώριον
622 1167 849 1216 confundit3
886 1180 963 1219 quo
990 1168 1078 1204 loco
1104 1178 1184 1203 non
1206 1172 1264 1203 est
1284 1168 1410 1204 maior
1432 1169 1632 1212 sacristia,

179 1226 238 1262 uti
256 1225 359 1262 velle
380 1224 535 1261 videtur
553 1225 728 1272 Goarus,
759 1223 830 1262 sed
851 1221 1045 1261 conchula
1065 1223 1231 1260 bematis
1253 1224 1307 1260 ita
1327 1224 1546 1275 appellata,
1578 1236 1631 1260 ex

179 1293 259 1332 qua
285 1279 508 1331 patriarcha
539 1288 628 1332 post
660 1287 833 1318 cantatas
858 1281 1015 1317 tertiam
1046 1286 1085 1315 et
1111 1285 1267 1317 sextam
1299 1278 1394 1316 odas
1429 1279 1480 1316 ad
1508 1281 1630 1317 altare

178 1336 369 1388 procedit,
388 1336 577 1389 ἐξέρχεται
599 1337 655 1384 εἰς
672 1335 714 1376 τὸ
731 1334 844 1390 ἅγιον
864 1332 1153 1387 θυσιαστήριον
1173 1335 1214 1376 ἐκ
1233 1338 1304 1375 τοῦ
1325 1334 1466 1387 μέρους
1485 1337 1632 1384 δεξιοῦ.

39 1395 69 1429 Ρ
91 1394 157 1431 581
182 1406 256 1431 nec
276 1390 404 1430 obstat
424 1392 530 1445 quod
549 1392 600 1430 ad
623 1393 804 1430 dextram
828 1393 961 1430 altaris
981 1391 1228 1429 diaconicum
1250 1398 1415 1438 statuat,
1454 1391 1559 1444 quod
1581 1391 1633 1429 ad

182 1452 382 1487 sinistram
409 1451 562 1501 reponit
589 1448 980 1497 Thessalonicensis,
1022 1462 1132 1495 cum,
1171 1455 1215 1485 ut
1244 1450 1297 1484 ait
1330 1446 1438 1485 idem
1468 1448 1632 1498 Goarus,

182 1505 369 1543 dextrum
388 1507 452 1543 vel
471 1507 672 1543 sinistrum
690 1507 791 1543 latus
812 1518 882 1556 pro
905 1506 1197 1556 respicientium
1217 1503 1268 1541 ad
1289 1511 1418 1542 ortum
1437 1506 1502 1542 vel
1517 1518 1633 1543 occa-

182 1576 273 1600 sum
290 1564 508 1599 mutatione
528 1563 780 1612 scriptoribus
799 1561 971 1609 dicatur3
1003 1561 1101 1598 adeo
1126 1567 1168 1597 ut
1191 1563 1275 1611 ipse
1298 1562 1447 1598 Goarus
1470 1561 1633 1613 prothe-

182 1621 260 1656 sim
278 1617 329 1654 ad
347 1620 568 1665 sinistram,
614 1617 861 1654 diaconicum
891 1630 984 1654 vero
1016 1616 1066 1653 ad
1085 1615 1268 1652 dextram
1291 1623 1455 1664 statuat,
1499 1624 1633 1655 contra

183 1687 305 1726 quam
334 1673 714 1711 Thessalonicensis.
772 1674 1023 1710 metatorium
1052 1674 1198 1724 pariter
1227 1671 1278 1708 ad
1311 1671 1496 1709 dextrum
1530 1675 1633 1711 latus

181 1732 248 1768 vel
268 1729 377 1768 aedis
399 1731 464 1767 vel
483 1731 616 1767 altaris
639 1731 750 1781 ponit
771 1729 969 1767 Cedrenus
990 1731 1031 1766 in
1050 1731 1182 1766 Leone
1203 1727 1464 1780 philosopho:
1503 1743 1633 1782 neque

183 1790 293 1824 enim
318 1788 478 1824 omnino
510 1793 661 1823 constat
692 1799 742 1822 au
766 1784 814 1822 de
840 1785 987 1822 exedra
1021 1784 1220 1822 diaconico
1241 1797 1286 1821 ac
1306 1787 1510 1823 metatorio
1531 1785 1634 1823 dicta

180 1856 234 1880 an
255 1855 348 1880 vero
370 1842 418 1880 de
442 1841 634 1880 conchula
655 1841 797 1879 iisdem
816 1842 1044 1880 nominibus
1065 1841 1218 1878 locutus
1238 1842 1310 1878 sit:
1341 1841 1473 1878 locum
1494 1841 1634 1880 damus

181 1897 287 1937 infra
304 1912 344 1936 n.
364 1901 431 1939 86.
490 1897 560 1936 sed
589 1905 627 1935 et
651 1911 731 1935 non
763 1898 905 1936 desunt
935 1899 1004 1949 qui
1028 1904 1155 1935 totum
1182 1898 1347 1935 bematis
1370 1905 1479 1935 extra
1501 1900 1634 1936 altaris

182 1956 272 1993 vela
294 1962 411 2007 atque
431 1953 529 1993 adeo
552 1962 663 1992 extra
679 1956 868 1992 maiorem
889 1952 1078 1991 concham
1099 1955 1269 2004 spatium
1291 1951 1536 1992 diaconicum
1561 1969 1635 2006 ap-

181 2013 376 2063 pellatum
394 2013 552 2059 volunt,
594 2010 724 2063 quod,
766 2024 857 2048 cum
874 2012 976 2047 intra
995 2011 1083 2046 vela
1106 2023 1177 2047 seu
1198 2006 1552 2061 παραπετάσματα,
1585 2010 1634 2048 de

184 2068 330 2119 quibus
351 2081 450 2105 mox
469 2080 652 2117 agemus,
683 2067 778 2105 solis
801 2065 1067 2104 sacerdotibus
1092 2067 1302 2103 consistere
1332 2067 1489 2115 liceret,
1532 2079 1634 2119 quae

182 2124 352 2161 bematis
385 2136 475 2174 pars
505 2122 598 2160 inde
633 2123 826 2174 ἴερατεῖον
845 2123 1000 2174 proprie
1025 2121 1128 2158 dicta
1157 2129 1235 2170 est,
1276 2123 1428 2174 reliqua
1460 2122 1634 2162 diaconis

182 2181 378 2230 perm1ssa
401 2185 523 2226 esset,
554 2186 598 2216 ut
617 2180 684 2230 qui
708 2178 758 2215 ad
779 2186 986 2230 utramque
1008 2176 1266 2226 conchulam,
1290 2179 1507 2229 prothesim
1526 2181 1636 2217 scili-

184 2242 247 2273 cet
270 2242 308 2272 et
327 2235 593 2280 diaconicum,
611 2247 681 2285 pro
697 2235 816 2271 officii
835 2235 983 2272 ratione
1001 2233 1192 2285 pergendi
1213 2242 1251 2272 et
1271 2236 1312 2272 in
1331 2237 1379 2273 iis
1399 2235 1636 2274 consistendi

182 2304 344 2328 necesse
364 2290 568 2327 haberent.
599 2303 692 2327 nam
710 2291 885 2341 Symeon
905 2289 1273 2329 Thessalonicensis
1293 2292 1393 2337 libro
1414 2291 1463 2329 de
1485 2293 1635 2343 templo

181 2349 240 2384 'ait
258 2348 360 2384 nulli
383 2347 502 2384 licere
532 2347 574 2382 in
599 2359 707 2383 sacro
735 2345 949 2397 synthrono
969 2346 1106 2383 sedere
1126 2355 1402 2400 praeterquam
1420 2348 1636 2386 sacerdoti-

182 2404 278 2450 bus,
323 2416 368 2440 ac
396 2416 447 2440 ne
475 2404 585 2468 ipsis
606 2401 768 2471 quidem
801 2402 996 2451 diaconis,
1042 2404 1207 2455 quibus
1204 2405 1315 2442 alius
1339 2406 1545 2442 attributus
1576 2411 1636 2442 est

183 2456 393 2507 100118,ὃς
412 2453 676 2505 ἅκουλούθως
697 2454 921 2506 ωνόμασται
943 2457 1187 2508 διακονικόν,
1220 2460 1320 2500 ἔνθα
1339 2460 1405 2499 καὶ
1422 2463 1633 2511 καθῆσθαι

184 2512 340 2562 τούτοις
361 2511 435 2555 οὐκ
458 2511 682 2563 ακώλυτον,
720 2514 967 2552 diaconicum
986 2529 1153 2566 nempe,
1194 2517 1304 2554 locus
1332 2518 1388 2554 sic
1415 2516 1562 2565 dictus,
1591 2519 1634 2553 in

185 2584 265 2623 quo
284 2571 484 2609 considere
507 2573 563 2609 eis
585 2572 739 2608 licitum
755 2573 818 2608 sit.
876 2570 968 2608 huic
999 2571 1161 2623 quidem
1187 2574 1403 2610 sententiae
1429 2574 1562 2611 nescio
1584 2585 1635 2610 an

183 2628 316 2666 faveat
333 2629 510 2665 Lexicon
529 2628 596 2664 Gr.
619 2640 694 2675 ms,
724 2626 830 2680 quod
851 2634 981 2665 exstat
998 2629 1040 2665 in
1060 2629 1157 2666 bibl.
1177 2630 1274 2679 Reg.
1294 2627 1380 2666 cod.
1405 2631 1536 2677 2062,
1565 2629 1634 2666 ubi

183 2682 470 2737 παραπέτασμα
490 2698 532 2723 το
559 2681 812 2732 διακονικόν,
848 2681 891 2724 τὸ
911 2681 1204 2737 παρακαλυμμα
1224 2698 1308 2722 esse
1330 2684 1491 2722 dicitur:
1521 2684 1636 2722 vide-

188 2747 253 2778 tur
270 2742 376 2778 enim
394 2736 625 2781 διακονικὸν
647 2740 837 2791 appellari
856 2741 992 2778 velum
1011 2741 1166 2789 altaris,
1197 2743 1310 2793 quasi
1327 2748 1455 2778 totum
1469 2743 1636 2779 bematis

189 2799 382 2848 spatium,
413 2794 520 2848 quod
542 2803 654 2834 extra
671 2797 760 2834 vela
779 2797 912 2835 altaris
930 2803 1058 2848 patet,
1103 2796 1351 2835 diaconicum
1370 2800 1422 2836 sit
1434 2827 1444 2846 ,
1487 2805 1525 2836 et
1544 2799 1637 2850 quia

187 2853 230 2890 in
253 2866 298 2892 eo
321 2860 360 2892 et
381 2853 591 2892 consistere
617 2859 656 2891 et
683 2851 870 2905 progredi
898 2867 969 2905 pro
995 2853 1207 2892 functionis
1236 2867 1329 2892 suae
1348 2856 1519 2904 ratione,
1542 2859 1638 2892 ‘non
