1838 3210
257 191 350 236 100
816 190 895 232 DU
939 188 1123 232 CANGII

250 306 310 337 tra
329 300 445 338 bema
466 312 556 337 cum
579 299 728 349 reliqua
748 297 864 348 plebe
884 298 1161 336 consisterent.
1190 291 1292 338 οθεν
1309 295 1377 338 καὶ
1393 295 1504 350 μέχρι
1524 299 1598 337 τοῦ
1616 299 1695 338 νῦν

249 359 377 404 καλῶς
403 352 615 424 ἐκράτησεν
644 352 686 394 τὸ
715 353 830 402 ἔθος,
882 353 954 402 ἔξω
981 357 1054 394 τοῦ
1081 353 1370 406 θυσιαστηρίου
1398 369 1491 401 τους
1520 354 1697 406 βασιλεῖς

243 412 437 457 ἵστασθαι
456 426 551 462 μετα
569 412 642 450 τοῦ
657 411 773 450 λαοῦ
805 415 844 447 et
861 408 1106 461 Nicephorus
1125 410 1310 447 Callistus
1333 410 1385 450 12
1413 408 1479 456 41,
1509 410 1577 446 ubi
1597 420 1699 446 ean-

248 465 341 505 dem
362 480 446 504 rem
465 469 611 514 recitat,
641 478 711 503 sua
733 467 949 503 etiamnum
971 473 1097 504 aetate
1115 465 1160 503 id
1180 466 1355 504 obtinere
1377 466 1519 513 scribit,
1548 474 1700 516 nempe

248 530 292 561 ut
314 525 525 573 imperator
542 521 594 559 ad
609 522 775 559 bematis
793 523 986 560 cancellos
1010 521 1158 560 sedeat.
1216 528 1255 559 at
1277 523 1311 559 si
1324 519 1545 558 secundum
1568 522 1692 559 Sozo-

249 592 414 616 men-um
431 580 630 629 assignata
650 579 726 615 fuit
753 577 866 615 sedes
891 580 1138 629 imperat0r1s
1166 575 1244 630 πρό
1263 580 1343 616 τῶν
1363 573 1603 628 ὃρυφάκτων
1619 579 1694 616 τοῦ

248 634 454 686 ἴερατείου,
482 641 575 672 ante
593 634 786 672 cancellos
805 635 992 682 bematis,
1021 647 1102 672 non
1121 635 1248 685 potuit
1267 634 1476 670 consistere
1492 645 1565 669 seu
1583 632 1694 672 ἵστα-

247 695 344 731 σθαι
356 687 456 742 μετοέ
473 693 546 730 τοῦ
562 692 684 739 λαοῦ,
728 689 1050 742 quandoquidem
1072 691 1243 742 populus
1269 691 1311 726 in
1328 701 1476 740 pronao
1502 690 1694 726 consiste-

243 747 332 794 bat,
378 753 417 783 et
437 747 543 784 iuter
563 747 755 784 cancellos
780 746 946 783 bematis
972 753 1011 784 et
1030 759 1224 797 pronaum
1243 759 1313 782 seu
1333 743 1562 782 narthecem
1581 741 1694 792 ναός,

243 803 310 840 vel
331 800 473 839 chorus
502 803 652 840 clericis
683 809 721 839 et
749 803 969 839 cantoribus
997 801 1200 850 addictus,
1242 799 1531 849 intercedebat,
1573 807 1619 837 ut
1638 812 1693 838 ex

242 859 330 910 ipso
349 859 575 896 Silentiario
595 865 633 896 et
655 858 742 895 aliis
766 857 920 895 abunde
943 865 1105 895 constat.
1136 856 1278 910 quodsi
1296 864 1390 894 >ante
1410 857 1576 894 bematis
1597 869 1693 893 can-

244 915 365 952 cellos
389 915 584 962 constitit,
618 926 713 951 ⁴eam
739 913 875 951 sedem
904 916 947 951 iu
967 915 1075 951 solea
1095 916 1249 951 stetisse
1268 926 1429 950 necesse
1451 919 1532 960 est,
1572 919 1691 963 atque

242 970 341 1007 adeo
369 971 645 1021 imperatorem
674 965 754 1007 non
782 970 973 1021 populum
998 969 1189 1008 duntaxat
1219 968 1290 1007 sed
1311 971 1429 1006 etiam
1458 969 1620 1005 clericos
1651 975 1691 1005 et

243 1033 435 1073 cantores,
468 1038 565 1077 quos
576 1024 773 1076 populum
789 1033 992 1062 canentem
1008 1033 1122 1063 vocat
1138 1026 1396 1073 silentiarius,
1415 1026 1689 1075 praecessisse.

244 1089 361 1134 atque
397 1080 491 1118 inde
524 1082 625 1118 forte
663 1080 826 1133 quidam
859 1082 986 1118 soleae
1014 1095 1164 1119 nomen
1194 1080 1366 1118 inditum
1399 1082 1688 1128 existimarunt,

242 1136 351 1190 quod
372 1149 418 1174 eo
437 1138 514 1175 loci
527 1138 746 1188 ,imperator
761 1139 807 1174 *in
830 1139 995 1175 ecclesia
1011 1138 1156 1174 solium
1174 1150 1291 1175 suum
1309 1135 1485 1174 haberet.
1542 1142 1587 1173 ut
1603 1149 1690 1173 sese

240 1207 303 1231 res
331 1192 494 1241 habeat,
534 1191 638 1230 hau-o
666 1194 708 1231 S.
728 1193 927 1231 Ambrosii
955 1195 1272 1231 constitutionem
1301 1199 1410 1230 tanta
1439 1205 1530 1229 cum
1566 1192 1690 1228 animi

241 1247 450 1286 devotione
485 1261 530 1285 ac
553 1249 815 1286 submissione
842 1262 1034 1300 excepere
1062 1252 1317 1301 imperatores
1333 1278 1342 1296 ‚
1372 1255 1416 1286 ut
1436 1246 1689 1286 Theodosius

238 1306 369 1342 iunior
386 1310 426 1341 et
442 1305 742 1342 Valentinianus
754 1334 764 1353 ,
794 1307 836 1342 iu
856 1319 902 1342 eo
924 1304 1078 1343 decreto
1097 1305 1204 1358 quod
1224 1312 1352 1343 exstat
1368 1311 1458 1356 post
1477 1305 1689 1342 concilium

236 1359 507 1412 Ephesinu-m‚
538 1361 580 1397 in
598 1359 696 1398 haec
713 1361 831 1398 verba
850 1368 1128 1412 prorumpant:
1159 1362 1217 1399 acl
1238 1375 1354 1398 sacra
1375 1360 1524 1397 altaria
1548 1367 1688 1396 mune--v

236 1431 327 1455 mm
344 1423 499 1453 'tantam
511 1415 796 1482 offerendorum
812 1430 933 1454 eausa
944 1418 1167 1455 accedimus
1175 1433 1193 1463 ;
1224 1424 1260 1453 et
1277 1430 1368 1454 cum
1386 1418 1688 1466 circumseptum

95 1483 125 1516 P
149 1476 215 1515 555
237 1486 439 1511 sacrorum
456 1473 666 1536 adytorum
683 1474 851 1524 ingressi
868 1487 1028 1519 sumus,
1056 1475 1190 1510 statim
1210 1474 1454 1525 egredimur,
1483 1485 1555 1509 nec
1575 1474 1688 1523 quio—-

238 1543 360 1584 quam
378 1543 426 1566 ex
441 1530 670 1583 propinqua
691 1529 898 1566 divinitate
913 1528 1025 1565 nobis
1044 1543 1294 1580 arrogamus.
1325 1541 1422 1565 nam
1442 1530 1516 1566 etsi
1531 1530 1574 1566 in
1587 1541 1686 1565 con-

235 1587 327 1623 cilio
347 1583 570 1622 Laodiceno
587 1596 678 1621 ·.can
703 1586 755 1624 19
779 1585 872 1622 solis
892 1583 1179 1633 sacerdotibus,
1208 1589 1291 1632 τοῖς
1311 1584 1540 1636 ἱερατικοῖς,
1571 1582 1685 1624 εἰσιέ-

234 1657 306 1682 ναι
326 1641 382 1688 εἰς
403 1656 447 1680 το
468 1636 758 1692 θυσιαστήριον
779 1639 847 1680 καὶ
871 1644 1082 1680 κοινωνεῖν
1101 1641 1256 1688 liceret,
1295 1642 1330 1678 is
1355 1647 1488 1677 tamen
1513 1653 1599 1677 mos
1619 1641 1686 1676 in-

234 1698 412 1736 valuerat
440 1702 483 1733 ut
514 1694 632 1748 adyta
660 1694 817 1745 ingredi
846 1695 897 1733 ad
930 1695 1131 1733 offerenda
1163 1695 1266 1734 dona
1285 1697 1514 1747 imperatori
1532 1696 1682 1743 liceret,

234 1760 279 1791 ut
307 1753 502 1803 colligitur
531 1764 584 1789 ex
608 1751 760 1803 synodo
789 1752 982 1789 Trnllana
1014 1765 1099 1789 can.
1133 1753 1206 1800 69,
1263 1748 1362 1791 κατά
1395 1767 1484 1791 τινα
1509 1749 1684 1791 παλαιοῖν

232 1806 469 1862 παρᾶδοσιν,
496 1808 626 1859 inquit
643 1808 879 1856 Bakamon,
911 1806 1016 1860 quod
1035 1808 1083 1845 ab
1105 1809 1191 1859 ipso
1211 1808 1254 1846 S.
1274 1808 1474 1845 Ambrosii
1491 1819 1588 1846 aevo
1608 1807 1683 1845 ob-

232 1866 397 1903 tinuisse
413 1877 487 1915 par
505 1870 564 1901 est
580 1862 751 1901 credere.

345 1920 414 1961 43.
471 1922 557 1957 Iam
572 1932 666 1957 vero
687 1917 794 1971 quod
812 1918 867 1955 ait
883 1918 1131 1956 Silentiarius
1150 1919 1233 1955 illic
1248 1917 1385 1956 sedere
1404 1920 1682 1970 imperatorem

231 1975 485 2024 θεοστέπτοις
512 1975 553 2016 ἐν
577 1975 750 2028 ἑορταῖς,
776 1973 819 2011 id
840 1973 1146 2025 intelligendum
1166 1981 1224 2011 est
1242 1973 1291 2011 de
1309 1975 1598 2012 solenniorIbus
1618 1975 1681 2011 fe-

230 2032 488 2079 stivitatibus,
527 2033 568 2068 in
599 2032 741 2083 quibus
769 2029 821 2067 ad
839 2032 1030 2068 maiorem
1053 2031 1260 2067 ecclesiam
1278 2030 1536 2081 procedebat,
1581 2043 1679 2082 quas

229 2101 396 2125 numero
426 2086 636 2125 duodecim
662 2088 786 2123 fuisse
813 2085 968 2123 videtur
990 2087 1155 2123 innuere
1175 2085 1347 2123 Codinus
1372 2088 1414 2123 in
1438 2087 1544 2137 Orig.
1569 2099 1608 2137 p.
1623 2088 1675 2127 91

230 2143 293 2182 ed.
315 2144 583 2190 Meursianae‚
614 2155 705 2180 cum
725 2144 767 2178 in
789 2143 940 2189 ceteris,
970 2143 1011 2177 in
1031 2143 1170 2191 palatii
1190 2143 1309 2179 sacris
1328 2141 1504 2190 aedibus,
1535 2141 1678 2180 divinis

228 2201 418 2237 interesse
452 2198 589 2235 officiis
624 2198 780 2235 soleret.
841 2210 886 2234 ea
921 2203 1053 2233 autem
1095 2197 1195 2234 festa
1235 2199 1383 2235 maiora
1414 2197 1679 2246 θεοστέπτους

228 2253 368 2306 ἓορτοῖς
391 2255 567 2301 vocavit,
599 2253 732 2305 quod
721 2266 763 2289 m
785 2254 833 2290 iis
853 2255 1065 2303 imperator
1084 2266 1226 2290 corona
1247 2253 1453 2292 redimitus
1473 2256 1593 2292 sacris
1612 2255 1676 2291 in-

226 2317 402 2348 teresset.
445 2308 713 2360 Theophanes
732 2307 781 2346 de
800 2310 948 2346 Iustino
966 2310 1226 2359 imperatore:
1255 2313 1377 2350 ταῦτα
1392 2308 1538 2362 μαθών
1554 2306 1678 2364 μεγά-

227 2370 303 2414 λως
324 2364 467 2435 ἤλγησε
487 2363 561 2416 τήν
582 2362 731 2417 ψυχήν,
763 2376 860 2404 ωστε
878 2363 946 2403 καὶ
966 2367 1017 2419 τῇ
1034 2363 1154 2435 ἑορτῇ
1172 2363 1383 2417 προελθων
1405 2366 1448 2406 ἐν
1466 2369 1517 2421 τῇ
1535 2365 1675 2416 ἔκκλη-

225 2422 293 2478 σία
327 2418 377 2462 ου’
410 2420 637 2470 κατεδέξατο
669 2419 838 2487 φορέσαι
866 2435 911 2460 το
939 2420 1086 2489 στέμμα
1099 2437 1142 2488 η
1176 2437 1251 2473 την
1279 2419 1469 2490 χλαμυδα.
1526 2423 1673 2459 similia

222 2463 342 2516 habet
358 2491 393 2515 a.
415 2478 468 2518 31
487 2477 712 2515 Iustiniani:
742 2492 763 2516 o
787 2473 830 2516 δὲ
845 2473 1032 2527 βασιλευς
1060 2492 1135 2517 ουκ
1146 2474 1348 2543 ἕῳὸρεσεν
1371 2474 1415 2518 vd
1421 2476 1586 2546 στέμμα
1607 2477 1673 2518 ἕπὶ

221 2530 372 2588 ἡμέρας
388 2528 425 2586 μ’
428 2562 438 2582 ,
461 2530 559 2573 ἄλλα
575 2532 642 2572 καὶ
659 2534 710 2588 τῇ
729 2530 824 2587 αγία
846 2534 1021 2583 Χριστοῦ
1035 2529 1218 2585 γεννήσει
1238 2532 1358 2584 χωρὶς
1380 2529 1505 2574 αὐτοῦ
1525 2536 1673 2586 προῆλ-

223 2595 301 2631 θεν
318 2589 361 2630 ἔν
377 2592 426 2646 τῇ
448 2588 647 2643 ἐκκλησία
701 2572 812 2639 apud
824 2589 992 2625 Francos
1023 2596 1176 2626 nostros
1209 2602 1301 2625 eum
1331 2589 1429 2626 olim
1455 2590 1671 2628 obtinuisse

221 2659 372 2684 morem
394 2653 436 2683 ut
456 2658 567 2696 reges
593 2646 633 2682 in
661 2644 874 2681 maioribus
892 2645 985 2680 anni
1007 2643 1318 2682 festivitatibus·
1307 2657 1350 2681 ιιι
1372 2645 1537 2683 ecclesia
1557 2659 1670 2683 coro-

221 2704 305 2740 nati
323 2701 465 2740 divinis
483 2702 620 2740 officiis
638 2702 882 2747 interessent,
901 2700 1080 2751 pluribus
1099 2700 1352 2758 probavimus
1375 2700 1426 2738 ad
1443 2703 1668 2739 Ioinvillam

220 2748 423 2797 Dissertat.
444 2757 469 2800 5
482 2788 491 2805 ‚
529 2764 650 2809 atque
659 2755 752 2794 inde
770 2769 834 2794 eas
855 2756 1088 2794 festivitates
1113 2758 1246 2794 curias
1272 2764 1479 2794 coronatas
1498 2764 1565 2794 aut
1586 2757 1668 2794 dies

221 2828 384 2852 coronae
399 2814 615 2866 appellatas
633 2813 755 2851 fuisse
765 2842 776 2862 ,
806 2825 877 2851 seu
897 2809 1033 2865 ἕορτοῖς
1053 2812 1325 2861 θεοστέπτονς.
1382 2826 1478 2851 nam
1498 2821 1541 2851 ut
1561 2811 1666 2864 apud
