1890 3224
333 174 428 223 118
943 171 1194 249 ΡΕΤΑῩΠ’
1236 171 1266 212 ὦ
1303 175 1305 177 ’
1349 171 1376 186 ”

328 286 487 333 asserit,
527 283 597 322 sed
625 280 676 320 ad
700 282 895 335 palatium
916 283 1174 320 maritimum.
1233 279 1412 320 eiusdem
1434 278 1573 333 palatii
1592 279 1778 321 meminit

328 348 367 379 et
385 339 652 392 Theophanes
674 340 718 376 in
734 351 772 375 a.
794 341 845 380 12
868 339 1128 391 copronymi,
1164 337 1233 376 ubi
1254 337 1562 376 conciliabulum
1588 337 1775 377 adversus

327 399 369 436 S.
391 399 586 447 imagines
609 397 652 433 in
678 397 821 432 Hierae
839 396 987 447 palatio
1009 397 1250 434 celebratum
1264 394 1398 434 refert.
1427 393 1499 442 sed
1520 401 1560 433 et
1575 394 1776 447 Nicepho-

325 467 394 492 rus
411 460 544 492 noster
562 455 604 490 in
621 452 700 490 sme
719 450 921 490 historiae.

437 523 478 561 p-
494 510 548 551 29
570 523 609 547 v.
627 508 668 548 9.
724 504 801 560 τήν
826 506 1041 565 λεγομένην
1071 506 1322 562 Πρίγκιπον]
1354 506 1550 559 Principis
1581 505 1713 545 insula
1731 506 1776 544 in

325 564 565 618 Propontide
586 567 661 603 sita
678 571 750 602 est.

437 622 491 660 ib.
515 635 555 660 v.
576 623 644 662 21.
699 617 853 661 κόλπου
880 618 1125 671 Φαιδαλίας]
1154 617 1340 657 Phidalia
1359 620 1550 672 legscum
1573 615 1777 670 Stephano

325 677 375 715 de
397 679 568 716 Urbibus
592 690 689 715 voce
709 673 1015 725 Γυναικόπολις.
1070 677 1148 714 fuit
1165 675 1265 714 haec
1283 677 1470 728 Byzantis
1492 689 1608 726 uxor,
1637 681 1682 713 ut
1697 675 1778 713 ibi-

325 733 417 772 dem
434 734 660 786 Stephanus
676 739 822 771 narrat.
879 734 922 772 in
939 731 1104 772 Anthol.
1127 733 1157 770 l.
1179 731 1206 773 4
1228 746 1262 770 c.
1283 733 1330 776 4:

541 786 680 843 ἱμερτῆ
704 786 898 830 Φιδοέλειοι
914 786 1048 843 δάμαρ
1068 785 1270 838 Βύζαντος
1286 784 1475 842 ἐτύχθην,

620 845 699 898 εἰμὶ
719 844 762 886 δὲ
779 843 1020 895 Βουπάλεως
1035 846 1166 898 δῶρον
1183 841 1449 897 ἆεθλοσύνης.
1609 867 1611 869 ·

435 914 476 952 p·
497 902 550 942 30
571 914 610 939 v-
630 902 670 942 3·
709 899 809 943 κατοῖ
829 901 873 943 δὲ
889 899 965 955 τήν
982 898 1209 954 δωδεκάτην
1233 899 1476 952 ἰνδικτιῶνα]
1495 898 1663 938 Ιῐιᾶἱῦῒίο
1677 896 1778 937 haec

323 968 360 993 a.
379 958 460 998 638
481 956 667 996 inchoata
689 965 760 1008 est,
790 960 964 998 Heraclii
981 961 1050 1001 29.
1109 971 1230 1012 quare
1249 971 1284 997 a.
1308 961 1388 1000 639
1409 959 1493 996 eius
1512 958 1643 995 obitus
1660 958 1778 994 1101114-

320 1019 385 1050 tur
406 1014 449 1049 111
470 1017 627 1064 magnis
648 1016 887 1065 Annalibus,
925 1028 1017 1054 011111
1035 1013 1203 1054 sedisset
1224 1027 1259 1051 a.
1279 1014 1356 1063 28,
1397 1013 1462 1051 die
1481 1015 1535 1053 21
1549 1042 1559 1061 ,
1588 1019 1635 1049 ut
1656 1019 1715 1064 est
1733 1013 1779 1049 in

321 1067 513 1107 Chronico
537 1070 764 1122 Nicephori.
822 1070 894 1110 sed
922 1072 1047 1109 falso:
1086 1084 1182 1108 nam
1211 1071 1259 1107 ab
1289 1083 1336 1107 eo
1368 1075 1520 1108 constat
1550 1064 1779 1106 Heracliam

322 1138 407 1162 esse
431 1134 672 1164 coronatum.
704 1141 796 1175 ergo
815 1130 900 1166 eius
919 1129 1078 1164 initium
1097 1128 1141 1164 in
1162 1126 1383 1164 Annalibus
1398 1131 1557 1163 notatur
1580 1138 1617 1161 a.
1639 1125 1683 1161 C.
1697 1125 1779 1165 608

321 1180 463 1217 Indict.
489 1184 536 1221 11
553 1210 563 1228 ,
599 1180 756 1218 Phocae
778 1184 824 1229 6,
869 1179 968 1218 adeo
988 1188 1033 1218 ut
1056 1183 1111 1221 32
1134 1193 1258 1217 annos
1279 1183 1316 1217 ei
1339 1181 1528 1217 ecclesiae
1548 1180 1780 1231 praefuerit.

321 1249 461 1273 verum
480 1235 748 1288 Theophanes
768 1238 822 1277 29
842 1236 990 1276 sedisse
1007 1243 1163 1274 tantum
1179 1237 1330 1274 asserit.
1386 1236 1464 1288 qua
1499 1237 1650 1274 ratione
1676 1238 1779 1273 anno

323 1291 469 1330 Christi
487 1295 567 1333 610
591 1295 862 1345 episcopatum
881 1295 988 1342 iniit,
1018 1292 1176 1331 Phocae
1195 1294 1445 1344 imperatoris
1464 1292 1622 1330 ultimo.
1680 1292 1781 1329 ulti-

321 1362 411 1387 mus
431 1362 524 1388 vero
545 1351 630 1388 eius
657 1363 783 1387 annus
800 1352 965 1388 incurrit
983 1351 1027 1387 in
1047 1351 1140 1398 638,
1174 1348 1262 1387 Ind.
1285 1351 1347 1397 11,
1377 1350 1551 1386 Heraclii
1568 1350 1637 1390 28.
1680 1349 1782 1385 Ale-

200 1409 230 1442 P
254 1410 300 1446 73
322 1405 565 1442 xandrinum
585 1405 808 1444 Chronicon
827 1420 867 1458 p.
887 1404 969 1449 875
991 1419 1140 1443 annum
1156 1406 1294 1454 illum,
1326 1418 1404 1458 quo
1427 1406 1591 1456 Sergius
1609 1405 1782 1456 patriar-

322 1460 398 1499 cha
417 1469 569 1500 creatus
587 1469 667 1511 est,
706 1464 918 1515 multiplici
934 1461 1158 1500 charactere
1179 1461 1401 1513 designat,
1426 1461 1625 1513 siquidem
1647 1460 1782 1498 Martii

320 1520 398 1566 20,
442 1520 541 1555 seria
573 1522 599 1559 6
639 1526 841 1557 mortuum
887 1533 974 1558 esse
1007 1519 1127 1556 refert
1161 1517 1364 1557 Thomam
1404 1519 1514 1556 illius
1555 1524 1782 1555 antecesso-

319 1587 429 1622 rem,
462 1576 531 1626 qui
548 1577 603 1614 22
622 1577 771 1612 mensis
793 1575 972 1614 eiusdem
991 1575 1170 1625 sepultus
1189 1582 1261 1623 est,
1287 1573 1486 1611 dominica
1506 1572 1584 1611 die.
1641 1580 1782 1625 postea

318 1643 413 1668 vero
434 1630 581 1681 Aprilis
604 1632 653 1678 8,
692 1630 835 1668 Indict.
869 1634 921 1672 13
937 1660 947 1680 ,
991 1631 1154 1669 sabbato
1185 1643 1351 1681 magno,
1397 1629 1583 1680 Sergium
1604 1636 1782 1667 creatum

318 1687 560 1737 pontificem.
619 1686 779 1724 subiicit
805 1694 844 1726 et
863 1688 989 1725 alium
1007 1687 1131 1724 feriae
1151 1684 1430 1733 characterem,
1461 1686 1640 1723 Octobris
1662 1686 1689 1725 3
1704 1679 1781 1722 =In-

322 1742 415 1779 dict.
438 1741 489 1782 14
512 1742 721 1780 sabbatum
743 1743 890 1792 fuisse,
937 1742 987 1781 de
1012 1756 1091 1796 quo
1118 1755 1236 1794 supra
1259 1741 1504 1794 disputatum
1524 1748 1597 1779 est.
1653 1754 1782 1780 annus

320 1800 548 1849 illeprocul
574 1797 694 1837 dubio
716 1798 862 1838 Christi
885 1806 942 1838 est
961 1802 1056 1848 610,
1087 1800 1198 1852 cyclo
1218 1799 1312 1837 solis
1333 1801 1371 1846 3,
1402 1799 1462 1835 lit.
1485 1797 1591 1836 dom.
1608 1798 1660 1835 D.
1688 1796 1782 1836 ideo

321 1856 455 1892 Martii
473 1857 528 1895 20
546 1856 644 1893 feria
667 1858 705 1904 6,
732 1863 771 1894 et
788 1859 842 1898 22
862 1855 1074 1901 dominica.
1133 1856 1267 1908 cyclus
1286 1856 1405 1893 lunae
1425 1854 1466 1902 3,
1494 1855 1686 1892 terminus
1706 1867 1782 1906 pa—

322 1910 468 1949 schalis
491 1912 543 1950 13
561 1912 710 1961 Aprilis
722 1941 732 1960 ,
772 1913 905 1962 cyclus
923 1914 1019 1951 solis
1039 1925 1093 1950 ex
1111 1913 1281 1950 Maximi
1298 1909 1488 1949 methodo
1506 1912 1561 1952 26
1574 1940 1584 1959 ,
1615 1919 1783 1948 concur-

322 1973 453 2005 rentes
473 1967 555 2004 si‘ve
577 1973 736 2017 epactae
757 1968 854 2005 solis
874 1970 914 2015 3,
937 1980 1038 2019 quae
1058 1980 1148 2004 011111
1164 1968 1410 2018 regularibus
1432 1966 1511 2005 diei
1531 1966 1626 2004 dant
1639 1967 1783 2004 feriam

322 2025 364 2063 2.
424 2036 544 2075 quare
564 2022 712 2074 pascha
730 2025 880 2074 Aprilis
902 2024 955 2064 19
972 2053 982 2072 ,
1018 2030 1057 2061 et
1077 2024 1286 2062 sabbatum
1303 2035 1494 2074 magnum
1518 2023 1569 2063 18
1589 2022 1782 2060 eiusdem.

323 2078 499 2117 undem
525 2078 718 2117 Chronico
747 2093 819 2131 pro
841 2082 867 2121 8
890 2079 1187 2118 rescribendum
1210 2079 1277 2120 18.
1335 2093 1388 2116 ex
1411 2078 1487 2116 hac
1509 2079 1783 2116 observatione

323 2137 573 2187 superiorum
599 2134 914 2187 patriarcharum
939 2138 1087 2175 seriem
1109 2135 1254 2174 iisdem
1281 2136 1324 2172 in
1348 2134 1569 2173 Annalibus
1594 2136 1782 2186 corrigas.

323 2194 449 2234 veluti
472 2206 562 2229 cum
581 2191 765 2230 Thomas
787 2194 939 2243 primus
959 2206 1086 2231 annus
1108 2197 1360 2243 comparatur
1379 2204 1470 2229 cum
1492 2204 1528 2228 a.
1548 2193 1641 2240 606,
1671 2190 1783 2229 Pho-

324 2262 393 2287 cae
413 2247 455 2289 4.
512 2250 555 2284 in
574 2260 651 2299 quo
674 2248 951 2298 suffragatores
971 2248 1146 2301 quidem,
1178 2246 1285 2303 quod
1306 2246 1357 2285 ad
1374 2246 1532 2285 Phocae
1554 2259 1704 2285 annum
1719 2254 1783 2284 at-

324 2307 445 2353 tinet,
488 2303 638 2342 habent
657 2302 950 2355 Theophanem
971 2318 1015 2342 ac
1035 2304 1279 2353 Cedrenum,
1319 2303 1391 2342 sed
1417 2311 1629 2355 utrumque
1652 2315 1782 2342 errore

325 2362 499 2412 lapsum.
556 2374 651 2397 nam
671 2374 761 2398 cum
775 2360 1045 2412 Theophanes
1065 2360 1249 2399 Thomae
1270 2367 1350 2399 tres
1372 2373 1494 2398 annos
1515 2361 1663 2397 tribuat
1684 2367 1724 2398 et
1742 2372 1783 2398 a.

329 2417 356 2457 4
378 2416 534 2455 Phocae
553 2419 727 2468 primum
746 2418 855 2455 illius
872 2425 1077 2466 numeret,
1120 2419 1250 2469 Sergii
1273 2419 1448 2469 primum
1482 2416 1634 2454 duobus
1666 2417 1782 2454 annis

329 2472 622 2521 accommodat,
661 2477 688 2515 7
712 2480 750 2511 et
769 2475 808 2514 8.
864 2474 983 2525 longe
1008 2476 1151 2513 melius
1178 2477 1221 2512 in
1240 2475 1358 2513 Alex.
1379 2472 1573 2511 Chronico
1589 2473 1781 2524 ‘Cyriacus

329 2543 351 2566 e
374 2531 474 2567 vivis
499 2531 714 2568 excessisse
743 2529 885 2567 dicitur
906 2532 1082 2569 Octobris
1105 2531 1180 2580 29,
1221 2529 1285 2567 die
1306 2530 1478 2577 sabbati,
1523 2535 1782 2581 curattunque

329 2585 450 2622 funus
469 2587 577 2624 illius
596 2585 798 2637 postridie,
828 2585 1040 2625 dominica.
1097 2588 1174 2625 fuit
1193 2585 1259 2625 hic
1282 2599 1408 2624 annus
1432 2587 1527 2634 607,
1553 2585 1664 2637 cyclo
1686 2585 1782 2623 solis

329 2644 405 2689 27,
434 2642 494 2679 lit·
521 2642 627 2680 dom·
647 2644 703 2692 B,
733 2642 873 2681 Iudict·
896 2646 968 2693 10,
997 2643 1155 2682 Phocae
1180 2642 1207 2684 4
1226 2656 1328 2695 pene
1349 2643 1541 2681 absoluto.
1599 2640 1780 2694 sequenti

329 2710 366 2735 a.
386 2698 480 2746 607,
510 2697 666 2736 Phocae
689 2699 728 2748 5,
758 2698 899 2738 Indict.
925 2701 991 2750 10,
1020 2707 1110 2753 post
1129 2713 1208 2739 cos.
1229 2698 1385 2738 Phocae
1405 2711 1441 2737 a.
1462 2697 1501 2747 4,
1524 2699 1696 2735 Ianuarii
1709 2697 1779 2744 23,

329 2761 481 2792 creatus
503 2762 560 2793 est
577 2754 770 2795 Thomas.
828 2755 930 2807 sedit
951 2758 1085 2810 itaque
1109 2770 1145 2795 a.
1161 2759 1201 2798 3.
1259 2754 1502 2807 Nicephorus
1523 2756 1566 2792 in
1585 2752 1779 2792 Chronico

328 2811 465 2849 tribuit
490 2824 526 2850 a.
554 2815 579 2854 3
610 2825 663 2850 m.
692 2812 731 2854 5.
791 2812 863 2851 sed
893 2813 1108 2866 interregni
1141 2814 1313 2865 spatium
1346 2812 1576 2864 complexus
1608 2817 1681 2849 est.
1739 2815 1780 2847 at
