1838 3210
218 189 317 237 150·
792 188 874 234 DU
908 188 1093 235 CANGII

215 313 313 339 num
345 300 388 338 in
420 296 675 339 Rhinotmeto
714 304 754 338 et
789 300 962 339 Paulum
988 301 1100 338 Diac.
1127 299 1157 338 l.
1184 297 1213 341 4
1238 299 1339 339 Hist.
1366 300 1479 339 Misc.
1507 300 1667 353 plebem

216 358 465 409 Cpolitanam
482 354 791 396 tumultuantem
811 370 857 395 eo
879 370 921 395 se
944 359 1153 414 recepisse.
1209 355 1317 395 unde
1337 370 1417 395 non
1435 359 1602 406 mirum,
1632 359 1668 396 si

217 414 316 466 μέγα
333 410 600 466 φωτιστήριον
618 411 770 451 dicatur
790 412 897 467 apud
915 421 1114 452 auctorem
1135 411 1320 451 Chronici
1341 387 1634 452 Alexandrini
1623 426 1668 452 ιιι

213 470 424 517 Basilisco,
456 475 494 506 et
522 467 642 523 μέγας
669 466 872 523 φωτιστήρ
902 469 1010 522 apud
1037 468 1209 508 eundem
1229 468 1483 508 cedrenum
1471 484 1514 508 111
1533 472 1669 508 Leone

214 528 364 564 Isauro.

328 582 397 622 83.
454 582 501 618 In
534 579 763 632 baptIsterio
801 587 885 619 erat
915 581 1006 619 fons
1036 592 1107 619 seu
1139 581 1332 633 aquarum
1363 581 1668 633 receptaculum,

217 637 378 675 Graecis
404 633 691 690 κολυμβήθρα,
720 636 920 675 interdum
951 635 1144 688 δεξαμενή
1171 644 1463 689 nuncupatum,
1493 639 1536 675 in
1562 636 1672 690 quod

215 693 530 731 immittebantur
563 692 804 744 baptizandi.
876 695 946 746 qui
981 692 1145 746 quidem
1175 694 1266 732 fons
1294 700 1425 731 tantae
1452 693 1672 745 eratxapud.

217 750 447 800 Cpolitanos
475 751 760 798 venerationis,
799 756 843 788 ut
873 751 942 802 qui
968 749 1020 787 ad
1046 749 1188 788 aedem
1210 748 1455 801 Sophianam
1485 751 1586 802 asyli
1607 752 1671 788 ius

215 804 453 854 habentem,
482 813 527 843 ut
555 819 693 844 omnes
717 806 843 843 ferme
870 805 988 844 aedes
1015 819 1170 855 sacrae,
1197 807 1496 857 confugiebant,
1527 805 1579 843 ad
1598 807 1673 844 ba-

214 864 439 913 ptisterium
469 860 563 899 inde
592 861 894 911 contenderent,
934 875 1143 930 sacrosque
1170 862 1267 900 istos
1295 863 1426 901 fontes
1452 861 1673 914 prehensa-

216 925 318 956 rent.
371 920 587 970 Procopius
618 919 660 955 in
688 920 790 957 Hist.
820 930 986 957 arcana:
1017 915 1115 973 ὅπερ
1134 918 1202 959 ἵνα
1221 915 1275 971 μὴ
1298 917 1457 972 γένηται
1481 919 1671 968 deleam,

217 973 259 1022 ἐς
286 970 331 1015 τὸ
355 976 429 1027 τῆς
454 975 612 1025 Σοφίας
639 971 749 1029 ἱερον
773 971 1013 1042 φεύγουσιν,
1046 974 1085 1023 ἔς
1105 989 1147 1015 τε
1163 972 1230 1014 τόν
1250 979 1366 1015 θεῖον
1384 977 1589 1027 λουτρῶνα
1611 974 1674 1015 ἕλ-

214 1032 369 1070 θοῦσαι
402 1032 476 1082 τῆς
505 1030 685 1071 ἐνταῦθα
710 1027 998 1099 κολυμβήθρας
1025 1027 1144 1098 ἅπριξ
1172 1030 1336 1082 εἴχοντο.
1393 1031 1470 1068 alio
1494 1032 1603 1069 loco:
1633 1029 1675 1079 ἐς

215 1088 288 1137 τῆς
323 1086 482 1137 Σοφίας
511 1083 568 1127 τὸ’
588 1084 697 1138 ἱερὸν
726 1083 839 1138 ἥκων
868 1086 908 1136 ἐς
942 1083 1070 1137 αυτήν
1096 1101 1176 1126 που
1199 1084 1274 1137 τήν
1305 1087 1425 1126 θείαν
1455 1084 1675 1138 δεξαμενήν

215 1141 455 1190 ἐξαπιναίως
490 1139 700 1191 ἐκάθισεν,
742 1139 871 1195 ’ἤνπερ
905 1139 1073 1194 μαλιστα
1100 1137 1264 1180 πάντων
1294 1142 1550 1193 νενομίκασιν
1573 1145 1676 1195 Χρι-

218 1197 372 1237 στιανοὶ
391 1196 540 1249 σέβειν,
569 1198 639 1235 ubi
656 1199 837 1249 imperite
857 1199 1018 1235 omnino
1040 1196 1203 1245 Suidas,
1235 1199 1304 1249 qui
1321 1198 1454 1236 locum
1473 1197 1579 1236 hunc
1598 1212 1674 1237 ex-

218 1254 398 1304 scripsit,
431 1250 650 1305 δεξαμενὴν
669 1250 864 1306 τραπεζαν
883 1269 931 1293 τα
950 1257 1046 1293 θεῖα
1066 1252 1282 1306 δεχομένην
1304 1255 1580 1305 interpretatus
1601 1262 1673 1304 est,

219 1323 310 1347 cum
329 1306 432 1346 nihil
453 1308 562 1347 aliud
579 1311 630 1347 sit
651 1322 773 1361 quam
789 1310 880 1347 fons
899 1310 1136 1376 baptisterii,
1166 1311 1235 1362 qui
1254 1310 1302 1346 ab
1325 1309 1465 1348 eodem
1481 1312 1673 1363 Procopio

219 1367 259 1403 et
279 1363 528 1416 Theophane
549 1378 584 1403 a.
596 1368 623 1407 2
641 1364 890 1404 Theodosii‘
878 1367 1044 1404 lunioris
1065 1372 1104 1403 et
1121 1378 1157 1403 a.
1169 1370 1194 1408 7
1212 1367 1384 1404 Zenonis
1400 1365 1674 1419 κολυμβήθρα,

219 1422 269 1459 ab
297 1423 385 1459 ahis
414 1417 641 1473 υπονόμος,
671 1434 694 1459 a
721 1423 910 1473 Gregorio
939 1424 994 1459 M.
1025 1421 1181 1467 cloaca,
1211 1422 1259 1459 ab
1278 1423 1520 1461 Anastasio·
1508 1437 1551 1460 ιιι
1570 1425 1676 1462 Hist.

219 1478 330 1515 Eccl.
361 1479 604 1515 natatoriam
632 1478 838 1516 vocitatur.
895 1474 1187 1531 κολυμβήθραν
1215 1476 1319 1515 dixit
1341 1479 1461 1516 etiam
1483 1478 1677 1518 Theodo-

220 1547 288 1572 rus
310 1535 453 1572 Lector
471 1534 580 1572 Eccl.
605 1537 653 1574 1.
682 1533 750 1574 καὶ
767 1549 914 1575 τουτον
932 1534 976 1575 ἐν
995 1537 1046 1588 τῇ
1065 1530 1330 1589 κολυμβήθρα
1352 1537 1554 1604 σφαγῆναι
1573 1551 1678 1604 παρ-

221 1586 453 1640 εσκεύασεν,
480 1597 524 1628 ut
543 1595 581 1627 et
597 1588 826 1627 cedrenus·
814 1603 858 1627 111
871 1591 1006 1627 Leone
1023 1589 1071 1627 de
1088 1590 1358 1640 Copronymo:
1388 1590 1456 1630 καὶ
1473 1589 1548 1644 γὰρ
1568 1587 1678 1641 ἆφᾶ-

223 1646 363 1686 δευσεν
391 1645 435 1686 ἐν
458 1648 509 1702 τῇ
532 1644 624 1700 ἆγία
648 1641 934 1701 κολυμβήθρα,
963 1646 1033 1683 ubi
1061 1646 1209 1682 Paulus
1229 1647 1427 1684 Diaconus
1447 1647 1477 1684 l.
1495 1650 1546 1688 21
1572 1649 1677 1686 Hist.

183 1748 186 1753 1
221 1703 335 1740 Misc.
364 1686 494 1739 habet
512 1703 555 1739 in
583 1708 719 1739 sancto
748 1686 924 1739 lavacro.
983 1703 1025 1738 in
1055 1699 1130 1739 hos
1159 1708 1293 1739 autem
1320 1714 1449 1740 sacros
1471 1703 1600 1742 fontes
1624 1716 1678 1742 ex

222 1756 534 1810 aquaeductibus
557 1758 776 1795 influebant
835 1770 999 1795 erennes
1024 1766 1174 1809 aquae,
1203 1763 1249 1794 ut
1277 1758 1475 1808 colligitur
1496 1772 1549 1796 ex
1565 1762 1679 1798 Ana-

224 1815 344 1852 stasio
375 1812 424 1850 de
453 1814 553 1852 Vitis
583 1815 649 1851 PP
676 1827 718 1865 p.
748 1771 841 1861 113,
873 1811 964 1861 134,
997 1814 1096 1861 163,
1127 1819 1166 1850 et
1196 1826 1249 1850 ex
1278 1820 1445 1852 tractatu
1475 1813 1524 1852 de
1549 1817 1679 1867 capite

225 1870 268 1908 S.
291 1871 450 1908 Ioannis
470 1871 517 1908 B.
543 1870 612 1921 qui
638 1867 806 1907 habetur
824 1870 868 1906 in
888 1869 1038 1922 aliquot
1061 1867 1261 1907 codicibus
1285 1870 1328 1908 S.
1348 1871 1547 1923 Cypriani.
1603 1873 1680 1910 ba·-

223 1927 447 1993 ptisterium
476 1925 724 1977 Sophianum
749 1932 953 1976 praeterea
976 1926 1038 1963 ius
1064 1924 1249 1963 habuisse
1281 1927 1402 1978 asyli,
1439 1927 1603 1978 perinde
1631 1941 1679 1966 ac

222 1984 353 2033 ipsam
380 1981 542 2031 aedem,
569 1989 735 2020 testatur
759 1980 982 2019 chronicon
1006 1980 1325 2019 Alexandrinum
1345 1995 1386 2033 p.
1408 1984 1512 2024 752:
1541 1981 1679 2036 λαβων

224 2038 459 2086 Βασιλίσκος
481 2052 556 2090 την
580 2042 748 2107 γυναῖκα
770 2033 895 2078 αυτοῦ
922 2036 991 2077 καὶ
1016 2035 1065 2077 τὰ
1083 2036 1201 2077 τέκνα
1222 2036 1368 2091 ἔφυγεν
1391 2038 1447 2087 εἰς
1465 2037 1539 2092 τὴν
1557 2037 1680 2095 μεγά-

226 2097 300 2146 λην
323 2093 555 2149 ἐκκλησίαν,
586 2094 642 2141 εἰς
667 2091 711 2134 τὸ
735 2092 833 2146 μέγα
853 2089 1133 2145 φωτιστήριον.

339 2145 407 2190 84.
464 2150 598 2188 Altera
621 2162 722 2201 quae
746 2150 934 2187 ecclesiae
960 2147 1184 2200 Sophianae
1210 2146 1394 2187 adiuncta
1415 2150 1492 2187 fuit
1515 2150 1677 2201 exedra,

209 2201 460 2246 ,διακονικόν
487 2206 684 2256 appellata
706 2212 778 2243 est.
838 2211 896 2243 est
917 2212 1050 2242 autem
1070 2204 1317 2243 diaconicmn
1337 2207 1495 2244 Graecis
1512 2209 1680 2273 scripto-

227 2262 356 2309 ribus,
388 2259 494 2312 quod.
525 2261 594 2298 alii
621 2262 808 2299 ecclesiae
840 2261 1092 2299 secretarium
1117 2269 1279 2311 vocant,
1308 2274 1381 2300 nos
1407 2264 1527 2314 vulgo
1553 2266 1679 2301 sacre>-

227 2319 347 2354 stiam
372 2315 553 2354 dicimus.
612 2329 712 2369 quae
738 2316 900 2369 quidem
919 2331 1000 2356 vox
1020 2319 1187 2355 occurrit
1203 2331 1285 2356 ιιοιι
1305 2320 1429 2356 semel
1452 2319 1559 2370 apud
1579 2322 1680 2358 scri-

227 2380 380 2424 ptores,
410 2386 491 2410 non
511 2371 630 2411 modo
652 2386 724 2424 pro
746 2372 894 2410 exedra
910 2374 966 2411 ita
989 2375 1208 2425 appellata,
1236 2373 1308 2412 sed
1329 2382 1367 2412 et
1387 2375 1584 2412 interdum
1605 2390 1678 2428 pro

229 2428 422 2467 conchula
457 2429 646 2478 bematis,
686 2430 729 2466 in
756 2442 834 2481 qua
862 2431 1151 2482 leponebantur
1178 2437 1308 2468 vestes
1337 2431 1596 2470 sacerdotales
1627 2431 1679 2469 ad

226 2498 378 2523 sacram
402 2486 604 2536 liturgiam
632 2486 895 2534 necessariae,
941 2485 991 2523 de
1024 2499 1102 2539 qua
1135 2488 1287 2537 egimus
1315 2499 1455 2538 supra,
1498 2495 1542 2525 ut
1572 2488 1680 2540 apud

229 2540 539 2592 Philostorgium
558 2543 584 2581 7
613 2540 660 2589 3,
690 2542 884 2593 Cyrillum
909 2543 952 2579 in
979 2543 1060 2580 vita
1081 2541 1289 2594 Euthymii
1310 2555 1343 2579 c.
1369 2545 1418 2583 18
1440 2550 1478 2580 et
1502 2545 1572 2592 19,
1604 2558 1679 2582 ιιιι-

231 2603 379 2635 ctorem
396 2599 509 2635 Vitae
531 2597 574 2634 S.
591 2598 783 2634 Auxentii
801 2596 1143 2635 Archimandritae
1163 2611 1196 2636 c.
1219 2601 1239 2639 1
1265 2611 1306 2635 n.
1330 2599 1379 2647 3,
1408 2599 1450 2635 in
1476 2599 1679 2638 Eucholo-

227 2654 315 2704 gio,
344 2654 498 2704 Typico
523 2653 673 2701 Sabae,
698 2655 886 2691 Passione
917 2655 990 2694 SS.
1017 2656 1181 2692 Patrum
1208 2654 1456 2692 Sabaitarum
1485 2663 1558 2693 etc.
1616 2658 1680 2695 vi-

228 2709 342 2757 detur
370 2716 503 2746 autem
523 2710 577 2746 ita
599 2710 843 2761 appellatum
863 2716 929 2747 aut
950 2709 1057 2762 quod
1082 2709 1336 2748 diaconorum
1356 2713 1539 2761 primitus
1561 2712 1680 2751 fuerit

228 2767 271 2803 in
289 2777 335 2803 ea
353 2761 465 2803 sedes
486 2771 525 2802 et
539 2777 756 2814 consessus,
775 2766 840 2804 vel
858 2767 989 2817 potius
1008 2764 1114 2819 quod
1129 2765 1228 2804 haec
1245 2766 1391 2804 exedra
1409 2781 1544 2806 eorum
1564 2781 1681 2806 curae

229 2822 482 2873 potissimum
509 2823 718 2860 commissa
745 2821 876 2860 fuerit.
934 2824 976 2860 in
997 2835 1043 2861 ea
1065 2824 1172 2861 enim
1190 2835 1270 2860 non
1288 2822 1407 2862 modo
1426 2836 1527 2878 quae
1545 2823 1596 2862 ad
1613 2837 1680 2863 ec-
