1890 3224
236 207 318 237 vm
851 192 1083 248 QUERCII

233 303 429 356 puerilem
458 302 726 349 oscitantiam,
756 302 900 355 qualia
922 303 1051 341 malta
1083 303 1127 341 in
1155 301 1281 340 titulis
1302 303 1575 356 praefigendis
1592 302 1692 353 fieri

241 378 407 417 amant,
434 370 649 422 fatebitur.
719 383 800 408 non
836 377 972 408 contra
1011 370 1088 408 ibo.
1159 372 1278 408 immo
1315 370 1474 422 lapsum
1507 370 1687 409 concedo.

243 438 475 486 Πισσιδείας
502 452 691 490 namque,
731 451 822 475 cum
850 439 893 476 in
919 438 1151 489 exemplari,
1185 445 1230 475 ut
1255 438 1586 477 verisimillimum
1616 446 1690 485 est,

241 506 452 558 legeretur,
482 506 524 542 in
540 506 719 543 Pisidem
736 505 795 542 ad
803 519 942 556 panca
959 507 1131 544 intentus
1156 506 1368 555 exscriptor
1393 508 1686 545 transmutavit.

241 575 494 625 diversasque
522 580 579 610 est
607 575 725 611 etiam
750 572 802 610 ab
831 573 912 611 alio
943 574 1113 625 Georgia
1135 572 1334 610 Pis-vidiae
1356 574 1552 624 episcopo,
1579 574 1692 611 cuius

239 642 469 679 memoriam
503 640 748 679 Graecorum
764 641 877 692 fasti
898 641 962 678 die
991 643 1040 682 19
1063 640 1225 691 Aprilis
1249 639 1463 688 celebrant,
1489 641 1613 693 fasta
1643 654 1693 678 ac

241 708 450 762 'tyrannide
469 707 813 746 iconomachorum
835 715 1022 759 martyre,
1051 722 1142 745 cum
1163 708 1231 745 hic
1248 707 1493 746 Antiochiae
1513 709 1693 746 Pis-side-

240 791 316 814 nae
329 777 463 829 suerit
483 777 659 814 antistes:
691 769 807 822 οὗτος
835 772 858 815 ὁ
881 771 993 828 ἅγιος
1015 773 1179 815 ἐπὶτῶν
1194 772 1346 829 χρόνων
1363 770 1417 828 ἦν
1436 779 1519 816 ταῖν
1536 776 1705 817 cluave-r

239 839 399 897 μάχων,
429 842 474 885 ἐκ
490 842 665 896 βρέφους
682 844 738 896 τῷ
754 843 845 895 ’θεῷ
863 836 1189 894 ἀνατεθειμένος,
1220 842 1287 883 καὶ
1310 841 1377 883 διοὶ
1398 841 1472 896 τήν
1487 841 1692 897 ὖπερβὰλ-

239 915 389 953 λουσαν
404 907 533 953 αὐτοῦ
550 906 695 962 ἀρετὴν
712 908 925 957 ἐπίσκοπος
943 913 1222 962 χειροτονεῖται
1240 906 1483 963 Ἀντιοχείας
1501 913 1571 963 τῆς
1589 913 1693 951 Πισ-

241 980 401 1027 σιδείας.
458 981 501 1017 in
516 992 558 1015 re
576 985 708 1015 tamen
725 975 1001 1015 obscurissima
1021 991 1099 1015 non
1118 977 1267 1015 diutius
1284 979 1577 1016 immorandum
1593 978 1694 1016 mila·

241 1060 319 1084 esse
336 1060 481 1084 censeo.
541 1047 597 1083 ita
617 1045 812 1092 Allatius3
843 1046 913 1096 qui
933 1057 1010 1096 qua
1030 1043 1079 1082 de
1098 1058 1216 1083 causa
1233 1059 1318 1083 rem
1338 1046 1544 1084 obscuram
1562 1051 1692 1094 vocet,

238 1127 361 1166 quam
377 1115 464 1166 ipse
483 1112 582 1150 adeo
604 1113 826 1150 luculenter
843 1112 1084 1163 explanavit,
1109 1113 1264 1163 ignoro.
1309 1119 1419 1164 patet
1438 1114 1547 1150 enim
1567 1114 1693 1151 Geor-

238 1183 350 1233 glum
369 1180 548 1220 Pisidam
567 1194 590 1218 a
609 1178 901 1218 Nicomedieusi
932 1192 1017 1216 esse
1042 1177 1263 1228 diversum,
1295 1187 1334 1217 et
1356 1194 1428 1232 pro
1452 1193 1532 1218 uno
1555 1193 1578 1218 a
1601 1181 1692 1232 qui-

238 1248 410 1287 busdam
434 1246 710 1286 tantummodo
730 1245 855 1284 doctis
876 1247 971 1284 viris
989 1247 1112 1284 fuisse
1139 1254 1364 1298 acceptum,
1395 1246 1504 1300 quod
1526 1255 1692 1300 uterque

238 1316 282 1352 in
310 1315 510 1353 codicibus
540 1322 579 1352 et
607 1316 800 1366 Georgius
836 1320 875 1351 et
905 1312 1195 1365 chartophylax
1214 1315 1504 1353 inscriberetur.
1562 1323 1602 1353 at
1619 1329 1693 1354 nos

235 1383 318 1420 iam
335 1382 518 1431 tandem,
547 1396 599 1420 ne
619 1384 702 1420 ulla
723 1382 893 1433 amplius
913 1380 1121 1419 dubitandi
1138 1383 1189 1420 sit
1208 1383 1380 1431 occasio,
1411 1381 1694 1435 chartophyla-

237 1452 293 1488 cis
313 1451 475 1487 titulum
494 1451 663 1501 Georgio
684 1447 979 1488 Nicomediensi
1001 1438 1270 1501 relinquamus
1283 1479 1294 1499 ,
1325 1450 1540 1500 Georgium
1560 1457 1693 1488 autem

237 1516 416 1555 Pisidam
435 1517 765 1570 scevophylacem
783 1517 1036 1553 nominamus
1047 1544 1057 1564 ,
1090 1517 1319 1553 auctoritate
1337 1517 1429 1554 freti
1448 1516 1593 1556 codicis
1611 1520 1693 1558 Va-

236 1586 371 1634 ticani,
401 1597 479 1636 quo
499 1586 617 1635 plane
639 1586 681 1621 in
698 1591 756 1621 tot
773 1580 1024 1620 bibliothecis
1041 1595 1123 1619 non
1141 1590 1272 1620 exstat
1290 1584 1389 1621 alter
1404 1585 1471 1622 vel
1493 1587 1692 1637 antiquius

237 1653 304 1690 vel
319 1651 484 1689 nitidius
503 1652 685 1703 scriptus,
704 1657 749 1687 ut
765 1650 868 1686 infra
887 1650 960 1686 erit
977 1648 1204 1687 dicendum.
1241 1652 1406 1689 minime
1424 1660 1559 1694 autem
1574 1653 1693 1692 liuius

240 1718 386 1757 codicis
414 1720 709 1765 auctoritatem,
740 1730 862 1769 quam
889 1730 962 1754 nos
993 1716 1238 1768 sequendam
1256 1716 1457 1768 ducimus,
1487 1720 1635 1759 Suidae
1654 1728 1693 1759 et

237 1786 451 1838 Nicephori
473 1786 685 1824 labefactat
709 1785 942 1832 auctoritas,
973 1785 1043 1835 qui
1074 1785 1289 1835 Georgium
1318 1786 1385 1823 vel
1411 1785 1693 1840 chartophyla-

239 1867 326 1891 cem
358 1855 422 1892 vel
450 1851 762 1891 referendarimn
790 1850 997 1889 dixerunt:
1027 1864 1124 1889 nam
1146 1851 1293 1890 Suidae
1315 1853 1447 1892 lexico
1469 1856 1584 1907 plura
1606 1870 1693 1895 esse

239 1920 373 1959 addita
392 1935 415 1959 a
433 1919 714 1960 recentioribus
735 1920 896 1957 Graecis
914 1925 1064 1957 certum
1082 1926 1160 1968 est,
1183 1919 1427 1971 Nicephorus
1443 1930 1575 1960 autem
1591 1923 1690 1962 adeo

238 1991 490 2041 negligenter
504 1988 681 2039 loquitur
699 1985 748 2024 de
767 1986 901 2024 Pisida
931 1985 1066 2039 (quod
1085 2000 1138 2024 ex
1155 2001 1194 2025 ν.
1210 1988 1290 2029 533
1302 1988 1437 2038 poe'm.
1462 1997 1598 2027 contra
1618 1991 1692 2028 Se-

239 2070 376 2094 verum
400 2063 438 2094 et
460 2070 506 2093 ex
516 2055 740 2107 fragment.
764 2067 805 2092 ν.
828 2053 909 2096 184
932 2052 1067 2106 patet)
1100 2061 1144 2095 ut
1166 2056 1398 2108 neutiquam
1419 2054 1600 2096 videatur
1627 2065 1688 2096 at—
1708 2075 1710 2078 >

238 2122 476 2161 tendendus.

352 2193 501 2229 Verum
517 2203 610 2228 cum
627 2191 785 2228 nullum
803 2196 932 2228 exstet
947 2189 1146 2242 antiquius
1162 2189 1211 2228 de
1228 2189 1386 2230 Pisidae
1401 2193 1555 2244 scriptis
1574 2194 1688 2232 testi—

239 2258 420 2296 monium
450 2271 570 2310 quam
599 2257 708 2310 quod
735 2258 778 2295 in
803 2256 944 2294 eodem
970 2256 1094 2295 Suida
1122 2260 1342 2308 invenitur,
1370 2261 1586 2311 praestabit
1611 2259 1688 2299 hoc

237 2326 371 2376 ipsum
395 2324 615 2375 legentium
645 2326 769 2363 oculis
805 2326 941 2362 sistere
971 2331 1010 2362 et
1037 2325 1172 2377 paullo
1204 2327 1389 2365 attentius
1417 2327 1687 2366 considerare:

241 2393 422 2444 quamvis
441 2393 549 2429 enim
565 2393 736 2430 Allatius
756 2394 944 2431 Kusterus
964 2400 1002 2431 et
1017 2394 1217 2432 Fabricius
1235 2395 1391 2446 singula
1406 2396 1526 2433 verba
1540 2394 1687 2434 Suidae

238 2460 411 2497 multum
442 2466 619 2498 accurate
645 2458 945 2511 perpenderint,
981 2461 1173 2500 nonnulla
1190 2467 1327 2499 tamen
1343 2460 1474 2499 adhue
1489 2462 1688 2500 observ-ari

238 2527 353 2565 nobis
378 2528 594 2578 continget.
651 2527 771 2565 verba
791 2527 890 2566 haec
909 2537 1021 2567 sunt:
1052 2524 1248 2582 Γεαὶργιος
1266 2524 1454 2576 διάκονος
1473 2532 1542 2581 τῆς
1563 2527 1687 2584 μεγά-

238 2597 310 2646 λης
337 2593 546 2647 ἐκκλησίας
573 2592 640 2634 καὶ
669 2591 939 2647 χαρτσφύλαξ,
970 2593 1014 2638 τό
1046 2596 1212 2647 ἐπίκλην
1238 2595 1433 2647 Πισίδης,
1465 2593 1686 2651 ἓξαήμερον

237 2657 294 2701 δι’
317 2657 476 2714 ἰάμβων
497 2661 554 2709 εἰς
574 2660 648 2713 ἔπη
666 2662 874 2714 τρισχίλια,
909 2664 966 2712 εἰς
984 2660 1215 2717 Ἡράκλειον
1233 2657 1303 2703 τὸν
1319 2661 1504 2714 βασιλέα,
1531 2664 1601 2705 καὶ
1629 2666 1687 2714 εἰς

234 2725 303 2770 τὸν
328 2726 428 2770 nocto?
456 2730 626 2781 Περσῶν
655 2725 850 2781 πόλεμον,
884 2730 939 2771 ἔτι
960 2746 1000 2772 τε
1016 2725 1231 2782 Ἀβαρικά·
1261 2729 1539 2784 καταλογάδην
1557 2729 1686 2785 ἐγκώ-

235 2811 328 2848 μιον
350 2795 408 2845 εἰς
429 2793 502 2838 τᾶν
524 2791 704 2850 μάρτυρα
719 2792 996 2840 Ἀναστοὶσιον.
1052 2798 1173 2848 igitur
1196 2809 1298 2850 quae
1319 2803 1418 2836 teste
1438 2797 1563 2837 Suida
1583 2800 1682 2838 scri-
