1890 3224
735 171 1059 216 PRAEFATIO.
1588 185 1639 217 :n

287 288 326 329 1.
385 283 465 335 Εἰς
493 281 569 337 τήν
590 280 691 327 κατα
709 285 883 337 Περσαῖν
901 281 1154 338 ἐκστρατείαν
1173 280 1404 335 Ἡρακλείου
1426 284 1505 323 τοῦ
1520 283 1637 336 βασι-

172 351 288 402 λέως.
348 351 398 390 de
433 352 674 404 expeditione
699 352 888 390 Heraclii
913 353 1011 403 imp.
1045 357 1184 389 contra
1213 350 1373 388 Persas.
1432 357 1513 390 tres
1544 360 1639 391 sunt

172 434 376 470 acroases‚
416 422 526 464 1098
552 421 707 460 iambos
736 421 983 458 continentes
997 449 1008 469 ,
1036 421 1081 457 in
1113 418 1258 471 quibus
1286 419 1412 458 virtus
1436 427 1475 458 et
1495 421 1636 472 religio

173 489 348 529 Heraclii
364 487 590 528 immodicis
605 490 690 527 fere
707 487 894 528 laudibus
915 488 1133 535 extollitur,
1165 484 1274 539 quod
1291 487 1361 524 ille
1380 495 1489 528 actus
1508 488 1636 528 chos-

174 571 267 596 roae
286 558 392 608 regis
413 558 618 608 impietate
636 564 676 595 et
692 555 858 609 perfidia
876 557 920 594 in
939 555 1149 593 Persidem
1169 567 1280 591 arma
1295 558 1486 595 moverit:
1514 553 1639 612 κόρος

173 622 250 679 γιὶρ
281 620 356 666 ου’κ
382 619 438 677 ἦν
465 627 670 679 Περσικῆς
702 620 944 677 ἀπληστίας,
975 619 1066 664 ἀλλ’
1094 621 1286 672 ἐξέτειναν
1310 619 1383 672 τοῖς
1408 621 1556 677 ὀρέξεις
1580 626 1639 674 εἰς

171 689 350 745 φόνους,
379 699 424 730 ut
441 694 498 731 ait
514 693 686 732 Aeroae.
714 696 735 735 1
759 706 799 730 ν.
822 694 917 734 106.
973 692 1109 744 itaque
1129 691 1336 728 Heraclius
1361 690 1550 743 paschate
1571 706 1639 731 ce-

173 761 326 799 lebrato
354 767 394 798 et
418 762 628 799 servatoris
645 761 820 811 imagine
839 760 1018 797 munitus
1036 772 1183 797 navem
1204 759 1453 810 conscendit,
1484 762 1532 799 ab
1554 764 1640 799 He-

175 830 259 866 raei
289 829 556 880 promontorio
588 828 727 875 solvit,
772 840 817 864 ac
844 833 1080 878 tempestate
1099 828 1275 878 primum
1290 828 1458 867 iactatus
1477 830 1521 866 in
1540 830 1639 867 cili-

174 898 280 935 ciam
307 897 486 948 appellit.
542 895 601 932 ibi
630 891 767 932 habito
797 895 973 932 militum
1005 893 1162 933 delectu
1190 908 1328 933 omnes
1358 893 1410 932 ad
1441 908 1551 933 arma
1573 898 1640 934 in-

171 965 311 1013 struit,
341 965 554 1002 instructos
581 964 625 1000 in
653 964 795 1000 Persas
816 963 1011 1014 impellit,
1045 961 1094 1001 de
1114 963 1257 1015 quibus
1277 964 1412 1001 statim
1431 965 1557 1002 relata
1577 965 1642 1003 vi-

173 1033 296 1070 ctoria
319 1033 428 1070 intus
452 1033 496 1070 in
522 1029 729 1068 Persidem
757 1033 976 1083 irrumpere
996 1032 1183 1069 molitur:
1214 1029 1286 1070 sed
1304 1044 1396 1068 cum
1414 1032 1573 1070 barbari
1592 1031 1643 1070 de

172 1114 284 1138 more
308 1101 435 1151 ruptis
464 1098 694 1141 foederibus
715 1097 764 1137 de
784 1098 1013 1138 invadenda
1032 1101 1143 1151 regia
1162 1100 1260 1137 urbe
1282 1101 1522 1151 cogitarent,
1553 1103 1639 1153 By-

170 1170 352 1206 zantium
387 1166 517 1206 redire
553 1169 728 1219 cogitur:
771 1163 872 1208 ὅθεν
905 1163 1096 1216 τυπώσας
1127 1164 1260 1208 πάντα
1284 1164 1467 1220 σώφρονι
1491 1164 1638 1224 τρόπῳ,

171 1235 241 1278 καὶ
267 1238 327 1291 τῷ
355 1238 557 1290 στρατηγῷ
580 1233 653 1277 τὸν
684 1232 850 1289 στρατόν
870 1230 1148 1287 συναρμόσας,
1180 1234 1322 1290 καὶτῷ
1343 1237 1433 1289 θεῷ
1453 1232 1550 1284 δούς
1568 1234 1641 1284 τὰς

171 1301 242 1346 ἐπ’
272 1299 410 1352 αὐτοῖς
439 1303 624 1353 ἐλπίδας,
653 1299 778 1345 πάλιν
803 1300 908 1356 πρὸς
936 1299 1068 1355 αὐτήν
1096 1300 1173 1355 τήν
1197 1298 1316 1343 abl-av
1339 1314 1411 1343 σου
1434 1300 1640 1352 συντόνως

170 1375 349 1414 τοσαῦτα
372 1367 530 1426 πράξας
557 1370 627 1411 καὶ
653 1368 918 1424 κατορθώσας
943 1370 1104 1424 τρέχεις.
1159 1371 1216 1407 ita
1247 1369 1384 1408 Pisida
1406 1370 1582 1409 Λονοαε.
1612 1375 1639 1414 3

173 1443 257 1482 336
287 1453 379 1479 suas
407 1439 457 1478 de
485 1440 616 1490 prima
645 1438 902 1490 expeditione
921 1439 1096 1476 Heraclii
1115 1439 1160 1476 in
1179 1439 1322 1476 Persas
1339 1451 1520 1478 acroases
1542 1453 1639 1479 con-

173 1505 323 1556 cludit,
359 1508 403 1545 in
426 1507 570 1559 quibus
597 1508 693 1544 satis
724 1505 937 1556 diligenter
962 1509 1097 1545 omnia
1129 1509 1403 1559 persequitur:
1444 1509 1640 1547 scribebat

170 1575 283 1613 enim
300 1588 403 1628 quae
419 1575 492 1613 sub
511 1575 596 1612 eius
613 1575 738 1612 oculis
757 1581 844 1611 acta
863 1581 974 1612 erant
986 1603 997 1623 ,
1026 1581 1072 1611 ut
1090 1575 1272 1625 superius
1291 1574 1544 1614 observatum
1566 1583 1642 1615 est.

172 1656 314 1682 verum
335 1643 482 1681 frustra
502 1643 651 1692 Pagius
673 1643 717 1679 in
735 1642 964 1680 Baronium
980 1656 1020 1679 a.
1041 1644 1122 1683 626
1151 1639 1179 1682 4
1210 1655 1262 1679 ex
1291 1640 1355 1680 his
1386 1644 1571 1694 sperabat
1597 1658 1640 1682 se

172 1724 290 1762 posse
317 1711 504 1762 supplere
532 1722 636 1761 quae
655 1722 678 1746 a
698 1707 1011 1761 chronographis
1033 1712 1076 1749 in
1097 1707 1264 1747 historia
1289 1712 1466 1748 Heraclii
1494 1713 1643 1751 omissa

173 1783 286 1826 sunt,
316 1777 425 1829 quod
453 1775 632 1814 crederet
658 1775 840 1814 Pisidam
863 1776 913 1817 de
935 1777 1042 1814 bello
1066 1778 1226 1815 Persico
1253 1778 1493 1816 scribentem
1511 1778 1642 1818 histo-

173 1845 268 1893 rici,
305 1857 388 1882 non
422 1849 565 1895 poetae
604 1857 770 1881 munere
801 1856 888 1881 esse
918 1844 1102 1882 functum
1133 1842 1358 1894 diligenter.
1418 1847 1474 1883 ait
1509 1848 1641 1885 enim:

171 1913 330 1950 omissio
353 1912 429 1949 illa
449 1914 612 1950 nonnisi
631 1926 676 1950 ex
701 1912 872 1962 Georgio
889 1911 1047 1948 Pisidio
1066 1918 1226 1948 auctore
1242 1925 1404 1959 coaevo,
1432 1915 1505 1965 qui
1520 1915 1644 1955 edidit

173 1979 296 2018 libros
327 1987 405 2018 tres
432 1979 483 2018 de
511 1981 618 2019 bello
649 1980 828 2028 Persico,
867 1993 964 2030 quos
992 1979 1228 2017 Holstenius
1258 1979 1427 2026 habuit,
1464 1981 1645 2032 suppleri

167 2055 311 2099 potest.
373 2062 496 2100 quare
522 2061 614 2085 cum
629 2048 664 2085 is
681 2048 817 2085 omnia
832 2048 1108 2098 manuscripta
1130 2062 1206 2085 sua
1224 2048 1482 2086 Eminentiss.
1514 2049 1636 2087 Card.

173 2117 388 2153 Eancisco
413 2115 637 2154 Barberino
666 2116 876 2168 legaverit,
904 2117 1048 2167 rogavi
1075 2116 1126 2155 V.
1158 2116 1202 2156 C.
1230 2115 1556 2154 Schelestratium
1579 2116 1642 2154 bi-

174 2183 391 2221 bliotheeae
411 2184 458 2222 V
449 2185 634 2221 aticanae
649 2184 904 2235 praesectum
921 2191 967 2222 ut
976 2197 1055 2234 pro
1076 2198 1152 2221 sua
1167 2185 1211 2220 in
1228 2197 1291 2221 me
1311 2183 1578 2222 benevolentia
1595 2199 1641 2222 ex

174 2252 332 2290 Pisidio
353 2250 567 2290 describere
587 2251 721 2297 vellet,
744 2265 846 2303 quae
863 2265 970 2289 anno
985 2259 1090 2289 sexto
1108 2251 1204 2289 belli
1216 2253 1372 2290 Persici
1381 2254 1640 2304 gestasuisse

174 2328 329 2358 narrat.
390 2321 462 2358 secl
487 2319 546 2357 ad
571 2332 635 2357 me
661 2320 860 2370 rescripsit
876 2321 939 2358 vir
956 2320 1242 2358 eruditissimas
1262 2334 1303 2359 se
1321 2322 1456 2358 omnia
1476 2335 1557 2359 mss
1577 2321 1639 2359 bi-

175 2387 393 2426 hliotheeae
409 2387 675 2434 Barberinae,
699 2389 1009 2439 praesertimque
1026 2401 1128 2439 quae
1132 2388 1310 2439 fuerunt
1321 2389 1542 2436 Holstenii,
1560 2389 1639 2427 ibi-

175 2456 266 2494 dem
303 2457 519 2507 separatim
555 2463 777 2502 asservata,
815 2456 988 2494 studiose
1019 2457 1281 2506 percurrisse,
1321 2457 1393 2494 secl
1427 2457 1534 2495 nihil
1562 2457 1640 2495 sibi

178 2523 339 2574 Georgii
363 2523 506 2562 Pisidii
532 2524 758 2560 occurrisse.
820 2538 944 2575 quare
961 2524 1048 2561 alia
1065 2524 1134 2562 via
1151 2523 1264 2561 nobis
1282 2524 1460 2563 ineunda
1476 2527 1565 2572 erit,
1594 2533 1641 2563 ut

176 2590 374 2640 integram
407 2590 504 2627 belli
529 2590 653 2628 huius
684 2591 893 2643 historiam
922 2591 1099 2629 exhibere
1131 2591 1351 2630 valeamus.
1411 2593 1467 2630 ita
1494 2594 1639 2645 plane:

178 2669 275 2693 nam
291 2669 366 2695 nec
384 2657 520 2696 Pisida
536 2672 584 2696 ea
604 2660 738 2696 omnia
758 2672 860 2711 quae
879 2659 931 2697 ad
946 2661 1101 2698 bellum
1118 2659 1324 2697 Persicum
1344 2667 1523 2711 spectant
1547 2672 1642 2710 per-

178 2731 336 2762 secutus
364 2731 443 2774 est,
472 2739 547 2763 nec
573 2725 733 2764 Pisidae
761 2728 885 2765 libros
913 2729 957 2765 in
982 2725 1268 2765 bibliothecam
1291 2728 1551 2765 Barberinam
1574 2728 1640 2764 in-

179 2792 271 2829 tulit
290 2792 522 2831 Holstenius
535 2821 546 2843 ‚
576 2792 649 2832 sed
669 2807 722 2832 ex
739 2795 929 2833 Vaticana
949 2795 1168 2845 exscriptos
1186 2795 1296 2834 misit
1311 2796 1511 2832 Maltreto.
1570 2807 1638 2832 ce·
1661 2810 1699 2846 p.
1720 2797 1792 2834 XII
