1838 3210
492 188 826 258 DEscmP'Tlo
859 214 904 258 s,
936 214 1188 261 somus.
1510 218 1572 264 19

253 325 429 381 εὐχωλὴν
449 326 475 368 δ
481 324 495 342 ²
518 326 671 370 ἐπέεσσι
691 328 929 381 κομίσσατε·
963 331 1031 372 καὶ
1049 330 1127 387 γὰρ
1148 327 1299 387 ἀνάγκη

254 393 490 448 ἁπτομένοις
504 398 702 450 βαλβῖδος
719 397 760 447 ἐς
774 394 903 452 ὑμέας
920 396 1036 452 ὄμμα
1053 398 1262 449 τανύσσαι.
1503 405 1572 441 220

323 462 483 519 Τρισσὰ
502 464 576 518 μὲν
594 465 809 508 ἀντολικῶν
827 465 1103 510 ἀναπέπταται
1123 467 1233 510 ἴνδια
1254 465 1409 511 κύκλων

137 530 218 574 355
253 529 482 586 ἧμιτόμων·
517 531 628 587 ὖψοῢ
655 534 699 576 δὲ
719 533 814 589 μετ’
841 533 986 591 ὄρθιον
1008 536 1156 590 αὐχένα
1177 538 1321 591 τοίχων

251 601 428 656 σφαίρης
448 599 706 657 τετρατόμοιο
723 601 849 657 λάχος
864 603 911 646 τὸ
931 604 1123 661 τέταρτον
1140 605 1313 662 ἀνέρπει,

252 666 336 709 οἷον
354 666 454 726 ὖπέρ
473 668 683 727 τριλόφοιο
702 670 929 728 καρήατος,
955 670 1091 727 ὑψόθι
1112 671 1263 726 νώτων,

252 741 390 790 σχῆμα
407 736 689 792 πολυγλήνοισι
710 739 819 789 ταὼς
836 739 1092 796 πτερύγεσσιν
1110 743 1261 799 ἐγείρει.
1503 743 1570 780 225

250 803 398 859 κόγχας
414 810 543 847 ταῦτα
561 803 718 862 κάρηνα
734 809 856 864 σοφοὶ
874 807 1085 862 τεχνήμονι
1104 809 1230 867 μύθῳ

134 875 218 915 360
251 872 387 929 ἀνέρες
407 871 655 927 ηὐδάξαντο·
687 875 734 917 τὸ
759 875 802 918 δ’
831 876 1012 932 ἀτρεκές,
1047 877 1124 919 εἴτ’
1148 878 1227 919 ἀπὸ
1249 876 1395 933 κόγχου

250 942 420 984 εἰναλίου
440 942 624 986 καλέουσι
645 941 845 999 δαήμονες
865 944 941 987 εἴτ>
965 944 1045 986 ἀπὸ
1067 945 1228 1000 τέχνης,

249 1009 369 1052 αὐτοί
380 1027 457 1052 που
477 1009 658 1055 δεδάασι.
723 1013 826 1068 μέση
846 1013 888 1055 δ’
908 1011 1084 1065 ἐζώσατο
1102 1012 1268 1063 θώκους

244 1076 514 1132 μυστιπόλους
534 1081 601 1123 καὶ
619 1078 767 1138 βάθρα
786 1083 1024 1140 περίδρομα.
1057 1084 1126 1125 καὶ
1144 1083 1196 1126 τὰ
1215 1082 1289 1137 μὲν
1310 1078 1443 1123 αὐτῶν

242 1144 435 1202 ὖστατίην
454 1145 534 1191 ὑπὸ
554 1150 674 1201 πέζαν
696 1150 934 1203 ἀολλίζουσα
956 1150 1134 1195 συνέλκει

129 1213 212 1257 365
247 1214 456 1273 ἐγγύτερον
474 1219 563 1274 περὶ
580 1218 743 1276 κέντρον
763 1220 826 1261 ἐπὶ
838 1217 1012 1274 χθονός·
1047 1218 1153 1263 ὅσσα
1173 1218 1214 1262 δ’
1237 1217 1390 1273 ἀνίσχει

244 1282 419 1338 ὑψόθεν,
454 1284 661 1343 εὐρύνουσι
682 1286 893 1331 διάστασιν
911 1288 1006 1346 ἄχρι
1021 1286 1196 1331 θοώκων

245 1352 450 1408 ἀργυρέων
468 1355 571 1398 κατὰ
591 1354 724 1409 βαιόν,
755 1357 1003 1411 ἀεξομένοισι
1025 1358 1069 1400 δὲ
1090 1356 1250 1407 κύκλοις

247 1422 331 1463 αἰὲν
348 1424 666 1475 ε’πεμβαίνουσαν
682 1427 948 1468 ἒπειλίσσουσι
969 1426 1146 1482 κεραίην.
1499 1422 1567 1458 235

244 1488 317 1542 τὴν
338 1491 382 1531 δὲ
400 1492 675 1544 μετεκδέχεται
693 1500 901 1549 κρατεροῖς
919 1493 1097 1550 ἀραρυῖα
1118 1491 1323 1546 θεμείλοις

128 1558 211 1599 370
245 1558 286 1607 ἐς
300 1555 423 1610 βάσιν
441 1556 755 1613 εὐθύγραμμος,
789 1560 945 1615 ’ὕπερθε
967 1561 1010 1601 δὲ
1031 1558 1191 1609 κύκλιος
1210 1558 1347 1607 ἄντυξ,

244 1623 446 1680 σχήμασιν
467 1626 515 1668 οὗ
532 1628 709 1683 σφαίρης
725 1628 946 1682 ἐναλίγκιος
965 1628 1070 1670 ἀλλὰ
1090 1629 1303 1682 κυλίνδρου

243 1692 389 1748 ἄνδιχα
405 1695 673 1748 τεμνομένοιο.
742 1693 828 1738 δύω
848 1695 890 1738 δ’
915 1696 956 1746 ἒς
973 1698 1108 1746 κίονας
1125 1695 1252 1744 ἄλλας

242 1760 391 1817 κόγχας
412 1763 678 1819 ἀμφοτέρωθι
697 1763 969 1820 προβάλλεται
989 1766 1030 1815 ἐς
1047 1763 1162 1807 δύσιν
1185 1765 1337 1820 ἕρπειν,
1497 1764 1567 1799 240

244 1827 384 1887 οἷάπερ
408 1829 654 1877 ἓκτανύουσα
671 1833 1050 1888 περιγναμφθέντας
1066 1829 1276 1887 ἀγοστούς,

198 1947 268 2002 3ξ4
289 1943 382 2028 ἄορῖὴ
406 1946 475 1992 τῆς
497 1945 708 1992 &quoduam
728 1947 800 1983 τοῦ
823 1947 920 1984 ναοῦ·
942 1958 1076 1994 margo.
1235 1946 1306 1983 363
1332 1942 1376 1980 τὸ
1404 1941 1472 1989 μὲν
1493 1940 1565 1978 αὖ·

195 2005 265 2038 της
284 2006 303 2028 c
351 2006 407 2029 ex.

106 2096 209 2130 nibus
230 2095 350 2130 divina
372 2095 585 2141 penetralia3
609 2095 816 2130 carminibus
839 2096 946 2130 decus
967 2095 1113 2129 afferte:
1136 2104 1281 2128 necesse
1305 2093 1436 2139 quippe
1455 2095 1508 2126 est
1526 2095 1565 2126 ut

107 2142 169 2188 qui
191 2142 291 2187 (220)
313 2141 434 2176 valvas
453 2146 612 2187 tangunt,
637 2143 682 2177 ad
702 2154 766 2176 vos
790 2141 907 2175 oculos
931 2141 1104 2175 attollant.

198 2187 346 2234 Triplex
366 2189 410 2222 ad
433 2188 601 2222 orientem
620 2187 659 2221 in
683 2187 891 2222 semicirculi
914 2187 1067 2232 speciem
1090 2185 1316 2230 compositum
1334 2188 1434 2230 patet
1451 2183 1562 2217 domi-

106 2232 241 2267 cilium=
273 2245 425 2279 superne
455 2239 568 2268 autern
590 2233 628 2267 in
651 2233 826 2279 superiori
847 2244 1021 2267 murorum
1042 2231 1222 2277 crepidine
1244 2231 1415 2276 sphaerae
1438 2235 1564 2275 quarta

105 2291 189 2326 pars
208 2280 381 2325 assurgit,
405 2291 480 2314 eam
499 2281 660 2314 referens
683 2280 784 2323 (225)
807 2280 952 2324 figuram
973 2289 1076 2323 quam
1098 2289 1205 2322 supra
1228 2282 1333 2322 caput
1353 2276 1467 2310 tribus
1491 2276 1561 2309 cri-

98 2326 171 2360 stis
189 2326 327 2371 insigne
344 2326 382 2360 in
400 2337 553 2371 expanso
575 2331 676 2370 tergo
699 2324 824 2371 pennis
848 2323 994 2359 oculatis
1019 2323 1150 2358 excitat
1166 2334 1273 2368 pavo.
1320 2322 1470 2357 conchas
1498 2322 1562 2355 hos

105 2371 281 2415 vertices,
305 2373 391 2406 artis
408 2372 701 2406 architectonicae
722 2370 912 2415 vocabulo,
936 2375 1065 2404 vocant
1086 2369 1156 2403 viri
1179 2367 1433 2412 intelligentes:
1468 2368 1563 2411 quod

98 2422 220 2451 nutem
243 2423 373 2452 certum
397 2422 469 2462 est,
501 2430 626 2452 nomen
654 2417 739 2452 illud
767 2417 846 2452 sive
873 2428 894 2451 a
916 2416 1070 2450 conchae
1093 2414 1246 2448 marinae
1266 2414 1380 2459 figura
1401 2413 1563 2447 indidere

104 2463 226 2508 periti,
248 2463 325 2498 sive
348 2465 391 2498 ab
411 2468 486 2498 arte
504 2468 678 2508 utcunque
696 2463 865 2504 didicere,
898 2462 1012 2496 media
1035 2461 1167 2495 concha
1189 2461 1292 2494 sedes
1316 2461 1418 2512 (330)
1442 2470 1560 2512 sacer-

105 2509 239 2543 dotales
260 2509 500 2555 complectitur
518 2515 555 2544 et
571 2509 735 2544 subsellia
751 2509 789 2543 in
810 2509 929 2543 orbem
950 2507 1205 2547 circumducta3
1230 2510 1267 2539 et
1284 2506 1422 2551 quidem
1445 2504 1562 2548 aliqua

106 2565 153 2588 ex
170 2554 261 2601 ipsis
281 2557 346 2590 sub
370 2561 559 2590 extremum
580 2555 769 2599 marginem
791 2554 956 2599 colligens
981 2553 1075 2588 humi
1101 2551 1260 2598 proxime
1287 2551 1382 2585 circa
1404 2555 1562 2585 centrum

105 2601 293 2636 contrahit.
339 2613 566 2647 quaecunque
595 2607 708 2636 autem
731 2612 884 2645 superne
911 2604 1121 2644 assurgunt,
1150 2597 1302 2642 spatium
1331 2608 1429 2631 suum
1452 2606 1563 2639 usque

106 2646 152 2680 ad
175 2646 277 2680 sedes
299 2653 484 2692 argenteas
506 2647 634 2682 sensim
659 2649 869 2690 extendunt,
902 2652 939 2680 et
956 2644 1239 2680 excrescentibus
1263 2642 1401 2676 circulis
1423 2652 1561 2685 semper

105 2691 304 2736 impositum
324 2694 458 2738 apicem
481 2693 766 2728 circumvolvunt.
813 2692 916 2736 (235)
935 2692 1024 2725 hanc
1046 2689 1180 2735 excipit
1196 2688 1450 2723 concameratio
1470 2686 1541 2720 vali

107 2738 163 2772 dis
184 2737 384 2773 incumbens
399 2739 651 2783 fundamentis,
674 2739 712 2772 in
733 2739 803 2774 ima
825 2738 966 2784 quidem
989 2742 1090 2782 parte
1109 2736 1147 2771 in
1170 2740 1286 2769 rectas
1309 2735 1415 2768 ducta
1435 2733 1557 2772 lineas,

106 2794 258 2828 superne
279 2795 365 2817 vero
385 2784 423 2818 in
445 2787 564 2820 orbem
584 2785 797 2831 composita,
830 2795 945 2828 neque
964 2788 1082 2817 tamen
1108 2780 1229 2816 circuli
1249 2780 1386 2814 omnino
1408 2779 1470 2812 sed
1495 2787 1559 2818 cy-

106 2827 213 2863 lindri
229 2829 393 2863 bifariam
416 2829 522 2863 divisi
542 2831 676 2876 figurae
699 2830 834 2864 similis.
868 2830 954 2864 duas
973 2840 1056 2863 vero
1081 2826 1182 2872 (240)
1202 2825 1352 2860 conchas
1370 2824 1456 2858 alias
1476 2832 1558 2874 ver-

107 2885 168 2908 sus
198 2875 371 2910 columnas
401 2874 564 2920 utrinque
596 2876 774 2921 protendit
803 2876 848 2911 ad
879 2874 1093 2910 occidentem
1126 2870 1410 2918 progredientes,
1452 2866 1559 2925 velun
