1890 3224
268 173 361 221 142
606 172 883 228 QUERCIUS
916 171 975 214 IN
1009 170 1371 227 HERACLIADIS

260 286 430 324 Aeneid.
458 288 484 326 2
502 282 583 325 430
604 281 652 319 de
670 279 848 319 Pantheo
870 278 1069 333 Othryade
1082 309 1093 330 ,
1123 294 1242 334 quem
1261 294 1332 318 nec
1343 282 1474 332 pietas
1491 295 1562 320 nec
1579 282 1714 333 Apol.

264 343 357 381 linis
376 341 511 393 infida
533 339 638 375 texit.
912 378 914 380 v

375 400 415 438 6.
474 397 641 433 citantur
667 392 711 431 hi
735 400 814 431 tres
843 393 988 431 senarii
1004 406 1026 430 a
1046 391 1170 431 Suida
1190 394 1234 430 in
1254 406 1292 431 v.
1312 392 1464 446 ἔγγυον.
1519 395 1714 433 Aemilius

261 457 403 493 Portus
424 454 574 503 legerat
590 452 632 487 in
652 449 825 495 secundo
846 446 1027 500 Χοσρὸου
1046 449 1227 503 λέγοντος
1246 463 1317 501 pro
1337 446 1540 503 λήγοντος,
1558 464 1602 489 ac
1619 465 1716 503 pro-

262 510 355 549 inde
374 515 543 546 verterat
565 514 764 545 annuente
783 520 853 558 pro
880 506 1093 555 deficiente.
1156 507 1315 544 consule
1349 519 1450 558 quae
1482 509 1525 544 in
1550 508 1627 544 fine
1651 522 1717 546 se—

265 565 415 604 cundae
442 572 481 602 et
505 566 549 601 in
573 565 767 615 principio
792 565 931 601 tertiae
955 576 1158 601 acroaseos
1180 563 1228 600 de
1246 563 1400 613 Exped.
1427 562 1716 613 adnotavimus,

264 631 307 660 ut
326 623 526 672 intelligas
555 634 623 658 cur
646 619 712 657 hic
741 624 858 672 poeta
885 621 1023 657 lunam
1043 618 1221 658 hortetur
1243 627 1286 657 ut
1306 627 1462 658 mortuo
1481 618 1655 659 Chosroa
1674 622 1718 658 in

262 693 333 718 suo
357 678 578 730 plenilunio
601 677 816 714 clarissime
839 675 1102 728 resplendeat.

375 737 416 776 8.
473 737 687 787 θεουργεῖν
702 730 776 784 τὴν
793 733 933 783 κτίσιν,
961 732 1146 770 honorem
1164 733 1233 770 deo
1255 731 1430 770 debitum
1447 732 1563 770 rebus
1580 735 1720 771 creatis·

262 791 430 829 tribuere
437 805 454 839 ,·
496 789 603 842 quod
625 791 694 842 qui
712 790 881 838 faciunt,
925 791 1009 827 veri
1028 796 1119 827 sunt
1135 788 1368 826 idololatrae
1394 796 1436 826 ut
1453 792 1596 827 Persae
1609 819 1620 839 ,
1650 793 1719 842 qui

262 849 366 886 bona
384 861 481 899 pace
500 845 682 884 Thomae
700 846 823 898 Hydii
843 853 881 883 et
901 859 1039 884 eorum
1058 847 1127 898 qui
1147 859 1237 883 cum
1253 844 1387 898 Hydio
1405 847 1590 896 sentiunt,
1609 854 1719 885 erant

263 917 399 943 revera
418 899 675 957 ἄστρολᾶτραι
694 909 732 940 et
751 900 1029 955 πυρσολάτραι.

376 964 442 1001 10.
500 955 669 1010 φόνους,
698 967 794 1010 puto
811 958 876 996 hic
901 972 987 997 esse
1009 972 1202 1011 equorum
1224 959 1425 1006 sacrificia,
1457 972 1557 1011 quos
1575 961 1719 998 Persae

263 1018 338 1055 soli
359 1016 631 1054 immolabant.
689 1015 781 1053 vide
807 1015 854 1052 de
882 1016 1035 1065 Exped.
1067 1019 1087 1055 1
1115 1014 1167 1055 24
1193 1022 1231 1052 et
1258 1029 1364 1065 seqq.
1396 1015 1454 1052 ibi
1479 1017 1586 1053 enim
1601 1021 1719 1067 poeta

261 1075 474 1111 Persarum
503 1073 711 1110 stultitiam
739 1072 842 1110 salse
866 1071 1016 1109 irridet.
1074 1069 1139 1108 hic
1161 1077 1295 1108 autem
1318 1071 1444 1108 solem
1463 1079 1599 1109 monet
1625 1080 1668 1110 ut
1697 1086 1720 1109 a
1760 1106 1762 1108 ,

264 1131 455 1180 sanguine
486 1130 737 1166 victimarum
768 1141 810 1166 se
831 1128 995 1166 abluens
1016 1127 1201 1165 omnibus
1222 1133 1409 1165 testatum
1427 1128 1558 1177 faciat,
1589 1141 1631 1166 se
1654 1142 1719 1166 re-

264 1199 405 1238 spuere
426 1185 615 1223 sacrificia
632 1185 792 1221 nonnisi
810 1183 883 1221 deo
904 1182 1119 1221 offerenda.

379 1241 444 1281 14.
504 1242 599 1278 scite
622 1253 675 1277 ex
690 1242 901 1277 Persarum
921 1239 1110 1277 doctrina.
1142 1237 1220 1276 duo
1241 1239 1348 1276 enim
1366 1245 1476 1276 erant
1497 1239 1604 1290 apud
1621 1242 1720 1277 Per-

265 1311 328 1336 sas
356 1310 511 1335 summa
540 1297 705 1333 numina
725 1295 964 1333 Oromazdes
993 1302 1031 1332 et
1051 1296 1278 1332 Arimanius
1291 1324 1301 1343 ,
1341 1295 1417 1332 sibi
1435 1296 1609 1332 invicem
1624 1310 1722 1334 con-

264 1355 406 1402 traria,
447 1365 616 1405 quorum
641 1365 767 1388 unum
795 1359 877 1389 erat
907 1352 1123 1399 bonorum,
1164 1351 1333 1388 alterum
1353 1351 1549 1388 malorum
1570 1352 1658 1390 fons
1683 1360 1722 1390 et

264 1412 395 1460 origo:
428 1416 471 1446 ut
493 1409 601 1446 enim
622 1406 860 1446 Oromazdes
882 1409 982 1445 lucis
995 1437 1006 1456 ,
1036 1408 1092 1444 ita
1112 1408 1341 1445 Arimanius
1361 1414 1495 1461 auctor
1512 1408 1642 1446 fuerat
1659 1415 1722 1446 te·-

264 1467 491 1503 nebrarum.
549 1463 643 1502 hinc
661 1471 794 1502 tantus
813 1463 940 1502 honor
958 1465 1032 1502 soli
1053 1464 1136 1501 luci
1156 1470 1195 1501 et
1212 1465 1298 1515 igni
1316 1462 1475 1501 habitus
1499 1471 1557 1501 est
1582 1477 1605 1501 a
1623 1466 1721 1502 Per-

266 1525 320 1561 sis
333 1552 343 1570 ,
382 1530 425 1559 ut
447 1522 578 1558 ubivis
599 1521 779 1559 locorum
801 1528 932 1559 essent
954 1521 1127 1558 excitata
1149 1521 1322 1571 templa,
1361 1533 1463 1572 quae
1489 1525 1633 1573 πυρεῖα
1657 1522 1724 1558 vel

266 1581 486 1631 πυραιθεῖα
504 1577 759 1615 vocabantur.
818 1578 924 1615 intus
944 1578 1052 1614 enim
1074 1577 1180 1627 ignis
1199 1589 1318 1627 super
1342 1589 1428 1613 aras
1446 1578 1599 1627 positus
1626 1578 1723 1615 reli-

267 1635 489 1686 giosissime
509 1633 721 1681 colebatur,
750 1633 819 1685 qui
837 1647 887 1670 ne
907 1645 1086 1684 unquam
1103 1633 1413 1682 extingueretur,
1443 1634 1621 1670 maxima
1639 1640 1722 1671 erat

266 1693 476 1741 Magorum
494 1703 600 1727 cura.
655 1696 829 1740 praestat
846 1690 979 1740 legere
995 1686 1187 1725 Bruckeri
1207 1689 1319 1725 Hist.
1343 1689 1431 1725 crit.
1452 1688 1607 1726 Philas.
1625 1697 1718 1727 tom.

269 1749 291 1787 1
317 1746 387 1783 leb.
410 1749 451 1794 2,
482 1759 559 1798 quo
580 1758 698 1783 nemo
717 1746 862 1783 melius
878 1747 1091 1782 Persarum
1111 1750 1284 1795 systema
1303 1745 1531 1794 explicavit.
1589 1746 1722 1798 itaque

266 1802 400 1840 Pisida
420 1816 473 1840 ex
491 1804 702 1839 Persarum
720 1802 876 1852 placitis
897 1800 991 1838 dicit
1014 1799 1231 1838 Chosroam
1251 1813 1274 1837 a
1296 1801 1407 1848 luce,
1439 1813 1559 1852 quam
1579 1801 1723 1840 adora-

268 1860 355 1907 bat,
379 1860 422 1895 in
439 1859 641 1906 tenebras,
671 1856 714 1894 id
734 1859 852 1895 estin
875 1863 1110 1908 potestatem
1129 1856 1290 1904 diaboli,
1321 1855 1532 1894 cecidisse:
1561 1859 1595 1895 si
1616 1860 1724 1896 enim

266 1916 349 1952 ulla
367 1914 464 1952 fides
482 1915 679 1951 Arabibus
698 1914 964 1964 scriptoribus,
985 1912 1208 1950 Abulfedae
1228 1913 1453 1950 testimonio
1473 1913 1579 1965 apud
1596 1917 1724 1952 Poco-

268 1970 403 2009 ckium
427 1971 541 2022 Spec.
566 1970 658 2007 hist.
679 1969 813 2007 Arab.
836 1984 881 2020 p.
906 1969 985 2011 146
1006 1971 1080 2007 lux
1102 1976 1162 2007 est
1177 1970 1307 2006 Persis
1328 1967 1437 2006 idem
1459 1982 1504 2007 ac
1528 1969 1624 2008 deus
1649 1972 1724 2008 bo—

267 2042 364 2076 nus,
410 2034 449 2064 et
474 2027 659 2065 tenebrae
685 2025 879 2064 diabolus.
938 2028 978 2063 at
995 2025 1130 2064 Pisida
1150 2025 1284 2062 forsan
1302 2023 1369 2062 hic
1389 2038 1584 2063 carcerem
1603 2029 1722 2064 etiam

269 2084 464 2134 designat,
494 2085 537 2121 in
561 2096 681 2135 quem
697 2081 890 2120 Chosroes
910 2083 1047 2120 Siroae
1068 2082 1139 2119 filii
1160 2083 1270 2119 iussu
1294 2082 1492 2119 coniectus
1513 2089 1592 2130 est,
1620 2095 1722 2135 quae
1755 2076 1759 2082 ⁵

268 2141 480 2178 vocabatur
511 2138 536 2179 ὅ
564 2136 674 2186 οἶκος
699 2141 775 2179 τοῦ
801 2135 967 2186 σκότου,
1010 2144 1054 2175 111
1081 2144 1214 2174 narrat
1241 2135 1510 2187 Theophanes
1539 2153 1587 2188 p.
1626 2142 1722 2188 271,

270 2198 359 2247 qui,
403 2203 448 2233 ut
474 2196 569 2234 alibi
598 2196 848 2243 monuimus,
885 2194 1050 2231 minime
1082 2194 1275 2231 consentit
1303 2206 1393 2230 cum
1411 2201 1545 2232 nostro
1567 2196 1723 2234 iambo-

269 2251 436 2304 grapho.

383 2308 450 2350 15.
506 2304 724 2354 Persidem,
753 2306 796 2343 111
812 2318 889 2357 qua
909 2312 1018 2342 erant
1037 2306 1181 2357 ubique
1196 2305 1334 2342 altaria
1349 2306 1393 2342 111
1410 2304 1603 2343 honorem
1618 2307 1722 2357 ignis

270 2370 483 2411 exstructa,
512 2363 677 2409 fornaci,
706 2363 749 2399 111
768 2375 888 2413 quam
905 2363 1048 2399 Daniel
1068 2369 1126 2399 est
1146 2362 1334 2410 iniectus,
1364 2375 1446 2399 non
1465 2361 1628 2413 illepide
1649 2361 1722 2400 ad-

270 2422 431 2468 similat,
460 2426 504 2456 ut
522 2419 732 2455 Danielem
751 2419 920 2455 alterum
936 2419 1057 2456 fuisse
1079 2417 1319 2455 demonstret
1337 2419 1578 2456 Heraclium.

383 2478 450 2517 16.
505 2475 662 2511 Daniel.
686 2488 720 2511 c.
748 2477 773 2524 3
802 2474 871 2516 50.

386 2534 450 2572 17.
508 2530 604 2567 ibid.
632 2531 700 2571 48.

382 2590 451 2628 20.
509 2589 648 2624 Persas
670 2593 812 2638 aequat
830 2584 1054 2635 Chaldaeis,
1085 2587 1153 2638 qui
1172 2599 1194 2623 a
1213 2586 1416 2633 leonibus,
1447 2586 1590 2637 quibus
1610 2586 1722 2623 obie-

274 2651 358 2682 ctus
377 2645 520 2680 Daniel
535 2644 696 2681 illaesus
719 2650 918 2691 evaserat,
948 2650 1139 2695 tanquam
1159 2642 1277 2682 αἴτιοι
1293 2644 1366 2694 τῆς
1383 2638 1580 2690 ἀπωλείας
1597 2638 1724 2683 αὐτοῦ

274 2700 450 2738 devorati
473 2706 578 2737 sunt.

385 2759 453 2798 22.
512 2754 728 2801 Chosroam
743 2784 753 2803 ,
790 2767 911 2806 quem
934 2768 1062 2806 nuper
1086 2751 1461 2792 Nabuchodonosori
1492 2754 1542 2791 ob
1566 2766 1723 2791 morum

273 2814 470 2851 feritatem
498 2811 759 2863 comparavit,
797 2824 901 2849 1111110
929 2812 978 2849 ob
1006 2813 1151 2849 mentis
1179 2811 1424 2861 superbiam,
1469 2817 1507 2847 et
1529 2811 1723 2848 insaniam
