1838 3210
491 120 829 195 DESCRIPTIO
863 150 908 194 s.
943 150 1194 198 SOPHIAE.
1513 157 1576 202 23

133 262 214 307 435
250 262 412 320 γαστέρι
434 264 630 320 δεξαμένη
650 264 721 307 τὸν
738 262 925 323 διμήτορα
942 268 1070 320 παῖδα
1090 271 1205 311 θεοῖο
1251 306 1254 308 ,

252 332 436 389 Χριστὸν
455 331 748 389 ἀνεβλάστησεν
771 333 1075 392 ἄπειρογάμοισι
1097 337 1283 391 λοχείαις,
1533 345 1579 379 20

250 399 455 458 μητρῴοις
476 402 520 443 δ’
540 399 716 457 ὖπέθηκε
735 403 806 445 τὸν
826 402 1006 461 ἄσπορον
1028 405 1117 447 υἱέα
1137 409 1323 460 θεσμοῖς.

251 468 352 511 ἔπτὰ
373 470 417 512 ‹5'
441 468 659 527 ἀνευρύνας
675 471 808 528 ἱεροὺς
826 476 1034 523 πυλεῶνας
1052 473 1198 529 ἀνοίγει
1207 506 1221 526 ,

252 538 352 579 λαὸν
373 536 450 582 ἴσω
470 539 687 592 καλέοντας
708 538 925 594 ὁμιλαδόν·
964 541 1059 584 ἀλλ’
1085 540 1107 585 ὃ
1126 544 1201 596 μὲν
1223 542 1356 586 αὐτῶν

135 604 220 648 440
253 607 510 664 ἐνστρέφεται
527 606 736 665 νάρθηκος
757 610 820 650 ἐπὶ
841 616 1005 653 στεινοῖο,
1027 609 1223 665 μετώπιον

253 675 295 725 ἐς
308 673 445 727 νότον,
479 674 525 726 ὃς
545 677 590 719 δὲ
608 681 762 734 βορῆος
780 678 844 719 ἐπὶ
861 677 1008 735 πτερά·
1042 683 1123 723 τῶν
1142 697 1185 736 γε.
1202 680 1277 735 μέν
1297 679 1431 724 ἄλλων
1530 688 1576 723 25

252 741 445 800 νηοκόρος
464 743 676 801 παλάμῃσι
691 743 902 799 μεμυκότα
920 747 1073 804 θαιρόν
1091 747 1238 804 ἀνοίγει

251 809 433 868 ἑσπέριον
453 814 544 873 περὶ
562 818 711 866 τοῖχον,
745 811 790 863 ὃς
809 812 983 864 ὕστατός
1003 816 1086 858 ἔστι
1106 815 1335 874 μελάθρου.

319 882 394 936 ΙῚῇ
413 881 616 937 φέρομαις
640 882 702 931 τίς
716 885 856 935 μῦθον
871 880 1078 939 ἀνήρπασε
1097 885 1300 940 πλαγκτὸν
1317 884 1445 941 ἀήτης

138 943 221 988 445
256 945 398 1005 οἷάπερ
418 950 460 990 ἐν
476 948 713 1006 πελάγεσσι,·
738 950 862 1005 μέσον
881 953 1166 1009 παραὸέὸρομε
1189 958 1288 1007 νηοῦ

252 1020 389 1074 χῶρον
403 1015 697 1074 ὑπερκύδαντα.
762 1018 883 1062 πάλιν
897 1018 1107 1075 νόστησον,
1141 1019 1276 1075 ἀοιδή,
1536 1028 1582 1062 30

255 1083 423 1139 θάμβος
443 1085 523 1143 ὅπῃ
543 1085 793 1131 πανάπιστον
815 1090 925 1141 ἰδεῖν,
959 1088 1210 1133 πανάπιστον
1230 1090 1416 1133 ἀκοῦσαι.

257 1155 333 1195 εἶσὶ
353 1154 431 1211 γὰρ
453 1154 687 1207 ἀντολικούς
704 1174 748 1200 τε
769 1158 836 1202 καὶ
858 1155 1066 1215 ἑσπερίους
1083 1159 1187 1212 μετὰ
1206 1157 1390 1211 κύκλους,

258 1219 432 1273 κύκλους
451 1220 673 1278 ἡμιτελεῖς,
700 1225 805 1280 μετὰ
820 1227 935 1270 κίονα
956 1228 1095 1283 δίζυγα
1119 1226 1277 1282 Θήβης,

143 1286 227 1332 450
261 1290 447 1346 εὖπαγίες
463 1299 592 1347 τοῖχοι
609 1295 775 1352 πίσυρες
783 1326 797 1347 ,
830 1297 974 1351 γυμνοὶ
988 1297 1063 1350 μέν
1080 1294 1262 1354 ὁρᾶσθαι

255 1357 451 1415 πρόσθεν,
483 1362 545 1403 ἐπὶ
564 1363 741 1420 πλευρὰς
759 1365 804 1405 δὲ
823 1366 892 1406 καὶ
913 1364 1117 1421 ἅρραγέας
1133 1366 1224 1421 περὶ
1242 1359 1394 1413 νῶτους
1538 1365 1586 1403 35

257 1426 396 1469 ἀντ...
422 1430 687 1484 σφιγχθέντες
709 1431 951 1487 ἕρείσμασιν,
979 1431 1220 1486 εὖκαμάτοις
1240 1432 1284 1474 δὲ

255 1495 430 1551 τέτραχα
448 1498 714 1553 μοιρηθὲντες
732 1498 1028 1554 ἐφεδρήσσουσι
1045 1503 1267 1553 θεμείλοις,

256 1563 420 1618 πέτραις
437 1564 700 1620 ἀρραγέεσσιν
723 1564 940 1622 ἀρηρότες,
975 1560 1032 1608 ὧν
1053 1567 1123 1609 διὰ
1142 1568 1294 1621 μέσσου

141 1628 225 1671 455
260 1635 410 1686 ψῆγμα
431 1634 715 1689 πυριφλέκτοιο
736 1635 859 1676 λίθου
881 1639 1080 1692 προχοῇσι
1099 1634 1301 1694 κεράσσας

261 1697 457 1757 ἁρμονίην
475 1699 647 1751 ξύνωσεν
665 1701 768 1760 ἀνὴρ
789 1700 997 1760 δωμήτορι
1016 1704 1147 1762 τέχνῃ.
1543 1704 1589 1740 40

214 1827 285 1862 437
307 1838 375 1872 quo
399 1832 503 1873 pacto
527 1828 673 1873 deipara
701 1828 839 1863 dicatur
862 1828 1030 1875 innupta,
1061 1830 1145 1864 vide
1168 1830 1209 1864 S.
1234 1831 1384 1875 August.
1406 1829 1520 1863 Serm-
1545 1827 1589 1862 18

216 1874 262 1907 de
285 1873 407 1907 Sanct.
428 1878 464 1907 et
484 1874 557 1919 Ep.
581 1875 605 1908 3
628 1875 674 1908 ad
693 1874 795 1910 Diae.
818 1874 914 1910 Duc.
1006 1874 1073 1910 451
1101 1873 1284 1920 ἀρραγὲος
1302 1874 1387 1920 περὶ
1406 1873 1528 1909 νώτου
1552 1875 1590 1907 G

215 1915 522 2008 ἒῗὲράντισέέέἒές
542 1919 758 1965 Ducangius.
864 1920 934 1957 453
956 1917 1116 1967 τέτραχα
1139 1923 1187 1968 G,
1210 1920 1359 1966 τέτρακι
1375 1919 1588 1965 Ducangius‚

127 2075 235 2121 clyti,
265 2076 363 2112 cuius
383 2076 611 2112 celeberrima
633 2087 789 2123 propago
814 2077 894 2122 (20)
916 2075 1093 2113 Christum
1116 2077 1175 2113 dei
1196 2078 1330 2123 absque
1351 2080 1461 2112 matre
1482 2076 1591 2111 filium

126 2124 207 2157 alvo
225 2123 405 2168 excipiens
422 2128 525 2168 partu
543 2123 743 2177 nuptiarum
761 2123 901 2169 experti
920 2124 1054 2168 genuit,
1076 2124 1312 2168 maternisque
1329 2122 1463 2168 legibus
1482 2123 1591 2157 filium

128 2169 206 2203 sine
229 2169 361 2204 semine
382 2174 499 2204 natum
522 2169 687 2205 sublecit.
733 2169 795 2214 qui
827 2169 924 2204 locus
955 2169 1077 2214 pandit
1108 2176 1146 2204 et
1177 2170 1293 2215 aperit
1315 2175 1450 2215 septem
1471 2179 1590 2203 sacras

127 2220 248 2260 portas
261 2241 272 2259 ‚
306 2214 471 2260 populum
499 2214 593 2250 intus
620 2214 813 2252 invitantes
844 2216 1062 2250 catervatim.
1111 2227 1257 2262 quarum
1286 2226 1357 2249 una
1383 2215 1428 2249 ad
1450 2214 1590 2259 angusti

129 2260 304 2295 nai-thecis
328 2262 478 2296 frontem
500 2261 579 2305 (25)
601 2271 726 2295 versus
747 2266 900 2296 austrum
928 2260 1166 2306 convertitur,
1197 2261 1266 2296 alia
1297 2272 1421 2295 versus
1446 2267 1588 2307 septen—

129 2306 312 2341 trionalem
342 2306 446 2341 alam=
486 2312 682 2342 ceterarum
713 2313 828 2342 autem
857 2318 947 2352 quae
981 2307 1026 2341 ad
1054 2318 1186 2342 murum
1220 2306 1490 2350 occidentalem,
1530 2305 1591 2351 qui

129 2351 251 2433 ffimpli
271 2357 466 2398 postremus
489 2357 564 2398 est,
599 2357 779 2399 prostant,
818 2358 1042 2388 resonantem
1064 2354 1240 2389 cardinem
1263 2363 1367 2388 manu
1390 2353 1506 2399 aperit
1529 2363 1590 2386 ae-

169 2402 261 2433 tuus.

225 2443 299 2478 Sed
330 2455 399 2489 quo
424 2443 550 2479 feror?
579 2455 714 2490 quaeve
739 2445 816 2489 (30)
839 2444 953 2480 medio
985 2443 1096 2480 veluti
1121 2443 1160 2479 in
1190 2444 1315 2491 pelago
1346 2445 1531 2488 vagantem
1555 2447 1592 2476 et

133 2490 361 2524 errabundam
385 2490 576 2525 orationem
598 2490 744 2525 abduxit
764 2490 950 2535 procella?
979 2490 1195 2537 praeclaram
1216 2489 1334 2537 templi
1359 2494 1495 2536 partem
1516 2500 1590 2524 me-

133 2535 226 2570 diam
247 2535 446 2580 praeteriit.
494 2547 537 2570 eo
564 2535 675 2580 igitur
703 2547 838 2572 rursum
859 2537 963 2572 Musa
989 2537 1203 2582 regredere,
1231 2537 1292 2571 ubi
1314 2535 1514 2570 miraculum
1537 2539 1592 2568 est

135 2586 173 2614 et
202 2581 406 2616 incredibile
434 2580 515 2616 visu
544 2586 582 2616 et
609 2580 729 2617 auditu
750 2582 971 2617 incredibile.
1020 2587 1159 2618 exstant
1181 2581 1272 2616 enim
1300 2587 1382 2627 post
1405 2579 1592 2615 orientales

136 2630 174 2659 et
204 2627 436 2662 occidentales
465 2638 587 2672 arcus,
624 2639 724 2662 arcus
755 2627 937 2672 dimidios,
968 2633 1051 2674 post
1081 2629 1167 2663 duas
1198 2628 1387 2663 Thebanas
1418 2626 1592 2662 columnas

135 2672 216 2715 (35)
239 2672 330 2707 bene
351 2673 521 2718 compacti
544 2673 634 2708 muri
655 2678 838 2718 quattuor,
876 2674 938 2719 qui
970 2673 1140 2709 anteriori
1169 2678 1270 2720 parte
1302 2676 1423 2708 carent
1456 2675 1591 2715 ornatu,

137 2718 202 2751 sed
225 2717 270 2751 ad
290 2717 402 2754 latera
423 2722 461 2753 et
476 2729 600 2754 versus
621 2719 774 2755 infracta
796 2726 898 2765 terga
918 2719 1129 2755 fulcimentis
1148 2719 1329 2755 constricti
1345 2717 1472 2753 validis
1496 2722 1593 2750 cete-

137 2762 263 2808 roquin
282 2762 511 2800 fundamentis
534 2765 782 2810 quadrifariam
806 2765 914 2800 divisi
935 2766 1125 2809 insistunt,
1150 2765 1246 2800 duris
1262 2765 1439 2811 lapidibus
1462 2759 1593 2807 aptati3

139 2819 285 2855 quarum
307 2819 372 2855 per
393 2808 542 2848 medium
567 2811 697 2847 artifex
719 2812 799 2858 (40)
822 2812 1001 2858 pulverem
1022 2811 1150 2859 lapidis
1173 2811 1256 2858 igne
1278 2810 1370 2847 cocti
1392 2819 1483 2854 aqua
1503 2811 1591 2841 tem-
