<?xml version="1.0" encoding="UTF-8"?>
<!DOCTYPE html PUBLIC "-//W3C//DTD XHTML 1.0 Transitional//EN"
    "http://www.w3.org/TR/xhtml1/DTD/xhtml1-transitional.dtd">
<html xmlns="http://www.w3.org/1999/xhtml" xml:lang="en" lang="en">
 <head>
  <title>
</title>
<meta http-equiv="Content-Type" content="text/html;charset=utf-8" />
  <meta name='ocr-system' content='tesseract 3.04.00' />
  <meta name='ocr-capabilities' content='ocr_page ocr_carea ocr_par ocr_line ocrx_word'/>
</head>
<body>
  <div class='ocr_page' id='page_1' title='image "./corpusscriptorum42niebuoft/corpusscriptorum42niebuoft_0138.png"; bbox 0 0 1838 3210; ppageno 0'>
   <div class='ocr_carea' id='block_1_1' title="bbox 249 163 1116 214">
    <p class='ocr_par' dir='ltr' id='par_1_1' title="bbox 249 163 1116 214">
     <span class='ocr_line' id='line_1_1' title="bbox 249 163 1116 214; baseline 0.001 -3"><span class='ocrx_word' id='word_1_1' title='bbox 249 163 345 214; x_wconf 81' lang='lat'><strong>124</strong></span> <span class='ocrx_word' id='word_1_2' title='bbox 821 169 899 212; x_wconf 91' lang='lat' dir='ltr'><strong>DU</strong></span> <span class='ocrx_word' id='word_1_3' title='bbox 932 167 1116 214; x_wconf 86' lang='lat' dir='ltr'><strong>CANGII</strong></span> 
     </span>
    </p>
   </div>
   <div class='ocr_carea' id='block_1_2' title="bbox 248 271 1686 440">
    <p class='ocr_par' dir='ltr' id='par_1_2' title="bbox 248 271 1686 440">
     <span class='ocr_line' id='line_1_2' title="bbox 788 271 1325 344; baseline 0 -28"><span class='ocrx_word' id='word_1_4' title='bbox 788 274 891 330; x_wconf 77' lang='grc' dir='ltr'><em>μέσω</em></span> <span class='ocrx_word' id='word_1_5' title='bbox 913 273 954 317; x_wconf 86' lang='grc' dir='ltr'><strong>δ’</strong></span> <span class='ocrx_word' id='word_1_6' title='bbox 976 273 1194 344; x_wconf 78' lang='grc' dir='ltr'><em>ἐνεθήκατο</em></span> <span class='ocrx_word' id='word_1_7' title='bbox 1210 271 1325 332; x_wconf 69' lang='grc' dir='ltr'><strong>χώρῳ</strong></span> 
     </span>
     <span class='ocr_line' id='line_1_3' title="bbox 521 327 1238 385; baseline 0 -14"><span class='ocrx_word' id='word_1_8' title='bbox 521 327 715 385; x_wconf 70' lang='grc' dir='ltr'><em>ἀργύρεον</em></span> <span class='ocrx_word' id='word_1_9' title='bbox 736 332 942 384; x_wconf 81' lang='grc' dir='ltr'><em>στίλβοντα</em></span> <span class='ocrx_word' id='word_1_10' title='bbox 959 329 1081 374; x_wconf 86' lang='grc' dir='ltr'><em>πόλου</em></span> <span class='ocrx_word' id='word_1_11' title='bbox 1100 329 1238 372; x_wconf 80' lang='grc' dir='ltr'><strong>τύπον.</strong></span> 
     </span>
     <span class='ocr_line' id='line_1_4' title="bbox 248 386 1686 440; baseline -0.001 -13"><span class='ocrx_word' id='word_1_12' title='bbox 248 403 319 428; x_wconf 83' lang='lat' dir='ltr'><strong>seu</strong></span> <span class='ocrx_word' id='word_1_13' title='bbox 345 386 554 440; x_wconf 81' lang='lat' dir='ltr'>sphaeram</span> <span class='ocrx_word' id='word_1_14' title='bbox 584 386 636 424; x_wconf 87' lang='lat' dir='ltr'><strong>ad</strong></span> <span class='ocrx_word' id='word_1_15' title='bbox 662 395 843 426; x_wconf 85' lang='lat' dir='ltr'><strong>ornatum</strong></span> <span class='ocrx_word' id='word_1_16' title='bbox 862 395 1036 437; x_wconf 86' lang='lat' dir='ltr'><strong>tantum,</strong></span> <span class='ocrx_word' id='word_1_17' title='bbox 1067 403 1136 427; x_wconf 86' lang='lat' dir='ltr'><strong>seu</strong></span> <span class='ocrx_word' id='word_1_18' title='bbox 1158 389 1256 426; x_wconf 88' lang='lat' dir='ltr'><strong>caeli</strong></span> <span class='ocrx_word' id='word_1_19' title='bbox 1272 387 1436 438; x_wconf 84' lang='lat' dir='ltr'><strong>figuram</strong></span> <span class='ocrx_word' id='word_1_20' title='bbox 1458 401 1686 439; x_wconf 70' lang='lat' dir='ltr'><strong>repraesen-</strong></span> 
     </span>
    </p>
   </div>
   <div class='ocr_carea' id='block_1_3' title="bbox 243 418 1690 1017">
    <p class='ocr_par' dir='ltr' id='par_1_3' title="bbox 243 418 1690 890">
     <span class='ocr_line' id='line_1_5' title="bbox 246 418 1687 496; baseline 0 -13"><span class='ocrx_word' id='word_1_21' title='bbox 246 452 327 483; x_wconf 85' lang='lat' dir='ltr'><strong>tare</strong></span> <span class='ocrx_word' id='word_1_22' title='bbox 347 459 416 495; x_wconf 88' lang='lat' dir='ltr'><strong>per</strong></span> <span class='ocrx_word' id='word_1_23' title='bbox 437 443 645 494; x_wconf 81' lang='lat' dir='ltr'>sphaeram</span> <span class='ocrx_word' id='word_1_24' title='bbox 673 445 839 482; x_wconf 88' lang='lat' dir='ltr'><strong>voluerit</strong></span> <span class='ocrx_word' id='word_1_25' title='bbox 861 418 1120 485; x_wconf 73' lang='lat' dir='ltr'><strong>Iustiniaiius:</strong></span> <span class='ocrx_word' id='word_1_26' title='bbox 1163 458 1258 481; x_wconf 85' lang='lat' dir='ltr'><strong>nam</strong></span> <span class='ocrx_word' id='word_1_27' title='bbox 1281 445 1432 482; x_wconf 85' lang='lat' dir='ltr'><strong>caelum</strong></span> <span class='ocrx_word' id='word_1_28' title='bbox 1460 459 1531 496; x_wconf 88' lang='lat' dir='ltr'><strong>per</strong></span> <span class='ocrx_word' id='word_1_29' title='bbox 1556 446 1687 496; x_wconf 84' lang='lat' dir='ltr'><strong>ipsum</strong></span> 
     </span>
     <span class='ocr_line' id='line_1_6' title="bbox 247 495 1687 570; baseline 0.001 -31"><span class='ocrx_word' id='word_1_30' title='bbox 247 502 383 547; x_wconf 83' lang='lat' dir='ltr'><strong>bema,</strong></span> <span class='ocrx_word' id='word_1_31' title='bbox 421 516 491 540; x_wconf 90' lang='grc' dir='ltr'><strong>τον</strong></span> <span class='ocrx_word' id='word_1_32' title='bbox 514 495 688 570; x_wconf 67' lang='grc' dir='ltr'><em>ου’ρανον</em></span> <span class='ocrx_word' id='word_1_33' title='bbox 707 498 778 552; x_wconf 85' lang='grc' dir='ltr'><em>μὲν</em></span> <span class='ocrx_word' id='word_1_34' title='bbox 799 499 865 541; x_wconf 86' lang='grc' dir='ltr'><strong>δια</strong></span> <span class='ocrx_word' id='word_1_35' title='bbox 882 504 955 542; x_wconf 84' lang='grc' dir='ltr'><em>τοῦ</em></span> <span class='ocrx_word' id='word_1_36' title='bbox 975 501 1086 553; x_wconf 81' lang='grc' dir='ltr'><em>ἱεροῦ</em></span> <span class='ocrx_word' id='word_1_37' title='bbox 1103 497 1301 552; x_wconf 82' lang='grc' dir='ltr'><strong><em>βήματος,</em></strong></span> <span class='ocrx_word' id='word_1_38' title='bbox 1333 499 1550 551; x_wconf 81' lang='lat' dir='ltr'><strong>designari,</strong></span> <span class='ocrx_word' id='word_1_39' title='bbox 1583 508 1620 538; x_wconf 89' lang='lat' dir='ltr'><strong>et</strong></span> <span class='ocrx_word' id='word_1_40' title='bbox 1642 498 1687 540; x_wconf 82' lang='grc' dir='ltr'><em>το“</em></span> 
     </span>
     <span class='ocr_line' id='line_1_7' title="bbox 246 553 1688 610; baseline -0.001 -15"><span class='ocrx_word' id='word_1_41' title='bbox 246 553 535 608; x_wconf 80' lang='grc' dir='ltr'><em>θυσιαστήριον</em></span> <span class='ocrx_word' id='word_1_42' title='bbox 558 572 609 603; x_wconf 87' lang='grc' dir='ltr'><strong>ως</strong></span> <span class='ocrx_word' id='word_1_43' title='bbox 631 554 751 596; x_wconf 87' lang='grc' dir='ltr'><em>α’λλον</em></span> <span class='ocrx_word' id='word_1_44' title='bbox 775 554 951 610; x_wconf 85' lang='grc' dir='ltr'><em>ου’ρανόν</em></span> <span class='ocrx_word' id='word_1_45' title='bbox 970 571 1042 606; x_wconf 85' lang='lat' dir='ltr'><strong>nos</strong></span> <span class='ocrx_word' id='word_1_46' title='bbox 1060 556 1216 605; x_wconf 90' lang='lat' dir='ltr'><strong>habere,</strong></span> <span class='ocrx_word' id='word_1_47' title='bbox 1248 559 1300 593; x_wconf 91' lang='lat' dir='ltr'><strong>ait</strong></span> <span class='ocrx_word' id='word_1_48' title='bbox 1320 557 1493 608; x_wconf 84' lang='lat' dir='ltr'>Symeon</span> <span class='ocrx_word' id='word_1_49' title='bbox 1511 555 1688 595; x_wconf 86' lang='lat' dir='ltr'><strong>Thessa-</strong></span> 
     </span>
     <span class='ocr_line' id='line_1_8' title="bbox 246 611 1687 665; baseline 0.002 -17"><span class='ocrx_word' id='word_1_50' title='bbox 246 614 457 649; x_wconf 84' lang='lat' dir='ltr'><strong>lonicensis</strong></span> <span class='ocrx_word' id='word_1_51' title='bbox 478 612 546 649; x_wconf 82' lang='lat' dir='ltr'><strong>lib.</strong></span> <span class='ocrx_word' id='word_1_52' title='bbox 569 611 618 649; x_wconf 89' lang='lat' dir='ltr'><strong>de</strong></span> <span class='ocrx_word' id='word_1_53' title='bbox 633 614 795 664; x_wconf 89' lang='lat' dir='ltr'><strong>templo.</strong></span> <span class='ocrx_word' id='word_1_54' title='bbox 826 612 931 651; x_wconf 89' lang='lat' dir='ltr'><strong>unde</strong></span> <span class='ocrx_word' id='word_1_55' title='bbox 947 612 1245 665; x_wconf 81' lang='lat' dir='ltr'><strong>Chrysostomus</strong></span> <span class='ocrx_word' id='word_1_56' title='bbox 1263 614 1409 650; x_wconf 85' lang='lat' dir='ltr'><strong>Homil.</strong></span> <span class='ocrx_word' id='word_1_57' title='bbox 1430 615 1454 653; x_wconf 83' lang='lat'><strong>3</strong></span> <span class='ocrx_word' id='word_1_58' title='bbox 1476 611 1526 649; x_wconf 89' lang='lat' dir='ltr'><strong>ad</strong></span> <span class='ocrx_word' id='word_1_59' title='bbox 1540 611 1687 664; x_wconf 87' lang='lat' dir='ltr'><strong>Ephes.</strong></span> 
     </span>
     <span class='ocr_line' id='line_1_9' title="bbox 247 668 1689 720; baseline 0 -15"><span class='ocrx_word' id='word_1_60' title='bbox 247 669 393 716; x_wconf 86' lang='lat' dir='ltr'><strong>scribit,</strong></span> <span class='ocrx_word' id='word_1_61' title='bbox 427 682 515 705; x_wconf 89' lang='lat' dir='ltr'><strong>cum</strong></span> <span class='ocrx_word' id='word_1_62' title='bbox 535 669 623 705; x_wconf 84' lang='lat' dir='ltr'><strong>vela</strong></span> <span class='ocrx_word' id='word_1_63' title='bbox 641 669 806 707; x_wconf 85' lang='lat' dir='ltr'><strong>bematis</strong></span> <span class='ocrx_word' id='word_1_64' title='bbox 827 668 1062 713; x_wconf 82' lang='lat' dir='ltr'>diducuntur</span> <span class='ocrx_word' id='word_1_65' title='bbox 1087 677 1125 706; x_wconf 89' lang='lat' dir='ltr'><strong>et</strong></span> <span class='ocrx_word' id='word_1_66' title='bbox 1145 671 1391 720; x_wconf 86' lang='lat' dir='ltr'><strong>aperiuntur,</strong></span> <span class='ocrx_word' id='word_1_67' title='bbox 1421 676 1513 706; x_wconf 86' lang='lat' dir='ltr'><strong>tunc</strong></span> <span class='ocrx_word' id='word_1_68' title='bbox 1535 669 1689 706; x_wconf 87' lang='lat' dir='ltr'><strong>caelum</strong></span> 
     </span>
     <span class='ocr_line' id='line_1_10' title="bbox 246 721 1688 790; baseline 0.001 -29"><span class='ocrx_word' id='word_1_69' title='bbox 246 727 378 790; x_wconf 77' lang='lat' dir='ltr'><strong>ipsum</strong></span> <span class='ocrx_word' id='word_1_70' title='bbox 397 724 688 776; x_wconf 85' lang='lat' dir='ltr'><strong>quodammodo</strong></span> <span class='ocrx_word' id='word_1_71' title='bbox 707 727 871 777; x_wconf 87' lang='lat' dir='ltr'><strong>aperiri·</strong></span> <span class='ocrx_word' id='word_1_72' title='bbox 910 742 1002 766; x_wconf 88' lang='grc' dir='ltr'><em>οταν</em></span> <span class='ocrx_word' id='word_1_73' title='bbox 1020 725 1108 782; x_wconf 77' lang='grc' dir='ltr'><em>ἴδῃς</em></span> <span class='ocrx_word' id='word_1_74' title='bbox 1132 722 1373 778; x_wconf 74' lang='grc' dir='ltr'><em>ἄνελκόμενα</em></span> <span class='ocrx_word' id='word_1_75' title='bbox 1389 741 1436 771; x_wconf 84' lang='grc' dir='ltr'><em>τα</em></span> <span class='ocrx_word' id='word_1_76' title='bbox 1460 721 1688 776; x_wconf 77' lang='grc' dir='ltr'><em>ἄμφίθυρα,</em></span> 
     </span>
     <span class='ocr_line' id='line_1_11' title="bbox 243 765 1690 835; baseline 0 -15"><span class='ocrx_word' id='word_1_77' title='bbox 243 778 324 820; x_wconf 85' lang='grc' dir='ltr'><em>τότε</em></span> <span class='ocrx_word' id='word_1_78' title='bbox 346 778 514 832; x_wconf 83' lang='grc' dir='ltr'><em>νόμισον</em></span> <span class='ocrx_word' id='word_1_79' title='bbox 539 780 833 822; x_wconf 77' lang='grc' dir='ltr'><em>διαστέλλεσθαι</em></span> <span class='ocrx_word' id='word_1_80' title='bbox 855 779 925 828; x_wconf 75' lang='grc' dir='ltr'><strong>τόν</strong></span> <span class='ocrx_word' id='word_1_81' title='bbox 947 765 1116 835; x_wconf 79' lang='grc' dir='ltr'><em>οὐρανὸν</em></span> <span class='ocrx_word' id='word_1_82' title='bbox 1141 779 1301 822; x_wconf 71' lang='grc' dir='ltr'><em>ἄνωθεν</em></span> <span class='ocrx_word' id='word_1_83' title='bbox 1320 781 1386 821; x_wconf 84' lang='grc' dir='ltr'><strong>καὶ</strong></span> <span class='ocrx_word' id='word_1_84' title='bbox 1405 781 1581 821; x_wconf 80' lang='grc' dir='ltr'><em>κατιέναι</em></span> <span class='ocrx_word' id='word_1_85' title='bbox 1597 778 1690 828; x_wconf 69' lang='grc' dir='ltr'><strong>τούς</strong></span> 
     </span>
     <span class='ocr_line' id='line_1_12' title="bbox 244 833 446 890; baseline -0.006 -12.813"><span class='ocrx_word' id='word_1_86' title='bbox 244 833 446 890; x_wconf 69' lang='grc' dir='ltr'><em>ἀγγέλους.</em></span> 
     </span>
    </p>

    <p class='ocr_par' dir='ltr' id='par_1_4' title="bbox 357 891 1688 946">
     <span class='ocr_line' id='line_1_13' title="bbox 357 891 1688 946; baseline -0.003 -13"><span class='ocrx_word' id='word_1_87' title='bbox 357 894 424 933; x_wconf 81' lang='grc'><strong>61.</strong></span> <span class='ocrx_word' id='word_1_88' title='bbox 481 891 605 930; x_wconf 87' lang='lat' dir='ltr'><strong>Addit</strong></span> <span class='ocrx_word' id='word_1_89' title='bbox 628 891 770 931; x_wconf 84' lang='lat' dir='ltr'><strong>deinde</strong></span> <span class='ocrx_word' id='word_1_90' title='bbox 790 893 1037 932; x_wconf 79' lang='lat' dir='ltr'><strong>silentiarius</strong></span> <span class='ocrx_word' id='word_1_91' title='bbox 1055 906 1173 946; x_wconf 88' lang='lat' dir='ltr'><strong>supra</strong></span> <span class='ocrx_word' id='word_1_92' title='bbox 1195 894 1333 946; x_wconf 90' lang='lat' dir='ltr'><strong>polum</strong></span> <span class='ocrx_word' id='word_1_93' title='bbox 1349 895 1502 931; x_wconf 84' lang='lat' dir='ltr'><strong>stetisse</strong></span> <span class='ocrx_word' id='word_1_94' title='bbox 1522 905 1688 941; x_wconf 86' lang='lat' dir='ltr'><strong>crucem,</strong></span> 
     </span>
    </p>

    <p class='ocr_par' dir='ltr' id='par_1_5' title="bbox 248 948 1256 1017">
     <span class='ocr_line' id='line_1_14' title="bbox 248 948 1256 1017; baseline -0.001 -30"><span class='ocrx_word' id='word_1_95' title='bbox 248 948 355 1002; x_wconf 90' lang='lat' dir='ltr'><strong>quod</strong></span> <span class='ocrx_word' id='word_1_96' title='bbox 371 948 479 987; x_wconf 88' lang='lat' dir='ltr'><strong>idem</strong></span> <span class='ocrx_word' id='word_1_97' title='bbox 499 955 558 987; x_wconf 88' lang='lat' dir='ltr'><strong>est</strong></span> <span class='ocrx_word' id='word_1_98' title='bbox 578 963 623 986; x_wconf 80' lang='lat' dir='ltr'><strong>ac</strong></span> <span class='ocrx_word' id='word_1_99' title='bbox 639 964 761 1001; x_wconf 72' lang='lat' dir='ltr'><strong>supra</strong></span> <span class='ocrx_word' id='word_1_100' title='bbox 779 950 989 1017; x_wconf 75' lang='lat' dir='ltr'><strong><em>sphaeram</em></strong></span> <span class='ocrx_word' id='word_1_101' title='bbox 1005 958 1071 988; x_wconf 87' lang='lat' dir='ltr'><strong>aut</strong></span> <span class='ocrx_word' id='word_1_102' title='bbox 1089 950 1256 987; x_wconf 76' lang='lat' dir='ltr'><strong>malum.-</strong></span> 
     </span>
    </p>
   </div>
   <div class='ocr_carea' id='block_1_4' title="bbox 104 1002 1218 1057">
    <p class='ocr_par' dir='ltr' id='par_1_6' title="bbox 104 1002 1218 1057">
     <span class='ocr_line' id='line_1_15' title="bbox 104 1002 1218 1057; baseline -0.002 -10"><span class='ocrx_word' id='word_1_103' title='bbox 104 1015 134 1047; x_wconf 81' lang='lat' dir='ltr'><strong>P</strong></span> <span class='ocrx_word' id='word_1_104' title='bbox 157 1012 224 1050; x_wconf 82' lang='lat'><strong>573</strong></span> <span class='ocrx_word' id='word_1_105' title='bbox 875 1002 1008 1057; x_wconf 64' lang='grc' dir='ltr'><em>’ὖψοθι</em></span> <span class='ocrx_word' id='word_1_106' title='bbox 1029 1002 1067 1046; x_wconf 85' lang='grc' dir='ltr'><strong>δ’</strong></span> <span class='ocrx_word' id='word_1_107' title='bbox 1092 1004 1218 1046; x_wconf 70' lang='grc' dir='ltr'><em>αὐτοῦ</em></span> 
     </span>
    </p>
   </div>
   <div class='ocr_carea' id='block_1_5' title="bbox 248 1058 1691 1169">
    <p class='ocr_par' dir='ltr' id='par_1_7' title="bbox 248 1058 1691 1169">
     <span class='ocr_line' id='line_1_16' title="bbox 519 1058 1251 1113; baseline 0 -12"><span class='ocrx_word' id='word_1_108' title='bbox 519 1058 687 1112; x_wconf 85' lang='grc' dir='ltr'><em>σταυρος</em></span> <span class='ocrx_word' id='word_1_109' title='bbox 710 1060 953 1113; x_wconf 81' lang='grc' dir='ltr'><em>υπερτὲλλων</em></span> <span class='ocrx_word' id='word_1_110' title='bbox 975 1058 1251 1111; x_wconf 68' lang='grc' dir='ltr'><em>ἀναφαίνεται.</em></span> 
     </span>
     <span class='ocr_line' id='line_1_17' title="bbox 248 1114 1691 1169; baseline -0.001 -15"><span class='ocrx_word' id='word_1_111' title='bbox 248 1130 380 1155; x_wconf 84' lang='lat' dir='ltr'><strong>cruces</strong></span> <span class='ocrx_word' id='word_1_112' title='bbox 415 1117 571 1155; x_wconf 85' lang='lat' dir='ltr'><strong>ciboriis</strong></span> <span class='ocrx_word' id='word_1_113' title='bbox 597 1119 917 1169; x_wconf 78' lang='lat' dir='ltr'><strong>superImpositas</strong></span> <span class='ocrx_word' id='word_1_114' title='bbox 943 1119 1009 1157; x_wconf 83' lang='lat' dir='ltr'><strong>vel</strong></span> <span class='ocrx_word' id='word_1_115' title='bbox 1030 1117 1228 1156; x_wconf 85' lang='lat' dir='ltr'><strong>Christum</strong></span> <span class='ocrx_word' id='word_1_116' title='bbox 1256 1119 1297 1154; x_wconf 90' lang='lat' dir='ltr'><strong>in</strong></span> <span class='ocrx_word' id='word_1_117' title='bbox 1325 1129 1436 1154; x_wconf 90' lang='lat' dir='ltr'><strong>cruce</strong></span> <span class='ocrx_word' id='word_1_118' title='bbox 1451 1114 1691 1168; x_wconf 83' lang='lat' dir='ltr'>pendentem</span> 
     </span>
    </p>
   </div>
   <div class='ocr_carea' id='block_1_6' title="bbox 247 1171 1692 1226">
    <p class='ocr_par' dir='ltr' id='par_1_8' title="bbox 247 1171 1692 1226">
     <span class='ocr_line' id='line_1_18' title="bbox 247 1171 1692 1226; baseline -0.001 -15"><span class='ocrx_word' id='word_1_119' title='bbox 247 1174 531 1224; x_wconf 86' lang='lat' dir='ltr'><strong>repraesentari</strong></span> <span class='ocrx_word' id='word_1_120' title='bbox 554 1174 727 1221; x_wconf 87' lang='lat' dir='ltr'><strong>solitum,</strong></span> <span class='ocrx_word' id='word_1_121' title='bbox 761 1181 911 1212; x_wconf 86' lang='lat' dir='ltr'><strong>constat</strong></span> <span class='ocrx_word' id='word_1_122' title='bbox 930 1188 981 1212; x_wconf 85' lang='lat' dir='ltr'><strong>ex</strong></span> <span class='ocrx_word' id='word_1_123' title='bbox 999 1175 1047 1212; x_wconf 84' lang='lat' dir='ltr'><strong>iis</strong></span> <span class='ocrx_word' id='word_1_124' title='bbox 1066 1187 1167 1226; x_wconf 84' lang='lat' dir='ltr'><strong>quae</strong></span> <span class='ocrx_word' id='word_1_125' title='bbox 1189 1188 1212 1212; x_wconf 87' lang='lat' dir='ltr'><strong>a</strong></span> <span class='ocrx_word' id='word_1_126' title='bbox 1230 1173 1390 1211; x_wconf 85' lang='lat' dir='ltr'><strong>Nicolao</strong></span> <span class='ocrx_word' id='word_1_127' title='bbox 1411 1186 1427 1210; x_wconf 94' lang='lat'>1</span> <span class='ocrx_word' id='word_1_128' title='bbox 1444 1174 1511 1210; x_wconf 89' lang='lat' dir='ltr'><strong>PP</strong></span> <span class='ocrx_word' id='word_1_129' title='bbox 1526 1171 1692 1210; x_wconf 80' lang='lat' dir='ltr'><strong>tradun-</strong></span> 
     </span>
    </p>
   </div>
   <div class='ocr_carea' id='block_1_7' title="bbox 245 1229 1761 1282">
    <p class='ocr_par' dir='ltr' id='par_1_9' title="bbox 245 1229 1761 1282">
     <span class='ocr_line' id='line_1_19' title="bbox 245 1229 1761 1282; baseline -0.001 -15"><span class='ocrx_word' id='word_1_130' title='bbox 245 1236 311 1267; x_wconf 87' lang='lat' dir='ltr'><strong>tur</strong></span> <span class='ocrx_word' id='word_1_131' title='bbox 333 1230 444 1280; x_wconf 85' lang='lat' dir='ltr'><strong>epist.</strong></span> <span class='ocrx_word' id='word_1_132' title='bbox 465 1232 511 1270; x_wconf 83' lang='lat'><strong>2:</strong></span> <span class='ocrx_word' id='word_1_133' title='bbox 543 1229 643 1280; x_wconf 77' lang='lat' dir='ltr'><strong>qaid</strong></span> <span class='ocrx_word' id='word_1_134' title='bbox 651 1230 758 1277; x_wconf 80' lang='lat' dir='ltr'><strong>fidei</strong></span> <span class='ocrx_word' id='word_1_135' title='bbox 776 1237 929 1267; x_wconf 82' lang='lat' dir='ltr'><strong>nostrae</strong></span> <span class='ocrx_word' id='word_1_136' title='bbox 950 1231 1198 1276; x_wconf 79' lang='lat' dir='ltr'><strong>contradicit,</strong></span> <span class='ocrx_word' id='word_1_137' title='bbox 1228 1229 1336 1282; x_wconf 82' lang='lat' dir='ltr'><strong>quod</strong></span> <span class='ocrx_word' id='word_1_138' title='bbox 1353 1230 1396 1266; x_wconf 82' lang='lat' dir='ltr'><strong>in</strong></span> <span class='ocrx_word' id='word_1_139' title='bbox 1419 1235 1546 1266; x_wconf 82' lang='lat' dir='ltr'><strong>centro</strong></span> <span class='ocrx_word' id='word_1_140' title='bbox 1562 1242 1693 1266; x_wconf 85' lang='lat' dir='ltr'><strong>came-</strong></span> <span class='ocrx_word' id='word_1_141' title='bbox 1750 1244 1761 1259; x_wconf 50' lang='lat' dir='ltr'><strong>‘a</strong></span> 
     </span>
    </p>
   </div>
   <div class='ocr_carea' id='block_1_8' title="bbox 244 1285 1700 2840">
    <p class='ocr_par' dir='ltr' id='par_1_10' title="bbox 244 1285 1700 2840">
     <span class='ocr_line' id='line_1_20' title="bbox 246 1285 1693 1338; baseline -0.001 -16"><span class='ocrx_word' id='word_1_142' title='bbox 246 1298 331 1330; x_wconf 81' lang='lat' dir='ltr'><strong>rae,</strong></span> <span class='ocrx_word' id='word_1_143' title='bbox 360 1298 477 1335; x_wconf 78' lang='lat' dir='ltr'><strong>super</strong></span> <span class='ocrx_word' id='word_1_144' title='bbox 501 1285 644 1331; x_wconf 86' lang='lat' dir='ltr'><strong>altare,</strong></span> <span class='ocrx_word' id='word_1_145' title='bbox 675 1287 757 1322; x_wconf 75' lang='lat' dir='ltr'><strong>eius·</strong></span> <span class='ocrx_word' id='word_1_146' title='bbox 775 1286 979 1338; x_wconf 78' lang='lat' dir='ltr'><strong>figuram,</strong></span> <span class='ocrx_word' id='word_1_147' title='bbox 1010 1287 1118 1338; x_wconf 78' lang='lat' dir='ltr'><strong>quod</strong></span> <span class='ocrx_word' id='word_1_148' title='bbox 1139 1285 1300 1325; x_wconf 72' lang='lat' dir='ltr'><strong>verbum</strong></span> <span class='ocrx_word' id='word_1_149' title='bbox 1329 1299 1421 1322; x_wconf 85' lang='lat' dir='ltr'><strong>caro</strong></span> <span class='ocrx_word' id='word_1_150' title='bbox 1437 1285 1602 1336; x_wconf 79' lang='lat' dir='ltr'><strong>factum</strong></span> <span class='ocrx_word' id='word_1_151' title='bbox 1620 1291 1693 1329; x_wconf 74' lang='lat' dir='ltr'><strong>est,</strong></span> 
     </span>
     <span class='ocr_line' id='line_1_21' title="bbox 245 1339 1694 1394; baseline 0.001 -17"><span class='ocrx_word' id='word_1_152' title='bbox 245 1342 405 1378; x_wconf 82' lang='lat' dir='ltr'><strong>animae</strong></span> <span class='ocrx_word' id='word_1_153' title='bbox 422 1348 576 1378; x_wconf 79' lang='lat' dir='ltr'><strong>nostrae</strong></span> <span class='ocrx_word' id='word_1_154' title='bbox 596 1342 819 1394; x_wconf 65' lang='lat' dir='ltr'><strong>affectando</strong></span> <span class='ocrx_word' id='word_1_155' title='bbox 840 1343 1073 1380; x_wconf 69' lang='lat' dir='ltr'><strong>desiderant.</strong></span> <span class='ocrx_word' id='word_1_156' title='bbox 1134 1343 1203 1380; x_wconf 90' lang='lat' dir='ltr'><strong>ubi</strong></span> <span class='ocrx_word' id='word_1_157' title='bbox 1223 1356 1304 1381; x_wconf 81' lang='lat' dir='ltr'><strong>vox</strong></span> <span class='ocrx_word' id='word_1_158' title='bbox 1332 1341 1555 1394; x_wconf 58' lang='lat' dir='ltr'><strong>affectando</strong></span> <span class='ocrx_word' id='word_1_159' title='bbox 1583 1339 1694 1378; x_wconf 80' lang='lat' dir='ltr'><strong>idem</strong></span> 
     </span>
     <span class='ocr_line' id='line_1_22' title="bbox 246 1394 1694 1451; baseline -0.001 -17"><span class='ocrx_word' id='word_1_160' title='bbox 246 1405 306 1435; x_wconf 90' lang='lat' dir='ltr'><strong>est</strong></span> <span class='ocrx_word' id='word_1_161' title='bbox 331 1396 439 1450; x_wconf 85' lang='lat' dir='ltr'><strong>quod</strong></span> <span class='ocrx_word' id='word_1_162' title='bbox 456 1397 675 1435; x_wconf 80' lang='lat' dir='ltr'><strong>adorando.-</strong></span> <span class='ocrx_word' id='word_1_163' title='bbox 707 1401 901 1450; x_wconf 83' lang='lat' dir='ltr'><strong>expressit</strong></span> <span class='ocrx_word' id='word_1_164' title='bbox 921 1400 1066 1450; x_wconf 88' lang='lat' dir='ltr'><strong>quippe</strong></span> <span class='ocrx_word' id='word_1_165' title='bbox 1084 1399 1249 1436; x_wconf 82' lang='lat' dir='ltr'><strong>verbum</strong></span> <span class='ocrx_word' id='word_1_166' title='bbox 1267 1401 1467 1451; x_wconf 78' lang='grc' dir='ltr'><em>σχετικῶς,</em></span> <span class='ocrx_word' id='word_1_167' title='bbox 1506 1410 1576 1435; x_wconf 85' lang='lat' dir='ltr'><strong>seu</strong></span> <span class='ocrx_word' id='word_1_168' title='bbox 1590 1394 1694 1449; x_wconf 75' lang='lat' dir='ltr'><strong>affe-</strong></span> 
     </span>
     <span class='ocr_line' id='line_1_23' title="bbox 246 1455 1694 1506; baseline -0.001 -15"><span class='ocrx_word' id='word_1_169' title='bbox 246 1455 394 1491; x_wconf 80' lang='lat' dir='ltr'><strong>ctivam</strong></span> <span class='ocrx_word' id='word_1_170' title='bbox 412 1467 616 1491; x_wconf 74' lang='lat' dir='ltr'><strong>sacrarum</strong></span> <span class='ocrx_word' id='word_1_171' title='bbox 639 1455 861 1505; x_wconf 78' lang='lat' dir='ltr'><strong>imaginum</strong></span> <span class='ocrx_word' id='word_1_172' title='bbox 879 1455 1165 1501; x_wconf 77' lang='lat' dir='ltr'><strong>adorationem,</strong></span> <span class='ocrx_word' id='word_1_173' title='bbox 1201 1457 1259 1492; x_wconf 90' lang='lat' dir='ltr'><strong>uti</strong></span> <span class='ocrx_word' id='word_1_174' title='bbox 1274 1455 1452 1506; x_wconf 84' lang='lat' dir='ltr'><strong>loquitur</strong></span> <span class='ocrx_word' id='word_1_175' title='bbox 1464 1455 1694 1491; x_wconf 78' lang='lat' dir='ltr'><strong>Anastasius</strong></span> 
     </span>
     <span class='ocr_line' id='line_1_24' title="bbox 245 1508 1694 1563; baseline -0.001 -16"><span class='ocrx_word' id='word_1_176' title='bbox 245 1508 569 1548; x_wconf 77' lang='lat' dir='ltr'><strong>bibliothecarius</strong></span> <span class='ocrx_word' id='word_1_177' title='bbox 586 1511 628 1547; x_wconf 89' lang='lat' dir='ltr'><strong>in</strong></span> <span class='ocrx_word' id='word_1_178' title='bbox 646 1513 747 1548; x_wconf 89' lang='lat' dir='ltr'><strong>Hist.</strong></span> <span class='ocrx_word' id='word_1_179' title='bbox 766 1511 938 1558; x_wconf 85' lang='lat' dir='ltr'><strong>Eccles.;</strong></span> <span class='ocrx_word' id='word_1_180' title='bbox 965 1512 1097 1562; x_wconf 66' lang='lat' dir='ltr'><strong>&#39;quam</strong></span> <span class='ocrx_word' id='word_1_181' title='bbox 1119 1508 1297 1562; x_wconf 82' lang='grc' dir='ltr'><em>σχετικὴν</em></span> <span class='ocrx_word' id='word_1_182' title='bbox 1316 1510 1507 1563; x_wconf 85' lang='lat' dir='ltr'><strong>appellari</strong></span> <span class='ocrx_word' id='word_1_183' title='bbox 1527 1523 1549 1547; x_wconf 89' lang='lat' dir='ltr'><strong>a</strong></span> <span class='ocrx_word' id='word_1_184' title='bbox 1568 1511 1694 1547; x_wconf 88' lang='lat' dir='ltr'><strong>Grae-</strong></span> 
     </span>
     <span class='ocr_line' id='line_1_25' title="bbox 245 1566 1693 1618; baseline -0.001 -14"><span class='ocrx_word' id='word_1_185' title='bbox 245 1568 300 1604; x_wconf 84' lang='lat' dir='ltr'><strong>cis</strong></span> <span class='ocrx_word' id='word_1_186' title='bbox 320 1567 572 1617; x_wconf 84' lang='lat' dir='ltr'><strong>scriptoribus</strong></span> <span class='ocrx_word' id='word_1_187' title='bbox 593 1568 634 1603; x_wconf 85' lang='lat' dir='ltr'><strong>in</strong></span> <span class='ocrx_word' id='word_1_188' title='bbox 651 1568 754 1604; x_wconf 87' lang='lat' dir='ltr'><strong>notis</strong></span> <span class='ocrx_word' id='word_1_189' title='bbox 775 1566 824 1603; x_wconf 87' lang='lat' dir='ltr'><strong>ad</strong></span> <span class='ocrx_word' id='word_1_190' title='bbox 835 1566 1071 1604; x_wconf 86' lang='lat' dir='ltr'><strong>Alexiadem</strong></span> <span class='ocrx_word' id='word_1_191' title='bbox 1089 1567 1267 1617; x_wconf 89' lang='lat' dir='ltr'><strong>pluribus</strong></span> <span class='ocrx_word' id='word_1_192' title='bbox 1284 1567 1550 1618; x_wconf 86' lang='lat' dir='ltr'><strong>probavimus,</strong></span> <span class='ocrx_word' id='word_1_193' title='bbox 1567 1579 1693 1618; x_wconf 86' lang='lat' dir='ltr'><strong>quae-</strong></span> 
     </span>
     <span class='ocr_line' id='line_1_26' title="bbox 247 1620 1694 1675; baseline 0.001 -15"><span class='ocrx_word' id='word_1_194' title='bbox 247 1635 324 1675; x_wconf 87' lang='lat' dir='ltr'><strong>que</strong></span> <span class='ocrx_word' id='word_1_195' title='bbox 345 1623 387 1659; x_wconf 86' lang='lat' dir='ltr'><strong>in</strong></span> <span class='ocrx_word' id='word_1_196' title='bbox 408 1623 611 1659; x_wconf 83' lang='lat' dir='ltr'><strong>sententiis</strong></span> <span class='ocrx_word' id='word_1_197' title='bbox 633 1622 705 1659; x_wconf 85' lang='lat' dir='ltr'><strong>SS.</strong></span> <span class='ocrx_word' id='word_1_198' title='bbox 730 1629 888 1673; x_wconf 87' lang='lat' dir='ltr'><strong>patrum</strong></span> <span class='ocrx_word' id='word_1_199' title='bbox 910 1621 958 1659; x_wconf 91' lang='lat' dir='ltr'><strong>de</strong></span> <span class='ocrx_word' id='word_1_200' title='bbox 981 1622 1141 1660; x_wconf 85' lang='lat' dir='ltr'><strong>Adorat.</strong></span> <span class='ocrx_word' id='word_1_201' title='bbox 1163 1625 1286 1673; x_wconf 85' lang='lat' dir='ltr'><strong>Imag.</strong></span> <span class='ocrx_word' id='word_1_202' title='bbox 1307 1624 1363 1660; x_wconf 85' lang='lat' dir='ltr'><strong>sic</strong></span> <span class='ocrx_word' id='word_1_203' title='bbox 1384 1621 1588 1658; x_wconf 84' lang='lat' dir='ltr'><strong>definitur:</strong></span> <span class='ocrx_word' id='word_1_204' title='bbox 1614 1620 1694 1661; x_wconf 76' lang='grc' dir='ltr'><em>ἔστι</em></span> 
     </span>
     <span class='ocr_line' id='line_1_27' title="bbox 246 1652 1695 1747; baseline -0.002 -28"><span class='ocrx_word' id='word_1_205' title='bbox 246 1677 290 1719; x_wconf 73' lang='grc' dir='ltr'><strong>δὲ</strong></span> <span class='ocrx_word' id='word_1_206' title='bbox 308 1678 376 1718; x_wconf 82' lang='grc' dir='ltr'><strong>καὶ</strong></span> <span class='ocrx_word' id='word_1_207' title='bbox 397 1675 550 1730; x_wconf 85' lang='grc' dir='ltr'><em>σχετικη</em></span> <span class='ocrx_word' id='word_1_208' title='bbox 580 1678 647 1718; x_wconf 85' lang='grc' dir='ltr'><strong>καὶ</strong></span> <span class='ocrx_word' id='word_1_209' title='bbox 675 1674 897 1729; x_wconf 79' lang='grc' dir='ltr'><em>οἷσπαστικη</em></span> <span class='ocrx_word' id='word_1_210' title='bbox 920 1690 1189 1746; x_wconf 80' lang='grc' dir='ltr'><em>προσκυνησις</em></span> <span class='ocrx_word' id='word_1_211' title='bbox 1215 1652 1271 1747; x_wconf 42' lang='lat' dir='ltr'><strong>gn?</strong></span> <span class='ocrx_word' id='word_1_212' title='bbox 1289 1681 1448 1728; x_wconf 84' lang='grc' dir='ltr'><em>φιλικῆς</em></span> <span class='ocrx_word' id='word_1_213' title='bbox 1476 1676 1695 1725; x_wconf 74' lang='grc' dir='ltr'><em>διαθέσεως</em></span> 
     </span>
     <span class='ocr_line' id='line_1_28' title="bbox 245 1730 1694 1787; baseline -0.002 -12"><span class='ocrx_word' id='word_1_214' title='bbox 245 1734 314 1775; x_wconf 78' lang='grc' dir='ltr'><strong>καὶ</strong></span> <span class='ocrx_word' id='word_1_215' title='bbox 335 1731 584 1786; x_wconf 76' lang='grc' dir='ltr'><em>ευγνῶμονος</em></span> <span class='ocrx_word' id='word_1_216' title='bbox 601 1735 799 1774; x_wconf 77' lang='grc' dir='ltr'><em>οἶκείωσιν</em></span> <span class='ocrx_word' id='word_1_217' title='bbox 814 1734 881 1774; x_wconf 85' lang='grc' dir='ltr'><strong>καὶ</strong></span> <span class='ocrx_word' id='word_1_218' title='bbox 903 1732 1064 1774; x_wconf 72' lang='grc' dir='ltr'><em>εὔνοιαν</em></span> <span class='ocrx_word' id='word_1_219' title='bbox 1079 1730 1352 1787; x_wconf 74' lang='grc' dir='ltr'><em>ἠγαπημένοις</em></span> <span class='ocrx_word' id='word_1_220' title='bbox 1371 1732 1694 1786; x_wconf 76' lang='grc' dir='ltr'><em>ἐπαγγελλομένη.</em></span> 
     </span>
     <span class='ocr_line' id='line_1_29' title="bbox 244 1788 1695 1843; baseline -0.001 -16"><span class='ocrx_word' id='word_1_221' title='bbox 244 1805 318 1843; x_wconf 85' lang='lat' dir='ltr'><strong>per</strong></span> <span class='ocrx_word' id='word_1_222' title='bbox 331 1804 470 1828; x_wconf 84' lang='lat' dir='ltr'><strong>vocem</strong></span> <span class='ocrx_word' id='word_1_223' title='bbox 491 1797 623 1827; x_wconf 89' lang='lat' dir='ltr'><strong>autem</strong></span> <span class='ocrx_word' id='word_1_224' title='bbox 639 1790 789 1827; x_wconf 75' lang='lat' dir='ltr'><strong>desider</strong></span> <span class='ocrx_word' id='word_1_225' title='bbox 789 1798 862 1827; x_wconf 84' lang='lat' dir='ltr'><strong>ant</strong></span> <span class='ocrx_word' id='word_1_226' title='bbox 878 1789 1053 1827; x_wconf 81' lang='lat' dir='ltr'><strong>videtur‘</strong></span> <span class='ocrx_word' id='word_1_227' title='bbox 1043 1804 1208 1828; x_wconf 78' lang='lat' dir='ltr'><strong>innuere</strong></span> <span class='ocrx_word' id='word_1_228' title='bbox 1218 1797 1374 1828; x_wconf 87' lang='lat' dir='ltr'><strong>sanctus</strong></span> <span class='ocrx_word' id='word_1_229' title='bbox 1385 1790 1568 1842; x_wconf 82' lang='lat' dir='ltr'><strong>pontifex</strong></span> <span class='ocrx_word' id='word_1_230' title='bbox 1578 1788 1695 1843; x_wconf 83' lang='lat' dir='ltr'><strong>Chri-</strong></span> 
     </span>
     <span class='ocr_line' id='line_1_30' title="bbox 246 1840 1697 1898; baseline -0.001 -14"><span class='ocrx_word' id='word_1_231' title='bbox 246 1849 395 1885; x_wconf 83' lang='lat' dir='ltr'><strong>stianos</strong></span> <span class='ocrx_word' id='word_1_232' title='bbox 420 1854 458 1883; x_wconf 92' lang='lat' dir='ltr'><strong>et</strong></span> <span class='ocrx_word' id='word_1_233' title='bbox 476 1846 626 1895; x_wconf 90' lang='lat' dir='ltr'><strong>fideles,</strong></span> <span class='ocrx_word' id='word_1_234' title='bbox 655 1845 750 1884; x_wconf 88' lang='lat' dir='ltr'><strong>dum</strong></span> <span class='ocrx_word' id='word_1_235' title='bbox 768 1850 900 1884; x_wconf 89' lang='lat' dir='ltr'><strong>Iesum</strong></span> <span class='ocrx_word' id='word_1_236' title='bbox 912 1847 1114 1884; x_wconf 88' lang='lat' dir='ltr'><strong>intuentur</strong></span> <span class='ocrx_word' id='word_1_237' title='bbox 1129 1849 1173 1884; x_wconf 87' lang='lat' dir='ltr'><strong>in</strong></span> <span class='ocrx_word' id='word_1_238' title='bbox 1194 1860 1305 1884; x_wconf 87' lang='lat' dir='ltr'><strong>cruce</strong></span> <span class='ocrx_word' id='word_1_239' title='bbox 1321 1845 1561 1898; x_wconf 88' lang='lat' dir='ltr'><strong>pendentem</strong></span> <span class='ocrx_word' id='word_1_240' title='bbox 1579 1840 1697 1898; x_wconf 81' lang='lat' dir='ltr'><strong>super</strong></span> 
     </span>
     <span class='ocr_line' id='line_1_31' title="bbox 247 1902 1694 1955; baseline -0.001 -14"><span class='ocrx_word' id='word_1_241' title='bbox 247 1905 371 1941; x_wconf 80' lang='lat' dir='ltr'><strong>altare</strong></span> <span class='ocrx_word' id='word_1_242' title='bbox 390 1904 434 1940; x_wconf 90' lang='lat' dir='ltr'><strong>in</strong></span> <span class='ocrx_word' id='word_1_243' title='bbox 456 1904 623 1951; x_wconf 84' lang='lat' dir='ltr'><strong>ciborio,</strong></span> <span class='ocrx_word' id='word_1_244' title='bbox 655 1902 1087 1941; x_wconf 78' lang='lat' dir='ltr'><strong>sacratissimumillius</strong></span> <span class='ocrx_word' id='word_1_245' title='bbox 1110 1916 1271 1954; x_wconf 82' lang='lat' dir='ltr'><strong>corpus,</strong></span> <span class='ocrx_word' id='word_1_246' title='bbox 1303 1902 1410 1955; x_wconf 88' lang='lat' dir='ltr'><strong>quod</strong></span> <span class='ocrx_word' id='word_1_247' title='bbox 1432 1904 1472 1939; x_wconf 89' lang='lat' dir='ltr'><strong>in</strong></span> <span class='ocrx_word' id='word_1_248' title='bbox 1494 1916 1541 1940; x_wconf 88' lang='lat' dir='ltr'><strong>eo</strong></span> <span class='ocrx_word' id='word_1_249' title='bbox 1561 1909 1600 1939; x_wconf 90' lang='lat' dir='ltr'><strong>et</strong></span> <span class='ocrx_word' id='word_1_250' title='bbox 1622 1902 1694 1940; x_wconf 87' lang='lat' dir='ltr'><strong>sub</strong></span> 
     </span>
     <span class='ocr_line' id='line_1_32' title="bbox 249 1959 1697 2011; baseline -0.001 -14"><span class='ocrx_word' id='word_1_251' title='bbox 249 1973 364 1997; x_wconf 86' lang='lat' dir='ltr'><strong>cruce</strong></span> <span class='ocrx_word' id='word_1_252' title='bbox 384 1966 622 2007; x_wconf 84' lang='lat' dir='ltr'><strong>asservatur,</strong></span> <span class='ocrx_word' id='word_1_253' title='bbox 661 1967 846 2011; x_wconf 85' lang='lat' dir='ltr'><strong>expetere</strong></span> <span class='ocrx_word' id='word_1_254' title='bbox 858 1989 868 2007; x_wconf 86' lang='lat'>‚</span> <span class='ocrx_word' id='word_1_255' title='bbox 911 1966 950 1997; x_wconf 89' lang='lat' dir='ltr'><strong>et</strong></span> <span class='ocrx_word' id='word_1_256' title='bbox 966 1959 1191 2011; x_wconf 64' lang='lat' dir='ltr'><strong>affectuosis</strong></span> <span class='ocrx_word' id='word_1_257' title='bbox 1209 1959 1410 1996; x_wconf 72' lang='lat' dir='ltr'><strong>desideriis</strong></span> <span class='ocrx_word' id='word_1_258' title='bbox 1428 1960 1536 1996; x_wconf 82' lang='lat' dir='ltr'><strong>illius</strong></span> <span class='ocrx_word' id='word_1_259' title='bbox 1557 1971 1697 2009; x_wconf 85' lang='lat' dir='ltr'><strong>perce-</strong></span> 
     </span>
     <span class='ocr_line' id='line_1_33' title="bbox 246 2013 1698 2068; baseline -0.001 -15"><span class='ocrx_word' id='word_1_260' title='bbox 246 2017 427 2068; x_wconf 84' lang='lat' dir='ltr'><strong>ptionem</strong></span> <span class='ocrx_word' id='word_1_261' title='bbox 460 2022 661 2066; x_wconf 85' lang='lat' dir='ltr'><strong>exoptare.</strong></span> <span class='ocrx_word' id='word_1_262' title='bbox 726 2016 891 2053; x_wconf 83' lang='lat' dir='ltr'><strong>verbum</strong></span> <span class='ocrx_word' id='word_1_263' title='bbox 925 2017 1030 2052; x_wconf 88' lang='lat' dir='ltr'><strong>enim</strong></span> <span class='ocrx_word' id='word_1_264' title='bbox 1061 2015 1279 2052; x_wconf 80' lang='lat' dir='ltr'><strong>desiderare</strong></span> <span class='ocrx_word' id='word_1_265' title='bbox 1307 2013 1382 2051; x_wconf 87' lang='lat' dir='ltr'><strong>hac</strong></span> <span class='ocrx_word' id='word_1_266' title='bbox 1409 2021 1453 2052; x_wconf 86' lang='lat' dir='ltr'><strong>ut</strong></span> <span class='ocrx_word' id='word_1_267' title='bbox 1479 2015 1698 2065; x_wconf 77' lang='lat' dir='ltr'><strong>plurimum</strong></span> 
     </span>
     <span class='ocr_line' id='line_1_34' title="bbox 248 2069 1696 2123; baseline -0.001 -14"><span class='ocrx_word' id='word_1_268' title='bbox 248 2074 409 2110; x_wconf 86' lang='lat' dir='ltr'><strong>notione</strong></span> <span class='ocrx_word' id='word_1_269' title='bbox 441 2079 630 2122; x_wconf 86' lang='lat' dir='ltr'><strong>usurpant</strong></span> <span class='ocrx_word' id='word_1_270' title='bbox 657 2074 781 2109; x_wconf 84' lang='lat' dir='ltr'><strong>sancti</strong></span> <span class='ocrx_word' id='word_1_271' title='bbox 800 2078 953 2123; x_wconf 86' lang='lat' dir='ltr'><strong>patres‚&#39;</strong></span> <span class='ocrx_word' id='word_1_272' title='bbox 997 2071 1065 2108; x_wconf 88' lang='lat' dir='ltr'><strong>ubi</strong></span> <span class='ocrx_word' id='word_1_273' title='bbox 1091 2069 1139 2108; x_wconf 91' lang='lat' dir='ltr'><strong>de</strong></span> <span class='ocrx_word' id='word_1_274' title='bbox 1164 2072 1418 2108; x_wconf 82' lang='lat' dir='ltr'><strong>sacrosanctis</strong></span> <span class='ocrx_word' id='word_1_275' title='bbox 1443 2071 1696 2108; x_wconf 79' lang='lat' dir='ltr'><strong>sacramentis</strong></span> 
     </span>
     <span class='ocr_line' id='line_1_35' title="bbox 248 2126 1698 2179; baseline -0.001 -14"><span class='ocrx_word' id='word_1_276' title='bbox 248 2141 295 2165; x_wconf 88' lang='lat' dir='ltr'><strong>ac</strong></span> <span class='ocrx_word' id='word_1_277' title='bbox 313 2129 543 2179; x_wconf 82' lang='lat' dir='ltr'><strong>praesertim</strong></span> <span class='ocrx_word' id='word_1_278' title='bbox 568 2126 616 2164; x_wconf 88' lang='lat' dir='ltr'><strong>de</strong></span> <span class='ocrx_word' id='word_1_279' title='bbox 637 2126 894 2165; x_wconf 85' lang='lat' dir='ltr'><strong>eucharistiae</strong></span> <span class='ocrx_word' id='word_1_280' title='bbox 913 2133 1156 2164; x_wconf 80' lang='lat' dir='ltr'><strong>sacramento</strong></span> <span class='ocrx_word' id='word_1_281' title='bbox 1180 2134 1323 2177; x_wconf 87' lang='lat' dir='ltr'><strong>agunt,</strong></span> <span class='ocrx_word' id='word_1_282' title='bbox 1362 2134 1407 2164; x_wconf 90' lang='lat' dir='ltr'><strong>ut</strong></span> <span class='ocrx_word' id='word_1_283' title='bbox 1427 2127 1698 2164; x_wconf 79' lang='lat' dir='ltr'><strong>Tertullianus</strong></span> 
     </span>
     <span class='ocr_line' id='line_1_36' title="bbox 247 2181 1699 2231; baseline -0.001 -10"><span class='ocrx_word' id='word_1_284' title='bbox 247 2183 301 2221; x_wconf 88' lang='lat' dir='ltr'><strong>ad</strong></span> <span class='ocrx_word' id='word_1_285' title='bbox 321 2184 532 2222; x_wconf 80' lang='lat' dir='ltr'><strong>uxorem2</strong></span> <span class='ocrx_word' id='word_1_286' title='bbox 562 2183 588 2224; x_wconf 84' lang='lat'><strong>4</strong></span> <span class='ocrx_word' id='word_1_287' title='bbox 618 2189 657 2220; x_wconf 90' lang='lat' dir='ltr'><strong>et</strong></span> <span class='ocrx_word' id='word_1_288' title='bbox 686 2186 734 2231; x_wconf 86' lang='lat'><strong>6,</strong></span> <span class='ocrx_word' id='word_1_289' title='bbox 775 2184 817 2221; x_wconf 87' lang='lat' dir='ltr'><strong>S.</strong></span> <span class='ocrx_word' id='word_1_290' title='bbox 843 2183 1073 2221; x_wconf 88' lang='lat' dir='ltr'><strong>Ambrosius</strong></span> <span class='ocrx_word' id='word_1_291' title='bbox 1096 2182 1144 2219; x_wconf 89' lang='lat' dir='ltr'><strong>de</strong></span> <span class='ocrx_word' id='word_1_292' title='bbox 1161 2184 1295 2220; x_wconf 89' lang='lat' dir='ltr'><strong>Fratre</strong></span> <span class='ocrx_word' id='word_1_293' title='bbox 1324 2196 1395 2221; x_wconf 83' lang='lat' dir='ltr'><strong>suo</strong></span> <span class='ocrx_word' id='word_1_294' title='bbox 1425 2190 1464 2220; x_wconf 89' lang='lat' dir='ltr'><strong>et</strong></span> <span class='ocrx_word' id='word_1_295' title='bbox 1488 2181 1536 2220; x_wconf 89' lang='lat' dir='ltr'><strong>de</strong></span> <span class='ocrx_word' id='word_1_296' title='bbox 1555 2183 1699 2220; x_wconf 79' lang='lat' dir='ltr'><strong>Sacra—</strong></span> 
     </span>
     <span class='ocr_line' id='line_1_37' title="bbox 246 2236 1700 2287; baseline -0.001 -10"><span class='ocrx_word' id='word_1_297' title='bbox 246 2245 371 2277; x_wconf 87' lang='lat' dir='ltr'><strong>ment.</strong></span> <span class='ocrx_word' id='word_1_298' title='bbox 393 2240 421 2276; x_wconf 87' lang='lat' dir='ltr'><strong>l.</strong></span> <span class='ocrx_word' id='word_1_299' title='bbox 441 2238 466 2279; x_wconf 86' lang='lat'><strong>4</strong></span> <span class='ocrx_word' id='word_1_300' title='bbox 479 2267 490 2287; x_wconf 90' lang='lat'><strong>‚</strong></span> <span class='ocrx_word' id='word_1_301' title='bbox 521 2238 563 2276; x_wconf 92' lang='lat' dir='ltr'><strong>S.</strong></span> <span class='ocrx_word' id='word_1_302' title='bbox 582 2239 736 2287; x_wconf 87' lang='lat' dir='ltr'><strong>Eligius</strong></span> <span class='ocrx_word' id='word_1_303' title='bbox 759 2239 906 2276; x_wconf 88' lang='lat' dir='ltr'><strong>Homil.</strong></span> <span class='ocrx_word' id='word_1_304' title='bbox 929 2239 976 2286; x_wconf 91' lang='lat'><strong>8,</strong></span> <span class='ocrx_word' id='word_1_305' title='bbox 1007 2246 1046 2276; x_wconf 90' lang='lat' dir='ltr'><strong>et</strong></span> <span class='ocrx_word' id='word_1_306' title='bbox 1065 2239 1108 2276; x_wconf 90' lang='lat' dir='ltr'><strong>S.</strong></span> <span class='ocrx_word' id='word_1_307' title='bbox 1127 2241 1235 2277; x_wconf 89' lang='lat' dir='ltr'><strong>Zeno</strong></span> <span class='ocrx_word' id='word_1_308' title='bbox 1257 2241 1400 2277; x_wconf 86' lang='lat' dir='ltr'><strong>Veron.</strong></span> <span class='ocrx_word' id='word_1_309' title='bbox 1421 2240 1574 2277; x_wconf 81' lang='lat' dir='ltr'><strong>invitat.</strong></span> <span class='ocrx_word' id='word_1_310' title='bbox 1599 2241 1628 2281; x_wconf 88' lang='grc'>8</span> <span class='ocrx_word' id='word_1_311' title='bbox 1647 2236 1700 2275; x_wconf 84' lang='lat' dir='ltr'><strong>ad</strong></span> 
     </span>
     <span class='ocr_line' id='line_1_38' title="bbox 246 2293 1698 2347; baseline 0.001 -15"><span class='ocrx_word' id='word_1_312' title='bbox 246 2297 427 2333; x_wconf 82' lang='lat' dir='ltr'><strong>Fontem.</strong></span> <span class='ocrx_word' id='word_1_313' title='bbox 456 2293 563 2332; x_wconf 87' lang='lat' dir='ltr'><strong>unde</strong></span> <span class='ocrx_word' id='word_1_314' title='bbox 583 2295 626 2331; x_wconf 86' lang='lat' dir='ltr'><strong>in</strong></span> <span class='ocrx_word' id='word_1_315' title='bbox 646 2295 773 2332; x_wconf 89' lang='lat' dir='ltr'><strong>Gloss.</strong></span> <span class='ocrx_word' id='word_1_316' title='bbox 794 2296 883 2332; x_wconf 82' lang='lat' dir='ltr'><strong>Lat.</strong></span> <span class='ocrx_word' id='word_1_317' title='bbox 903 2295 970 2331; x_wconf 83' lang='lat' dir='ltr'><strong>Gr.</strong></span> <span class='ocrx_word' id='word_1_318' title='bbox 993 2294 1212 2333; x_wconf 71' lang='lat' dir='ltr'><strong>desiderata</strong></span> <span class='ocrx_word' id='word_1_319' title='bbox 1232 2297 1443 2347; x_wconf 83' lang='lat' dir='ltr'><strong>exponitur</strong></span> <span class='ocrx_word' id='word_1_320' title='bbox 1461 2295 1698 2346; x_wconf 76' lang='grc' dir='ltr'><em>λειτουργία,</em></span> 
     </span>
     <span class='ocr_line' id='line_1_39' title="bbox 246 2347 1696 2404; baseline -0.003 -12"><span class='ocrx_word' id='word_1_321' title='bbox 246 2347 392 2403; x_wconf 82' lang='grc' dir='ltr'><em>τελετή,</em></span> <span class='ocrx_word' id='word_1_322' title='bbox 422 2349 466 2388; x_wconf 88' lang='lat' dir='ltr'><strong>id</strong></span> <span class='ocrx_word' id='word_1_323' title='bbox 487 2357 546 2388; x_wconf 90' lang='lat' dir='ltr'><strong>est</strong></span> <span class='ocrx_word' id='word_1_324' title='bbox 563 2358 855 2388; x_wconf 80' lang='lat' dir='ltr'><strong>sacrosanctum</strong></span> <span class='ocrx_word' id='word_1_325' title='bbox 872 2352 1016 2388; x_wconf 83' lang='lat' dir='ltr'><strong>missae</strong></span> <span class='ocrx_word' id='word_1_326' title='bbox 1039 2351 1229 2399; x_wconf 84' lang='lat' dir='ltr'><strong>officium,</strong></span> <span class='ocrx_word' id='word_1_327' title='bbox 1258 2353 1301 2388; x_wconf 88' lang='lat' dir='ltr'><strong>in</strong></span> <span class='ocrx_word' id='word_1_328' title='bbox 1319 2364 1397 2404; x_wconf 92' lang='lat' dir='ltr'><strong>quo</strong></span> <span class='ocrx_word' id='word_1_329' title='bbox 1419 2365 1559 2402; x_wconf 87' lang='lat' dir='ltr'><strong>corpus</strong></span> <span class='ocrx_word' id='word_1_330' title='bbox 1578 2349 1696 2388; x_wconf 82' lang='lat' dir='ltr'><strong>chri-</strong></span> 
     </span>
     <span class='ocr_line' id='line_1_40' title="bbox 248 2405 1696 2458; baseline -0.002 -12"><span class='ocrx_word' id='word_1_331' title='bbox 248 2410 299 2446; x_wconf 86' lang='lat' dir='ltr'><strong>sti</strong></span> <span class='ocrx_word' id='word_1_332' title='bbox 316 2414 354 2445; x_wconf 88' lang='lat' dir='ltr'><strong>et</strong></span> <span class='ocrx_word' id='word_1_333' title='bbox 372 2406 530 2444; x_wconf 78' lang='lat' dir='ltr'><strong>divinae</strong></span> <span class='ocrx_word' id='word_1_334' title='bbox 551 2405 808 2445; x_wconf 86' lang='lat' dir='ltr'><strong>eucharistiae</strong></span> <span class='ocrx_word' id='word_1_335' title='bbox 824 2414 1114 2445; x_wconf 88' lang='lat' dir='ltr'><strong>sacramentum</strong></span> <span class='ocrx_word' id='word_1_336' title='bbox 1132 2408 1345 2456; x_wconf 86' lang='lat' dir='ltr'><strong>conficitur,</strong></span> <span class='ocrx_word' id='word_1_337' title='bbox 1369 2409 1428 2445; x_wconf 88' lang='lat' dir='ltr'><strong>uti</strong></span> <span class='ocrx_word' id='word_1_338' title='bbox 1446 2406 1601 2458; x_wconf 88' lang='lat' dir='ltr'><strong>pridem</strong></span> <span class='ocrx_word' id='word_1_339' title='bbox 1621 2406 1696 2443; x_wconf 90' lang='lat' dir='ltr'><strong>ob-</strong></span> 
     </span>
     <span class='ocr_line' id='line_1_41' title="bbox 248 2464 1696 2515; baseline -0.001 -14"><span class='ocrx_word' id='word_1_340' title='bbox 248 2470 453 2502; x_wconf 84' lang='lat' dir='ltr'><strong>servarunt</strong></span> <span class='ocrx_word' id='word_1_341' title='bbox 472 2466 550 2501; x_wconf 88' lang='lat' dir='ltr'><strong>Ios.</strong></span> <span class='ocrx_word' id='word_1_342' title='bbox 572 2464 750 2514; x_wconf 88' lang='lat' dir='ltr'><strong>Scaliger</strong></span> <span class='ocrx_word' id='word_1_343' title='bbox 768 2465 810 2501; x_wconf 90' lang='lat' dir='ltr'><strong>in</strong></span> <span class='ocrx_word' id='word_1_344' title='bbox 829 2464 1018 2514; x_wconf 84' lang='lat' dir='ltr'><strong>Epistolis</strong></span> <span class='ocrx_word' id='word_1_345' title='bbox 1040 2477 1080 2515; x_wconf 89' lang='lat' dir='ltr'><strong>p.</strong></span> <span class='ocrx_word' id='word_1_346' title='bbox 1102 2464 1182 2506; x_wconf 87' lang='grc'><strong>195</strong></span> <span class='ocrx_word' id='word_1_347' title='bbox 1196 2493 1206 2511; x_wconf 91' lang='grc'>,</span> <span class='ocrx_word' id='word_1_348' title='bbox 1243 2464 1496 2502; x_wconf 73' lang='lat' dir='ltr'><strong>casaubonus</strong></span> <span class='ocrx_word' id='word_1_349' title='bbox 1519 2464 1696 2500; x_wconf 84' lang='lat' dir='ltr'><strong>Exercit.</strong></span> 
     </span>
     <span class='ocr_line' id='line_1_42' title="bbox 252 2518 1699 2568; baseline -0.001 -12"><span class='ocrx_word' id='word_1_350' title='bbox 252 2522 303 2561; x_wconf 89' lang='grc'><strong>16</strong></span> <span class='ocrx_word' id='word_1_351' title='bbox 329 2518 380 2557; x_wconf 90' lang='lat' dir='ltr'><strong>ad</strong></span> <span class='ocrx_word' id='word_1_352' title='bbox 401 2520 547 2557; x_wconf 88' lang='lat' dir='ltr'><strong>Annal.</strong></span> <span class='ocrx_word' id='word_1_353' title='bbox 565 2521 708 2559; x_wconf 82' lang='lat' dir='ltr'><strong>Baron.</strong></span> <span class='ocrx_word' id='word_1_354' title='bbox 729 2533 760 2558; x_wconf 88' lang='lat' dir='ltr'><strong>c.</strong></span> <span class='ocrx_word' id='word_1_355' title='bbox 782 2518 836 2561; x_wconf 84' lang='lat'><strong>45</strong></span> <span class='ocrx_word' id='word_1_356' title='bbox 851 2548 861 2568; x_wconf 94' lang='lat'>,</span> <span class='ocrx_word' id='word_1_357' title='bbox 891 2519 1067 2557; x_wconf 86' lang='lat' dir='ltr'><strong>Lacerda</strong></span> <span class='ocrx_word' id='word_1_358' title='bbox 1084 2521 1126 2557; x_wconf 90' lang='lat' dir='ltr'><strong>iu</strong></span> <span class='ocrx_word' id='word_1_359' title='bbox 1141 2519 1308 2558; x_wconf 83' lang='lat' dir='ltr'><strong>Advers.</strong></span> <span class='ocrx_word' id='word_1_360' title='bbox 1326 2534 1360 2557; x_wconf 83' lang='lat' dir='ltr'><strong>c.</strong></span> <span class='ocrx_word' id='word_1_361' title='bbox 1381 2521 1458 2560; x_wconf 86' lang='lat'><strong>136</strong></span> <span class='ocrx_word' id='word_1_362' title='bbox 1484 2532 1524 2556; x_wconf 89' lang='lat' dir='ltr'><strong>n.</strong></span> <span class='ocrx_word' id='word_1_363' title='bbox 1549 2519 1622 2566; x_wconf 89' lang='grc'><strong>15,</strong></span> <span class='ocrx_word' id='word_1_364' title='bbox 1659 2525 1699 2556; x_wconf 84' lang='lat' dir='ltr'><strong>et</strong></span> 
     </span>
     <span class='ocr_line' id='line_1_43' title="bbox 250 2574 1698 2628; baseline -0.002 -14"><span class='ocrx_word' id='word_1_365' title='bbox 250 2577 333 2614; x_wconf 83' lang='lat' dir='ltr'><strong>alii.</strong></span> <span class='ocrx_word' id='word_1_366' title='bbox 393 2583 569 2613; x_wconf 74' lang='lat' dir='ltr'><strong>centrum</strong></span> <span class='ocrx_word' id='word_1_367' title='bbox 588 2575 758 2628; x_wconf 88' lang='lat' dir='ltr'><strong>denique</strong></span> <span class='ocrx_word' id='word_1_368' title='bbox 786 2574 893 2626; x_wconf 90' lang='lat' dir='ltr'><strong>apud</strong></span> <span class='ocrx_word' id='word_1_369' title='bbox 911 2577 1119 2614; x_wconf 88' lang='lat' dir='ltr'><strong>Nicolaum</strong></span> <span class='ocrx_word' id='word_1_370' title='bbox 1135 2575 1236 2613; x_wconf 82' lang='lat' dir='ltr'><strong>nihil</strong></span> <span class='ocrx_word' id='word_1_371' title='bbox 1254 2575 1363 2615; x_wconf 85' lang='lat' dir='ltr'><strong>aliud</strong></span> <span class='ocrx_word' id='word_1_372' title='bbox 1381 2581 1439 2613; x_wconf 88' lang='lat' dir='ltr'><strong>est</strong></span> <span class='ocrx_word' id='word_1_373' title='bbox 1457 2587 1579 2627; x_wconf 87' lang='lat' dir='ltr'><strong>quam</strong></span> <span class='ocrx_word' id='word_1_374' title='bbox 1601 2587 1698 2612; x_wconf 91' lang='lat' dir='ltr'><strong>con-</strong></span> 
     </span>
     <span class='ocr_line' id='line_1_44' title="bbox 250 2630 1698 2684; baseline -0.001 -15"><span class='ocrx_word' id='word_1_375' title='bbox 250 2631 348 2670; x_wconf 87' lang='lat' dir='ltr'><strong>chae</strong></span> <span class='ocrx_word' id='word_1_376' title='bbox 369 2633 503 2670; x_wconf 84' lang='lat' dir='ltr'><strong>altaris</strong></span> <span class='ocrx_word' id='word_1_377' title='bbox 521 2645 612 2683; x_wconf 83' lang='lat' dir='ltr'><strong>pars</strong></span> <span class='ocrx_word' id='word_1_378' title='bbox 631 2634 829 2684; x_wconf 87' lang='lat' dir='ltr'><strong>superior,</strong></span> <span class='ocrx_word' id='word_1_379' title='bbox 868 2644 968 2684; x_wconf 86' lang='lat' dir='ltr'><strong>quae</strong></span> <span class='ocrx_word' id='word_1_380' title='bbox 988 2634 1029 2669; x_wconf 91' lang='lat' dir='ltr'><strong>in</strong></span> <span class='ocrx_word' id='word_1_381' title='bbox 1050 2631 1221 2670; x_wconf 86' lang='lat' dir='ltr'><strong>conchae</strong></span> <span class='ocrx_word' id='word_1_382' title='bbox 1240 2630 1540 2670; x_wconf 86' lang='lat' dir='ltr'><strong>similitudinem</strong></span> <span class='ocrx_word' id='word_1_383' title='bbox 1558 2643 1698 2668; x_wconf 80' lang='lat' dir='ltr'><strong>curva-</strong></span> 
     </span>
     <span class='ocr_line' id='line_1_45' title="bbox 251 2689 1699 2741; baseline -0.001 -15"><span class='ocrx_word' id='word_1_384' title='bbox 251 2696 315 2726; x_wconf 89' lang='lat' dir='ltr'><strong>tur</strong></span> <span class='ocrx_word' id='word_1_385' title='bbox 334 2701 380 2726; x_wconf 86' lang='lat' dir='ltr'><strong>ac</strong></span> <span class='ocrx_word' id='word_1_386' title='bbox 397 2689 575 2726; x_wconf 84' lang='lat' dir='ltr'><strong>sinuatur</strong></span> <span class='ocrx_word' id='word_1_387' title='bbox 587 2718 597 2737; x_wconf 90' lang='lat'>,</span> <span class='ocrx_word' id='word_1_388' title='bbox 636 2696 675 2726; x_wconf 91' lang='lat' dir='ltr'><strong>et</strong></span> <span class='ocrx_word' id='word_1_389' title='bbox 695 2702 815 2741; x_wconf 86' lang='lat' dir='ltr'><strong>quam</strong></span> <span class='ocrx_word' id='word_1_390' title='bbox 834 2689 960 2726; x_wconf 85' lang='lat' dir='ltr'><strong>stellis</strong></span> <span class='ocrx_word' id='word_1_391' title='bbox 978 2696 1248 2726; x_wconf 83' lang='lat' dir='ltr'><strong>coruscantem</strong></span> <span class='ocrx_word' id='word_1_392' title='bbox 1260 2717 1271 2738; x_wconf 93' lang='lat'>‚</span> <span class='ocrx_word' id='word_1_393' title='bbox 1309 2689 1433 2727; x_wconf 83' lang='lat' dir='ltr'><strong>veluti</strong></span> <span class='ocrx_word' id='word_1_394' title='bbox 1458 2689 1613 2726; x_wconf 85' lang='lat' dir='ltr'><strong>caelum</strong></span> <span class='ocrx_word' id='word_1_395' title='bbox 1634 2699 1699 2724; x_wconf 83' lang='lat' dir='ltr'><strong>re-</strong></span> 
     </span>
     <span class='ocr_line' id='line_1_46' title="bbox 252 2744 1211 2797; baseline -0.001 -14"><span class='ocrx_word' id='word_1_396' title='bbox 252 2751 581 2797; x_wconf 84' lang='lat' dir='ltr'><strong>praesentantem,</strong></span> <span class='ocrx_word' id='word_1_397' title='bbox 613 2744 798 2783; x_wconf 85' lang='lat' dir='ltr'><strong>describit</strong></span> <span class='ocrx_word' id='word_1_398' title='bbox 819 2745 1008 2782; x_wconf 87' lang='lat' dir='ltr'><strong>Paulinus</strong></span> <span class='ocrx_word' id='word_1_399' title='bbox 1027 2747 1116 2782; x_wconf 81' lang='lat' dir='ltr'><strong>Nat.</strong></span> <span class='ocrx_word' id='word_1_400' title='bbox 1138 2746 1211 2785; x_wconf 87' lang='lat'><strong>10:</strong></span> 
     </span>
     <span class='ocr_line' id='line_1_47' title="bbox 471 2800 1347 2840; baseline 0 -2"><span class='ocrx_word' id='word_1_401' title='bbox 471 2808 528 2838; x_wconf 75' lang='lat' dir='ltr'><strong>est</strong></span> <span class='ocrx_word' id='word_1_402' title='bbox 546 2802 661 2839; x_wconf 76' lang='lat' dir='ltr'><strong>etiam</strong></span> <span class='ocrx_word' id='word_1_403' title='bbox 681 2803 860 2840; x_wconf 77' lang='grc' dir='ltr'><em>ιἰιίενίονε</em></span> <span class='ocrx_word' id='word_1_404' title='bbox 876 2802 967 2840; x_wconf 74' lang='lat' dir='ltr'><strong>sirm</strong></span> <span class='ocrx_word' id='word_1_405' title='bbox 988 2802 1148 2839; x_wconf 77' lang='lat' dir='ltr'><strong>nmioris</strong></span> <span class='ocrx_word' id='word_1_406' title='bbox 1167 2802 1210 2839; x_wconf 75' lang='lat' dir='ltr'><strong>in</strong></span> <span class='ocrx_word' id='word_1_407' title='bbox 1227 2800 1347 2839; x_wconf 72' lang='lat' dir='ltr'><strong>aulae</strong></span> 
     </span>
    </p>
   </div>
  </div>
 </body>
</html>
