<?xml version="1.0" encoding="UTF-8"?>
<!DOCTYPE html PUBLIC "-//W3C//DTD XHTML 1.0 Transitional//EN"
    "http://www.w3.org/TR/xhtml1/DTD/xhtml1-transitional.dtd">
<html xmlns="http://www.w3.org/1999/xhtml" xml:lang="en" lang="en">
 <head>
  <title>
</title>
<meta http-equiv="Content-Type" content="text/html;charset=utf-8" />
  <meta name='ocr-system' content='tesseract 3.04.00' />
  <meta name='ocr-capabilities' content='ocr_page ocr_carea ocr_par ocr_line ocrx_word'/>
</head>
<body>
  <div class='ocr_page' id='page_1' title='image "./corpusscriptorum42niebuoft/corpusscriptorum42niebuoft_0239.png"; bbox 0 0 1890 3224; ppageno 0'>
   <div class='ocr_carea' id='block_1_1' title="bbox 761 236 1658 281">
    <p class='ocr_par' dir='ltr' id='par_1_1' title="bbox 761 236 1658 281">
     <span class='ocr_line' id='line_1_1' title="bbox 761 236 1658 281; baseline 0.002 -2"><span class='ocrx_word' id='word_1_1' title='bbox 761 236 1084 281; x_wconf 80' lang='lat' dir='ltr'>PRAEFATIO.</span> <span class='ocrx_word' id='word_1_2' title='bbox 1512 249 1658 281; x_wconf 79' lang='lat' dir='ltr'>mm</span> 
     </span>
    </p>
   </div>
   <div class='ocr_carea' id='block_1_2' title="bbox 178 342 1849 2156">
    <p class='ocr_par' dir='ltr' id='par_1_2' title="bbox 191 342 1655 400">
     <span class='ocr_line' id='line_1_2' title="bbox 191 342 1655 400; baseline 0.006 -18"><span class='ocrx_word' id='word_1_3' title='bbox 191 342 360 394; x_wconf 86' lang='lat' dir='ltr'>codices,</span> <span class='ocrx_word' id='word_1_4' title='bbox 388 343 433 382; x_wconf 87' lang='lat' dir='ltr'>id</span> <span class='ocrx_word' id='word_1_5' title='bbox 460 350 520 382; x_wconf 82' lang='lat' dir='ltr'>est</span> <span class='ocrx_word' id='word_1_6' title='bbox 547 344 673 395; x_wconf 87' lang='grc'><strong>2745,</strong></span> <span class='ocrx_word' id='word_1_7' title='bbox 701 343 828 395; x_wconf 80' lang='grc'><strong>2746,</strong></span> <span class='ocrx_word' id='word_1_8' title='bbox 856 348 981 396; x_wconf 88' lang='grc'><strong>2869,</strong></span> <span class='ocrx_word' id='word_1_9' title='bbox 1010 349 1136 398; x_wconf 88' lang='grc'><strong>2870,</strong></span> <span class='ocrx_word' id='word_1_10' title='bbox 1164 348 1287 397; x_wconf 84' lang='grc'><strong>2893,</strong></span> <span class='ocrx_word' id='word_1_11' title='bbox 1316 349 1359 385; x_wconf 85' lang='lat' dir='ltr'>in</span> <span class='ocrx_word' id='word_1_12' title='bbox 1381 347 1525 400; x_wconf 74' lang='lat' dir='ltr'>quibus</span> <span class='ocrx_word' id='word_1_13' title='bbox 1544 347 1655 387; x_wconf 80' lang='lat' dir='ltr'>idem</span> 
     </span>
    </p>

    <p class='ocr_par' dir='ltr' id='par_1_3' title="bbox 190 412 1655 465">
     <span class='ocr_line' id='line_1_3' title="bbox 190 412 1655 465; baseline 0.003 -15"><span class='ocrx_word' id='word_1_14' title='bbox 190 425 291 464; x_wconf 85' lang='lat' dir='ltr'>opus</span> <span class='ocrx_word' id='word_1_15' title='bbox 306 413 416 451; x_wconf 77' lang='lat' dir='ltr'>venit</span> <span class='ocrx_word' id='word_1_16' title='bbox 434 412 506 451; x_wconf 84' lang='lat' dir='ltr'>sub</span> <span class='ocrx_word' id='word_1_17' title='bbox 527 412 630 451; x_wconf 78' lang='lat' dir='ltr'>falso</span> <span class='ocrx_word' id='word_1_18' title='bbox 650 414 812 450; x_wconf 87' lang='lat' dir='ltr'>nomine</span> <span class='ocrx_word' id='word_1_19' title='bbox 827 413 968 465; x_wconf 85' lang='lat' dir='ltr'>Cyrilli</span> <span class='ocrx_word' id='word_1_20' title='bbox 984 414 1265 454; x_wconf 83' lang='lat' dir='ltr'><strong>Alexandrini.</strong></span> <span class='ocrx_word' id='word_1_21' title='bbox 1292 417 1338 454; x_wconf 88' lang='lat' dir='ltr'>in</span> <span class='ocrx_word' id='word_1_22' title='bbox 1362 414 1498 454; x_wconf 81' lang='lat' dir='ltr'>codice</span> <span class='ocrx_word' id='word_1_23' title='bbox 1520 423 1655 455; x_wconf 87' lang='lat' dir='ltr'>autem</span> 
     </span>
    </p>

    <p class='ocr_par' dir='ltr' id='par_1_4' title="bbox 194 479 1655 537">
     <span class='ocr_line' id='line_1_4' title="bbox 194 479 1655 537; baseline 0.007 -21"><span class='ocrx_word' id='word_1_24' title='bbox 194 481 301 520; x_wconf 82' lang='lat'><strong>1630</strong></span> <span class='ocrx_word' id='word_1_25' title='bbox 319 479 508 530; x_wconf 69' lang='lat' dir='ltr'>legtmtur</span> <span class='ocrx_word' id='word_1_26' title='bbox 515 479 675 518; x_wconf 79' lang='lat' dir='ltr'>Pisidae</span> <span class='ocrx_word' id='word_1_27' title='bbox 692 481 819 519; x_wconf 80' lang='lat' dir='ltr'>iambi</span> <span class='ocrx_word' id='word_1_28' title='bbox 836 481 886 519; x_wconf 80' lang='lat' dir='ltr'>cle</span> <span class='ocrx_word' id='word_1_29' title='bbox 903 482 987 519; x_wconf 74' lang='lat' dir='ltr'>vita</span> <span class='ocrx_word' id='word_1_30' title='bbox 1001 481 1203 530; x_wconf 84' lang='lat' dir='ltr'>humana,</span> <span class='ocrx_word' id='word_1_31' title='bbox 1217 496 1387 536; x_wconf 84' lang='lat' dir='ltr'>quorum</span> <span class='ocrx_word' id='word_1_32' title='bbox 1404 479 1655 537; x_wconf 74' lang='grc' dir='ltr'>ἆρχοτέλειαν</span> 
     </span>
    </p>

    <p class='ocr_par' dir='ltr' id='par_1_5' title="bbox 189 546 1654 603">
     <span class='ocr_line' id='line_1_5' title="bbox 189 546 1654 603; baseline 0.005 -20"><span class='ocrx_word' id='word_1_33' title='bbox 189 546 306 584; x_wconf 84' lang='lat' dir='ltr'>nobis</span> <span class='ocrx_word' id='word_1_34' title='bbox 326 554 485 599; x_wconf 84' lang='lat' dir='ltr'>rogatus</span> <span class='ocrx_word' id='word_1_35' title='bbox 514 548 625 585; x_wconf 77' lang='lat' dir='ltr'>mIsit</span> <span class='ocrx_word' id='word_1_36' title='bbox 651 546 951 599; x_wconf 84' lang='lat' dir='ltr'>perhumaniter</span> <span class='ocrx_word' id='word_1_37' title='bbox 980 549 1030 586; x_wconf 91' lang='lat' dir='ltr'>cl.</span> <span class='ocrx_word' id='word_1_38' title='bbox 1056 551 1118 587; x_wconf 79' lang='lat' dir='ltr'>vir</span> <span class='ocrx_word' id='word_1_39' title='bbox 1135 551 1477 603; x_wconf 85' lang='lat' dir='ltr'>Capperonnerius</span> <span class='ocrx_word' id='word_1_40' title='bbox 1505 553 1654 591; x_wconf 85' lang='lat' dir='ltr'>biblio-</span> 
     </span>
    </p>

    <p class='ocr_par' dir='ltr' id='par_1_6' title="bbox 188 611 1849 738">
     <span class='ocr_line' id='line_1_6' title="bbox 190 611 1849 673; baseline 0.006 -23"><span class='ocrx_word' id='word_1_41' title='bbox 190 611 330 651; x_wconf 66' lang='lat' dir='ltr'>thecae</span> <span class='ocrx_word' id='word_1_42' title='bbox 348 616 482 665; x_wconf 86' lang='lat' dir='ltr'>regiae</span> <span class='ocrx_word' id='word_1_43' title='bbox 498 621 652 663; x_wconf 85' lang='lat' dir='ltr'>custos,</span> <span class='ocrx_word' id='word_1_44' title='bbox 681 616 844 667; x_wconf 88' lang='lat' dir='ltr'>qualem</span> <span class='ocrx_word' id='word_1_45' title='bbox 861 614 928 653; x_wconf 91' lang='lat' dir='ltr'>hic</span> <span class='ocrx_word' id='word_1_46' title='bbox 950 616 1121 655; x_wconf 85' lang='lat' dir='ltr'>libenter</span> <span class='ocrx_word' id='word_1_47' title='bbox 1138 619 1393 667; x_wconf 70' lang='lat' dir='ltr'>subiicimuS,</span> <span class='ocrx_word' id='word_1_48' title='bbox 1434 632 1526 657; x_wconf 85' lang='lat' dir='ltr'>cum</span> <span class='ocrx_word' id='word_1_49' title='bbox 1545 619 1654 673; x_wconf 89' lang='lat' dir='ltr'>quod</span> <span class='ocrx_word' id='word_1_50' title='bbox 1676 633 1712 669; x_wconf 82' lang='lat' dir='ltr'>p.</span> <span class='ocrx_word' id='word_1_51' title='bbox 1726 621 1849 660; x_wconf 79' lang='lat' dir='ltr'>XXIX</span> 
     </span>
     <span class='ocr_line' id='line_1_7' title="bbox 188 681 1653 738; baseline 0.006 -20"><span class='ocrx_word' id='word_1_52' title='bbox 188 681 246 718; x_wconf 91' lang='lat' dir='ltr'>ibi</span> <span class='ocrx_word' id='word_1_53' title='bbox 261 682 340 719; x_wconf 88' lang='lat' dir='ltr'>alia</span> <span class='ocrx_word' id='word_1_54' title='bbox 361 682 476 720; x_wconf 88' lang='lat' dir='ltr'>aliter</span> <span class='ocrx_word' id='word_1_55' title='bbox 494 694 540 719; x_wconf 86' lang='lat' dir='ltr'>ac</span> <span class='ocrx_word' id='word_1_56' title='bbox 558 683 602 719; x_wconf 90' lang='lat' dir='ltr'>in</span> <span class='ocrx_word' id='word_1_57' title='bbox 625 681 742 721; x_wconf 86' lang='lat' dir='ltr'>editis</span> <span class='ocrx_word' id='word_1_58' title='bbox 760 684 947 735; x_wconf 84' lang='lat' dir='ltr'>legantur</span> <span class='ocrx_word' id='word_1_59' title='bbox 959 713 971 733; x_wconf 92' lang='lat'><strong>,</strong></span> <span class='ocrx_word' id='word_1_60' title='bbox 999 691 1087 722; x_wconf 87' lang='lat' dir='ltr'>tum</span> <span class='ocrx_word' id='word_1_61' title='bbox 1105 685 1215 738; x_wconf 89' lang='lat' dir='ltr'>quod</span> <span class='ocrx_word' id='word_1_62' title='bbox 1231 686 1337 725; x_wconf 85' lang='lat' dir='ltr'>nihil</span> <span class='ocrx_word' id='word_1_63' title='bbox 1356 685 1495 725; x_wconf 83' lang='lat' dir='ltr'>deesse</span> <span class='ocrx_word' id='word_1_64' title='bbox 1513 688 1558 725; x_wconf 90' lang='lat' dir='ltr'>in</span> <span class='ocrx_word' id='word_1_65' title='bbox 1574 688 1653 727; x_wconf 88' lang='lat' dir='ltr'>fine</span> 
     </span>
    </p>

    <p class='ocr_par' dir='ltr' id='par_1_7' title="bbox 186 746 1652 808">
     <span class='ocr_line' id='line_1_8' title="bbox 186 746 1652 808; baseline 0.007 -21"><span class='ocrx_word' id='word_1_66' title='bbox 186 746 307 787; x_wconf 89' lang='lat' dir='ltr'>huius</span> <span class='ocrx_word' id='word_1_67' title='bbox 325 752 543 801; x_wconf 64' lang='lat' dir='ltr'>poematis,</span> <span class='ocrx_word' id='word_1_68' title='bbox 573 757 618 788; x_wconf 91' lang='lat' dir='ltr'>ut</span> <span class='ocrx_word' id='word_1_69' title='bbox 637 752 818 803; x_wconf 83' lang='lat' dir='ltr'>superius</span> <span class='ocrx_word' id='word_1_70' title='bbox 841 749 1085 801; x_wconf 83' lang='lat' dir='ltr'>dicebamus,</span> <span class='ocrx_word' id='word_1_71' title='bbox 1116 754 1381 793; x_wconf 79' lang='lat' dir='ltr'>confirmetur.</span> <span class='ocrx_word' id='word_1_72' title='bbox 1417 757 1493 797; x_wconf 81' lang='grc' dir='ltr'>τοῦ</span> <span class='ocrx_word' id='word_1_73' title='bbox 1513 767 1652 808; x_wconf 77' lang='grc' dir='ltr'><strong><em>σοφω-</em></strong></span> 
     </span>
    </p>

    <p class='ocr_par' dir='ltr' id='par_1_8' title="bbox 184 809 1651 940">
     <span class='ocr_line' id='line_1_9' title="bbox 186 809 1651 876; baseline 0.006 -20"><span class='ocrx_word' id='word_1_74' title='bbox 186 809 308 857; x_wconf 78' lang='grc' dir='ltr'><strong><em>τοῖτου</em></strong></span> <span class='ocrx_word' id='word_1_75' title='bbox 339 820 379 857; x_wconf 91' lang='grc' dir='ltr'><em>Γ</em></span> <span class='ocrx_word' id='word_1_76' title='bbox 372 819 539 871; x_wconf 80' lang='grc' dir='ltr'><strong><em>εωργίου</em></strong></span> <span class='ocrx_word' id='word_1_77' title='bbox 565 821 640 859; x_wconf 80' lang='grc' dir='ltr'>τοῦ</span> <span class='ocrx_word' id='word_1_78' title='bbox 665 819 840 859; x_wconf 83' lang='grc' dir='ltr'><strong><em>Πισίδου</em></strong></span> <span class='ocrx_word' id='word_1_79' title='bbox 868 819 926 867; x_wconf 83' lang='grc' dir='ltr'>εἰς</span> <span class='ocrx_word' id='word_1_80' title='bbox 954 816 1028 860; x_wconf 66' lang='lat' dir='ltr'>cdv</span> <span class='ocrx_word' id='word_1_81' title='bbox 1059 815 1328 874; x_wconf 64' lang='grc' dir='ltr'><strong><em>ἀνθρώπινον</em></strong></span> <span class='ocrx_word' id='word_1_82' title='bbox 1349 823 1441 876; x_wconf 83' lang='grc' dir='ltr'><strong><em>βίον</em></strong></span> <span class='ocrx_word' id='word_1_83' title='bbox 1460 822 1530 863; x_wconf 75' lang='grc' dir='ltr'>καὶ</span> <span class='ocrx_word' id='word_1_84' title='bbox 1549 821 1651 865; x_wconf 72' lang='grc' dir='ltr'>κατὰ</span> 
     </span>
     <span class='ocr_line' id='line_1_10' title="bbox 184 880 858 940; baseline 0.004 -17"><span class='ocrx_word' id='word_1_85' title='bbox 184 880 464 938; x_wconf 66' lang='grc' dir='ltr'><strong><em>ὑπερηφάνων</em></strong></span> <span class='ocrx_word' id='word_1_86' title='bbox 482 884 654 940; x_wconf 77' lang='grc' dir='ltr'><strong><em>ἔμμετρα</em></strong></span> <span class='ocrx_word' id='word_1_87' title='bbox 676 882 858 939; x_wconf 78' lang='grc' dir='ltr'><strong><em>ιάμβικᾶ.</em></strong></span> 
     </span>
    </p>

    <p class='ocr_par' dir='ltr' id='par_1_9' title="bbox 178 947 1665 2156">
     <span class='ocr_line' id='line_1_11' title="bbox 303 947 1653 1012; baseline 0.005 -20"><span class='ocrx_word' id='word_1_88' title='bbox 303 950 356 993; x_wconf 76' lang='grc' dir='ltr'>Τὸ</span> <span class='ocrx_word' id='word_1_89' title='bbox 387 947 623 1007; x_wconf 78' lang='grc' dir='ltr'><strong><em>πρόγραμμα</em></strong></span> <span class='ocrx_word' id='word_1_90' title='bbox 643 951 746 1007; x_wconf 74' lang='grc' dir='ltr'>πρδς</span> <span class='ocrx_word' id='word_1_91' title='bbox 766 949 957 1007; x_wconf 73' lang='grc' dir='ltr'>Χριστόν.</span> <span class='ocrx_word' id='word_1_92' title='bbox 1015 952 1180 1005; x_wconf 71' lang='grc' dir='ltr'><strong><em>ἄνοιξον</em></strong></span> <span class='ocrx_word' id='word_1_93' title='bbox 1208 954 1327 1008; x_wconf 71' lang='grc' dir='ltr'>ἡμῶν</span> <span class='ocrx_word' id='word_1_94' title='bbox 1355 959 1431 997; x_wconf 80' lang='grc' dir='ltr'>τοῦ</span> <span class='ocrx_word' id='word_1_95' title='bbox 1458 959 1653 1012; x_wconf 73' lang='grc' dir='ltr'>λογισμοῦ</span> 
     </span>
     <span class='ocr_line' id='line_1_12' title="bbox 185 1013 1651 1079; baseline 0.006 -20"><span class='ocrx_word' id='word_1_96' title='bbox 185 1013 258 1065; x_wconf 66' lang='grc' dir='ltr'>τοὶς</span> <span class='ocrx_word' id='word_1_97' title='bbox 273 1015 446 1071; x_wconf 72' lang='grc' dir='ltr'>πτύχας,</span> <span class='ocrx_word' id='word_1_98' title='bbox 476 1018 501 1062; x_wconf 81' lang='grc' dir='ltr'><em>ὅ</em></span> <span class='ocrx_word' id='word_1_99' title='bbox 517 1023 592 1061; x_wconf 80' lang='grc' dir='ltr'>τοῦ</span> <span class='ocrx_word' id='word_1_100' title='bbox 611 1019 706 1062; x_wconf 80' lang='grc' dir='ltr'><strong><em>’ὄνου</em></strong></span> <span class='ocrx_word' id='word_1_101' title='bbox 724 1020 823 1075; x_wconf 82' lang='grc' dir='ltr'><strong><em>πρὶν</em></strong></span> <span class='ocrx_word' id='word_1_102' title='bbox 842 1021 1045 1072; x_wconf 71' lang='grc' dir='ltr'><strong><em>ἐξανοίξας</em></strong></span> <span class='ocrx_word' id='word_1_103' title='bbox 1063 1020 1107 1064; x_wconf 81' lang='grc' dir='ltr'>τὸ</span> <span class='ocrx_word' id='word_1_104' title='bbox 1126 1019 1266 1076; x_wconf 79' lang='grc' dir='ltr'><strong><em>στόμα.</em></strong></span> <span class='ocrx_word' id='word_1_105' title='bbox 1323 1023 1362 1064; x_wconf 75' lang='grc' dir='ltr'>εἰ</span> <span class='ocrx_word' id='word_1_106' title='bbox 1377 1023 1446 1065; x_wconf 80' lang='grc' dir='ltr'>καὶ</span> <span class='ocrx_word' id='word_1_107' title='bbox 1465 1025 1651 1079; x_wconf 74' lang='grc' dir='ltr'>λελέχθαι</span> 
     </span>
     <span class='ocr_line' id='line_1_13' title="bbox 183 1082 1646 1147; baseline 0.006 -22"><span class='ocrx_word' id='word_1_108' title='bbox 183 1088 270 1134; x_wconf 76' lang='grc' dir='ltr'><strong><em>τοῖς</em></strong></span> <span class='ocrx_word' id='word_1_109' title='bbox 303 1082 500 1138; x_wconf 74' lang='grc' dir='ltr'><strong><em>θεόπταις</em></strong></span> <span class='ocrx_word' id='word_1_110' title='bbox 536 1086 710 1130; x_wconf 65' lang='lat' dir='ltr'>nanda:</span> <span class='ocrx_word' id='word_1_111' title='bbox 745 1091 798 1145; x_wconf 80' lang='grc' dir='ltr'>τῇ</span> <span class='ocrx_word' id='word_1_112' title='bbox 828 1091 903 1130; x_wconf 84' lang='grc' dir='ltr'>τοῦ</span> <span class='ocrx_word' id='word_1_113' title='bbox 930 1085 1034 1130; x_wconf 78' lang='grc' dir='ltr'><strong><em>καθ’</em></strong></span> <span class='ocrx_word' id='word_1_114' title='bbox 1065 1088 1186 1143; x_wconf 68' lang='grc' dir='ltr'>ἡμῶν</span> <span class='ocrx_word' id='word_1_115' title='bbox 1218 1085 1512 1146; x_wconf 72' lang='grc' dir='ltr'><strong><em>εὔδιαγνῶστου</em></strong></span> <span class='ocrx_word' id='word_1_116' title='bbox 1538 1095 1646 1147; x_wconf 80' lang='grc' dir='ltr'><strong><em>βίον.</em></strong></span> 
     </span>
     <span class='ocr_line' id='line_1_14' title="bbox 183 1148 1649 1215; baseline 0.006 -21"><span class='ocrx_word' id='word_1_117' title='bbox 183 1148 291 1206; x_wconf 61' lang='grc' dir='ltr'><strong><em>’ὅμως</em></strong></span> <span class='ocrx_word' id='word_1_118' title='bbox 309 1153 476 1205; x_wconf 76' lang='grc' dir='ltr'>ἐκείνοις</span> <span class='ocrx_word' id='word_1_119' title='bbox 495 1153 699 1209; x_wconf 75' lang='grc' dir='ltr'><strong><em>χρώμενος</em></strong></span> <span class='ocrx_word' id='word_1_120' title='bbox 720 1152 977 1205; x_wconf 75' lang='grc' dir='ltr'><strong><em>διδασκάλοις</em></strong></span> <span class='ocrx_word' id='word_1_121' title='bbox 997 1154 1191 1209; x_wconf 76' lang='grc' dir='ltr'>ἐμαυτόν,</span> <span class='ocrx_word' id='word_1_122' title='bbox 1233 1156 1288 1206; x_wconf 74' lang='grc' dir='ltr'>αἷς</span> <span class='ocrx_word' id='word_1_123' title='bbox 1319 1157 1491 1212; x_wconf 80' lang='grc' dir='ltr'>ἔνεστιν,</span> <span class='ocrx_word' id='word_1_124' title='bbox 1530 1160 1649 1215; x_wconf 76' lang='grc' dir='ltr'><em>ἐμμέ-</em></span> 
     </span>
     <span class='ocr_line' id='line_1_15' title="bbox 182 1219 1647 1281; baseline 0.005 -19"><span class='ocrx_word' id='word_1_125' title='bbox 182 1236 286 1276; x_wconf 82' lang='grc' dir='ltr'><strong><em>τρως</em></strong></span> <span class='ocrx_word' id='word_1_126' title='bbox 302 1220 472 1276; x_wconf 69' lang='grc' dir='ltr'><strong><em>γράφων</em></strong></span> <span class='ocrx_word' id='word_1_127' title='bbox 491 1222 551 1266; x_wconf 79' lang='grc' dir='ltr'>δι’</span> <span class='ocrx_word' id='word_1_128' title='bbox 568 1219 619 1278; x_wconf 80' lang='grc' dir='ltr'>ἧς</span> <span class='ocrx_word' id='word_1_129' title='bbox 636 1223 834 1278; x_wconf 78' lang='grc' dir='ltr'><strong><em>πέπομφα</em></strong></span> <span class='ocrx_word' id='word_1_130' title='bbox 849 1226 931 1265; x_wconf 72' lang='grc' dir='ltr'>τῶν</span> <span class='ocrx_word' id='word_1_131' title='bbox 949 1228 1101 1266; x_wconf 72' lang='grc' dir='ltr'><strong><em>παθῶν</em></strong></span> <span class='ocrx_word' id='word_1_132' title='bbox 1121 1221 1311 1279; x_wconf 73' lang='grc' dir='ltr'>ἆμετρίαν</span> <span class='ocrx_word' id='word_1_133' title='bbox 1327 1224 1505 1279; x_wconf 70' lang='grc' dir='ltr'>γραφειῗς</span> <span class='ocrx_word' id='word_1_134' title='bbox 1528 1227 1647 1281; x_wconf 77' lang='grc' dir='ltr'><strong>ἐμαυ-</strong></span> 
     </span>
     <span class='ocr_line' id='line_1_16' title="bbox 182 1289 1647 1348; baseline 0.006 -19"><span class='ocrx_word' id='word_1_135' title='bbox 182 1291 259 1330; x_wconf 80' lang='grc' dir='ltr'>τοῦ</span> <span class='ocrx_word' id='word_1_136' title='bbox 274 1289 343 1330; x_wconf 72' lang='grc' dir='ltr'>καὶ</span> <span class='ocrx_word' id='word_1_137' title='bbox 363 1290 712 1345; x_wconf 78' lang='grc' dir='ltr'><strong><em>κατηγορημένων.</em></strong></span> <span class='ocrx_word' id='word_1_138' title='bbox 768 1289 871 1345; x_wconf 68' lang='grc' dir='ltr'>ἀρχή</span> <span class='ocrx_word' id='word_1_139' title='bbox 886 1295 969 1332; x_wconf 72' lang='grc' dir='ltr'>τῶν</span> <span class='ocrx_word' id='word_1_140' title='bbox 986 1291 1200 1346; x_wconf 79' lang='grc' dir='ltr'><strong><em>ἐμμέτρων.</em></strong></span> <span class='ocrx_word' id='word_1_141' title='bbox 1228 1291 1304 1346; x_wconf 76' lang='grc' dir='ltr'>τήν</span> <span class='ocrx_word' id='word_1_142' title='bbox 1319 1297 1393 1334; x_wconf 87' lang='grc' dir='ltr'>τοῦ</span> <span class='ocrx_word' id='word_1_143' title='bbox 1412 1295 1508 1347; x_wconf 77' lang='grc' dir='ltr'><strong><em>βίον</em></strong></span> <span class='ocrx_word' id='word_1_144' title='bbox 1527 1295 1647 1348; x_wconf 73' lang='grc' dir='ltr'><strong><em>ῥέον-</em></strong></span> 
     </span>
     <span class='ocr_line' id='line_1_17' title="bbox 185 1353 1648 1416; baseline 0.006 -19"><span class='ocrx_word' id='word_1_145' title='bbox 185 1368 260 1398; x_wconf 83' lang='grc' dir='ltr'>σαν</span> <span class='ocrx_word' id='word_1_146' title='bbox 278 1353 415 1400; x_wconf 80' lang='grc' dir='ltr'><strong><em>εἰκόνα</em></strong></span> <span class='ocrx_word' id='word_1_147' title='bbox 437 1355 617 1412; x_wconf 78' lang='grc' dir='ltr'><strong><em>γράφων.</em></strong></span> <span class='ocrx_word' id='word_1_148' title='bbox 661 1359 784 1407; x_wconf 78' lang='grc' dir='ltr'><strong><em>τέλος.</em></strong></span> <span class='ocrx_word' id='word_1_149' title='bbox 841 1357 968 1412; x_wconf 74' lang='grc' dir='ltr'><strong>ὄχημα</strong></span> <span class='ocrx_word' id='word_1_150' title='bbox 987 1357 1173 1415; x_wconf 74' lang='grc' dir='ltr'>λαμπρὸν</span> <span class='ocrx_word' id='word_1_151' title='bbox 1192 1360 1236 1403; x_wconf 80' lang='grc' dir='ltr'>ἐκ</span> <span class='ocrx_word' id='word_1_152' title='bbox 1253 1363 1361 1402; x_wconf 77' lang='grc' dir='ltr'><strong><em>θεοῦ</em></strong></span> <span class='ocrx_word' id='word_1_153' title='bbox 1378 1362 1648 1416; x_wconf 79' lang='grc' dir='ltr'><strong><em>πεπηγμένον,</em></strong></span> 
     </span>
     <span class='ocr_line' id='line_1_18' title="bbox 184 1420 1647 1480; baseline 0.004 -16"><span class='ocrx_word' id='word_1_154' title='bbox 184 1420 337 1477; x_wconf 79' lang='grc' dir='ltr'>δρόμον</span> <span class='ocrx_word' id='word_1_155' title='bbox 364 1423 551 1480; x_wconf 78' lang='grc' dir='ltr'>χρονικὸν</span> <span class='ocrx_word' id='word_1_156' title='bbox 581 1426 622 1476; x_wconf 79' lang='grc' dir='ltr'>ἐξ</span> <span class='ocrx_word' id='word_1_157' title='bbox 647 1422 781 1480; x_wconf 80' lang='grc' dir='ltr'><strong><em>Ἀδοὶμ.</em></strong></span> <span class='ocrx_word' id='word_1_158' title='bbox 809 1423 1105 1480; x_wconf 75' lang='grc' dir='ltr'>συλλαμβάνον.</span> <span class='ocrx_word' id='word_1_159' title='bbox 1175 1435 1215 1466; x_wconf 83' lang='lat' dir='ltr'>at</span> <span class='ocrx_word' id='word_1_160' title='bbox 1247 1429 1291 1466; x_wconf 85' lang='lat' dir='ltr'>in</span> <span class='ocrx_word' id='word_1_161' title='bbox 1329 1427 1473 1467; x_wconf 89' lang='lat' dir='ltr'>eodem</span> <span class='ocrx_word' id='word_1_162' title='bbox 1512 1430 1647 1470; x_wconf 86' lang='lat' dir='ltr'>codice</span> 
     </span>
     <span class='ocr_line' id='line_1_19' title="bbox 187 1493 1650 1538; baseline 0.003 -6"><span class='ocrx_word' id='word_1_163' title='bbox 187 1494 294 1534; x_wconf 82' lang='lat'>1630</span> <span class='ocrx_word' id='word_1_164' title='bbox 321 1493 396 1531; x_wconf 82' lang='lat' dir='ltr'>sub</span> <span class='ocrx_word' id='word_1_165' title='bbox 421 1495 584 1532; x_wconf 87' lang='lat' dir='ltr'>nomine</span> <span class='ocrx_word' id='word_1_166' title='bbox 602 1493 762 1532; x_wconf 87' lang='lat' dir='ltr'>Pisidae</span> <span class='ocrx_word' id='word_1_167' title='bbox 781 1496 949 1533; x_wconf 76' lang='lat' dir='ltr'>veniunt</span> <span class='ocrx_word' id='word_1_168' title='bbox 966 1509 1008 1532; x_wconf 87' lang='lat' dir='ltr'>n.</span> <span class='ocrx_word' id='word_1_169' title='bbox 1032 1496 1088 1535; x_wconf 88' lang='lat'>77</span> <span class='ocrx_word' id='word_1_170' title='bbox 1115 1508 1252 1532; x_wconf 65' lang='lat' dir='ltr'>versus</span> <span class='ocrx_word' id='word_1_171' title='bbox 1278 1494 1427 1534; x_wconf 81' lang='lat' dir='ltr'>heroici</span> <span class='ocrx_word' id='word_1_172' title='bbox 1445 1497 1495 1535; x_wconf 84' lang='lat' dir='ltr'>de</span> <span class='ocrx_word' id='word_1_173' title='bbox 1516 1498 1650 1538; x_wconf 79' lang='lat' dir='ltr'>eodem</span> 
     </span>
     <span class='ocr_line' id='line_1_20' title="bbox 180 1561 1650 1617; baseline 0.002 -18"><span class='ocrx_word' id='word_1_174' title='bbox 180 1568 434 1612; x_wconf 68' lang='lat' dir='ltr'>argumento,</span> <span class='ocrx_word' id='word_1_175' title='bbox 462 1561 662 1611; x_wconf 79' lang='lat' dir='ltr'>videlicet,</span> <span class='ocrx_word' id='word_1_176' title='bbox 691 1562 741 1600; x_wconf 86' lang='lat' dir='ltr'>de</span> <span class='ocrx_word' id='word_1_177' title='bbox 759 1564 936 1600; x_wconf 76' lang='lat' dir='ltr'>vanitate</span> <span class='ocrx_word' id='word_1_178' title='bbox 954 1565 1078 1600; x_wconf 73' lang='lat' dir='ltr'>vitae:</span> <span class='ocrx_word' id='word_1_179' title='bbox 1108 1576 1150 1600; x_wconf 85' lang='lat' dir='ltr'>n.</span> <span class='ocrx_word' id='word_1_180' title='bbox 1174 1565 1229 1605; x_wconf 88' lang='lat'>78</span> <span class='ocrx_word' id='word_1_181' title='bbox 1250 1562 1378 1600; x_wconf 82' lang='lat' dir='ltr'>iambi</span> <span class='ocrx_word' id='word_1_182' title='bbox 1391 1565 1436 1601; x_wconf 80' lang='lat' dir='ltr'>in</span> <span class='ocrx_word' id='word_1_183' title='bbox 1455 1566 1650 1617; x_wconf 80' lang='lat' dir='ltr'>templum</span> 
     </span>
     <span class='ocr_line' id='line_1_21' title="bbox 182 1629 1648 1682; baseline 0.003 -17"><span class='ocrx_word' id='word_1_184' title='bbox 182 1629 293 1680; x_wconf 82' lang='lat' dir='ltr'>quod</span> <span class='ocrx_word' id='word_1_185' title='bbox 313 1637 373 1667; x_wconf 72' lang='lat' dir='ltr'>est</span> <span class='ocrx_word' id='word_1_186' title='bbox 397 1631 441 1667; x_wconf 84' lang='lat' dir='ltr'>in</span> <span class='ocrx_word' id='word_1_187' title='bbox 457 1630 717 1676; x_wconf 67' lang='lat' dir='ltr'>Blachernis,</span> <span class='ocrx_word' id='word_1_188' title='bbox 756 1637 793 1667; x_wconf 83' lang='lat' dir='ltr'>et</span> <span class='ocrx_word' id='word_1_189' title='bbox 810 1645 852 1668; x_wconf 88' lang='lat' dir='ltr'>n.</span> <span class='ocrx_word' id='word_1_190' title='bbox 878 1633 933 1672; x_wconf 85' lang='lat'>79</span> <span class='ocrx_word' id='word_1_191' title='bbox 962 1631 1256 1682; x_wconf 80' lang='lat' dir='ltr'>epigrammata</span> <span class='ocrx_word' id='word_1_192' title='bbox 1282 1631 1326 1668; x_wconf 90' lang='lat' dir='ltr'>in</span> <span class='ocrx_word' id='word_1_193' title='bbox 1343 1631 1566 1679; x_wconf 74' lang='lat' dir='ltr'>Davidem,</span> <span class='ocrx_word' id='word_1_194' title='bbox 1603 1636 1648 1672; x_wconf 78' lang='lat' dir='ltr'>in</span> 
     </span>
     <span class='ocr_line' id='line_1_22' title="bbox 181 1695 1649 1752; baseline 0.005 -19"><span class='ocrx_word' id='word_1_195' title='bbox 181 1695 424 1748; x_wconf 78' lang='lat' dir='ltr'>theologum,</span> <span class='ocrx_word' id='word_1_196' title='bbox 454 1699 499 1735; x_wconf 86' lang='lat' dir='ltr'>in</span> <span class='ocrx_word' id='word_1_197' title='bbox 516 1698 787 1750; x_wconf 77' lang='lat' dir='ltr'><em>Horologium</em></span> <span class='ocrx_word' id='word_1_198' title='bbox 813 1705 851 1735; x_wconf 86' lang='lat' dir='ltr'>et</span> <span class='ocrx_word' id='word_1_199' title='bbox 880 1698 924 1735; x_wconf 85' lang='lat' dir='ltr'>in</span> <span class='ocrx_word' id='word_1_200' title='bbox 952 1698 1088 1750; x_wconf 78' lang='lat' dir='ltr'>legum</span> <span class='ocrx_word' id='word_1_201' title='bbox 1120 1699 1338 1750; x_wconf 73' lang='lat' dir='ltr'>Synopsc&#39;n5</span> <span class='ocrx_word' id='word_1_202' title='bbox 1377 1712 1481 1752; x_wconf 87' lang='lat' dir='ltr'>quae</span> <span class='ocrx_word' id='word_1_203' title='bbox 1514 1702 1649 1740; x_wconf 82' lang='lat' dir='ltr'>omnia</span> 
     </span>
     <span class='ocr_line' id='line_1_23' title="bbox 179 1764 1646 1818; baseline 0.003 -16"><span class='ocrx_word' id='word_1_204' title='bbox 179 1765 283 1803; x_wconf 80' lang='lat' dir='ltr'>falso</span> <span class='ocrx_word' id='word_1_205' title='bbox 313 1778 400 1804; x_wconf 84' lang='lat' dir='ltr'>esse</span> <span class='ocrx_word' id='word_1_206' title='bbox 426 1764 623 1817; x_wconf 82' lang='lat' dir='ltr'>adscripta</span> <span class='ocrx_word' id='word_1_207' title='bbox 643 1764 804 1803; x_wconf 84' lang='lat' dir='ltr'>Pisidae</span> <span class='ocrx_word' id='word_1_208' title='bbox 826 1779 894 1803; x_wconf 92' lang='lat' dir='ltr'>me</span> <span class='ocrx_word' id='word_1_209' title='bbox 911 1767 1067 1803; x_wconf 88' lang='lat' dir='ltr'>monuit</span> <span class='ocrx_word' id='word_1_210' title='bbox 1083 1764 1271 1803; x_wconf 82' lang='lat' dir='ltr'>laudatus</span> <span class='ocrx_word' id='word_1_211' title='bbox 1289 1766 1646 1818; x_wconf 82' lang='lat' dir='ltr'>capperonnerius‚</span> 
     </span>
     <span class='ocr_line' id='line_1_24' title="bbox 182 1829 1648 1885; baseline 0.003 -16"><span class='ocrx_word' id='word_1_212' title='bbox 182 1833 295 1870; x_wconf 80' lang='lat' dir='ltr'>cuius</span> <span class='ocrx_word' id='word_1_213' title='bbox 311 1829 588 1870; x_wconf 67' lang='lat' dir='ltr'>&#39;auctoritatem</span> <span class='ocrx_word' id='word_1_214' title='bbox 605 1845 751 1885; x_wconf 90' lang='lat' dir='ltr'>sequor</span> <span class='ocrx_word' id='word_1_215' title='bbox 763 1844 846 1869; x_wconf 88' lang='lat' dir='ltr'>non</span> <span class='ocrx_word' id='word_1_216' title='bbox 862 1833 1034 1869; x_wconf 78' lang='lat' dir='ltr'>invitus:</span> <span class='ocrx_word' id='word_1_217' title='bbox 1064 1831 1138 1870; x_wconf 81' lang='lat' dir='ltr'>sed</span> <span class='ocrx_word' id='word_1_218' title='bbox 1156 1845 1248 1869; x_wconf 85' lang='lat' dir='ltr'>cum</span> <span class='ocrx_word' id='word_1_219' title='bbox 1268 1833 1424 1871; x_wconf 83' lang='lat' dir='ltr'>iambos</span> <span class='ocrx_word' id='word_1_220' title='bbox 1447 1835 1491 1870; x_wconf 83' lang='lat' dir='ltr'>in</span> <span class='ocrx_word' id='word_1_221' title='bbox 1509 1836 1648 1874; x_wconf 79' lang='lat' dir='ltr'>aedem</span> 
     </span>
     <span class='ocr_line' id='line_1_25' title="bbox 180 1898 1646 1955; baseline 0.003 -18"><span class='ocrx_word' id='word_1_222' title='bbox 180 1899 527 1938; x_wconf 75' lang='lat' dir='ltr'>Blachemicmam</span> <span class='ocrx_word' id='word_1_223' title='bbox 549 1901 711 1951; x_wconf 82' lang='lat' dir='ltr'>Georgii</span> <span class='ocrx_word' id='word_1_224' title='bbox 729 1913 816 1938; x_wconf 86' lang='lat' dir='ltr'>esse</span> <span class='ocrx_word' id='word_1_225' title='bbox 834 1898 1098 1937; x_wconf 80' lang='lat' dir='ltr'>iudicaverint</span> <span class='ocrx_word' id='word_1_226' title='bbox 1118 1900 1188 1937; x_wconf 91' lang='lat' dir='ltr'>alii</span> <span class='ocrx_word' id='word_1_227' title='bbox 1207 1898 1427 1938; x_wconf 81' lang='lat' dir='ltr'>doctissimi</span> <span class='ocrx_word' id='word_1_228' title='bbox 1443 1902 1540 1951; x_wconf 75' lang='lat' dir='ltr'>viri,</span> <span class='ocrx_word' id='word_1_229' title='bbox 1570 1916 1646 1955; x_wconf 87' lang='lat' dir='ltr'>ego</span> 
     </span>
     <span class='ocr_line' id='line_1_26' title="bbox 181 1966 1646 2020; baseline 0.001 -14"><span class='ocrx_word' id='word_1_230' title='bbox 181 1982 250 2007; x_wconf 86' lang='lat' dir='ltr'>eos</span> <span class='ocrx_word' id='word_1_231' title='bbox 267 1969 373 2006; x_wconf 88' lang='lat' dir='ltr'>inter</span> <span class='ocrx_word' id='word_1_232' title='bbox 394 1968 640 2020; x_wconf 55' lang='lat' dir='ltr'>bag-menta</span> <span class='ocrx_word' id='word_1_233' title='bbox 656 1981 862 2006; x_wconf 84' lang='lat' dir='ltr'>recensere</span> <span class='ocrx_word' id='word_1_234' title='bbox 882 1980 965 2006; x_wconf 91' lang='lat' dir='ltr'>non</span> <span class='ocrx_word' id='word_1_235' title='bbox 981 1966 1160 2006; x_wconf 82' lang='lat' dir='ltr'>dubitavi</span> <span class='ocrx_word' id='word_1_236' title='bbox 1175 1980 1256 2005; x_wconf 89' lang='lat' dir='ltr'>uua</span> <span class='ocrx_word' id='word_1_237' title='bbox 1279 1980 1372 2006; x_wconf 87' lang='lat' dir='ltr'>cum</span> <span class='ocrx_word' id='word_1_238' title='bbox 1390 1969 1479 2007; x_wconf 77' lang='lat' dir='ltr'>aliis</span> <span class='ocrx_word' id='word_1_239' title='bbox 1500 1971 1646 2008; x_wconf 85' lang='lat' dir='ltr'>carmi-</span> 
     </span>
     <span class='ocr_line' id='line_1_27' title="bbox 178 2035 1647 2088; baseline 0.001 -13"><span class='ocrx_word' id='word_1_240' title='bbox 178 2038 297 2075; x_wconf 81' lang='lat' dir='ltr'>nibus</span> <span class='ocrx_word' id='word_1_241' title='bbox 315 2038 360 2074; x_wconf 84' lang='lat' dir='ltr'>in</span> <span class='ocrx_word' id='word_1_242' title='bbox 373 2037 600 2087; x_wconf 66' lang='lat' dir='ltr'>Deeparam</span> <span class='ocrx_word' id='word_1_243' title='bbox 618 2043 655 2073; x_wconf 84' lang='lat' dir='ltr'>et</span> <span class='ocrx_word' id='word_1_244' title='bbox 668 2035 865 2073; x_wconf 85' lang='lat' dir='ltr'>Sanctum</span> <span class='ocrx_word' id='word_1_245' title='bbox 890 2035 1084 2074; x_wconf 79' lang='lat' dir='ltr'>Thomam</span> <span class='ocrx_word' id='word_1_246' title='bbox 1099 2035 1297 2086; x_wconf 75' lang='lat' dir='ltr'>aliosque,</span> <span class='ocrx_word' id='word_1_247' title='bbox 1316 2048 1418 2088; x_wconf 87' lang='lat' dir='ltr'>quae</span> <span class='ocrx_word' id='word_1_248' title='bbox 1438 2049 1492 2074; x_wconf 85' lang='lat' dir='ltr'>ex</span> <span class='ocrx_word' id='word_1_249' title='bbox 1509 2036 1647 2076; x_wconf 80' lang='lat' dir='ltr'>codice</span> 
     </span>
     <span class='ocr_line' id='line_1_28' title="bbox 178 2102 1665 2156; baseline -0.003 -9"><span class='ocrx_word' id='word_1_250' title='bbox 178 2107 288 2148; x_wconf 84' lang='lat'><strong>2831</strong></span> <span class='ocrx_word' id='word_1_251' title='bbox 322 2105 520 2156; x_wconf 83' lang='lat' dir='ltr'>exscripta</span> <span class='ocrx_word' id='word_1_252' title='bbox 543 2110 736 2156; x_wconf 86' lang='lat' dir='ltr'>tanquam</span> <span class='ocrx_word' id='word_1_253' title='bbox 766 2106 942 2156; x_wconf 87' lang='lat' dir='ltr'>genuina</span> <span class='ocrx_word' id='word_1_254' title='bbox 959 2102 1120 2142; x_wconf 86' lang='lat' dir='ltr'>Pisidae</span> <span class='ocrx_word' id='word_1_255' title='bbox 1144 2103 1357 2154; x_wconf 87' lang='lat' dir='ltr'>opuscula,</span> <span class='ocrx_word' id='word_1_256' title='bbox 1396 2103 1511 2142; x_wconf 88' lang='lat' dir='ltr'>nobis</span> <span class='ocrx_word' id='word_1_257' title='bbox 1533 2118 1665 2143; x_wconf 13' lang='lat' dir='ltr'>com-s</span> 
     </span>
    </p>
   </div>
   <div class='ocr_carea' id='block_1_3' title="bbox 93 2170 1647 2224">
    <p class='ocr_par' dir='ltr' id='par_1_10' title="bbox 93 2170 1647 2224">
     <span class='ocr_line' id='line_1_29' title="bbox 93 2170 1647 2224; baseline 0.001 -14"><span class='ocrx_word' id='word_1_258' title='bbox 93 2194 96 2197; x_wconf 78' lang='lat'><strong>,</strong></span> <span class='ocrx_word' id='word_1_259' title='bbox 178 2174 397 2211; x_wconf 80' lang='lat' dir='ltr'>municavit</span> <span class='ocrx_word' id='word_1_260' title='bbox 424 2171 535 2210; x_wconf 87' lang='lat' dir='ltr'>idem</span> <span class='ocrx_word' id='word_1_261' title='bbox 556 2173 914 2224; x_wconf 85' lang='lat' dir='ltr'>Capperonnerius.</span> <span class='ocrx_word' id='word_1_262' title='bbox 971 2172 1032 2210; x_wconf 81' lang='lat' dir='ltr'>nil</span> <span class='ocrx_word' id='word_1_263' title='bbox 1062 2178 1198 2209; x_wconf 89' lang='lat' dir='ltr'>autem</span> <span class='ocrx_word' id='word_1_264' title='bbox 1232 2171 1376 2224; x_wconf 88' lang='lat' dir='ltr'>loquar</span> <span class='ocrx_word' id='word_1_265' title='bbox 1404 2170 1454 2209; x_wconf 90' lang='lat' dir='ltr'>de</span> <span class='ocrx_word' id='word_1_266' title='bbox 1477 2170 1647 2211; x_wconf 86' lang='lat' dir='ltr'>homilia</span> 
     </span>
    </p>
   </div>
   <div class='ocr_carea' id='block_1_4' title="bbox 177 2239 1646 2967">
    <p class='ocr_par' dir='ltr' id='par_1_11' title="bbox 177 2239 1646 2967">
     <span class='ocr_line' id='line_1_30' title="bbox 179 2239 1646 2292; baseline 0 -14"><span class='ocrx_word' id='word_1_267' title='bbox 179 2242 224 2278; x_wconf 85' lang='lat' dir='ltr'>in</span> <span class='ocrx_word' id='word_1_268' title='bbox 246 2240 404 2278; x_wconf 82' lang='lat' dir='ltr'>beatam</span> <span class='ocrx_word' id='word_1_269' title='bbox 428 2240 653 2291; x_wconf 67' lang='lat' dir='ltr'>Virginem«,</span> <span class='ocrx_word' id='word_1_270' title='bbox 681 2255 733 2278; x_wconf 85' lang='lat' dir='ltr'>ac</span> <span class='ocrx_word' id='word_1_271' title='bbox 760 2241 810 2278; x_wconf 82' lang='lat' dir='ltr'>de</span> <span class='ocrx_word' id='word_1_272' title='bbox 834 2240 996 2289; x_wconf 53' lang='lat' dir='ltr'>vivifica</span> <span class='ocrx_word' id='word_1_273' title='bbox 1025 2253 1077 2277; x_wconf 85' lang='lat' dir='ltr'>ac</span> <span class='ocrx_word' id='word_1_274' title='bbox 1104 2239 1279 2277; x_wconf 73' lang='lat' dir='ltr'>salutari</span> <span class='ocrx_word' id='word_1_275' title='bbox 1294 2240 1503 2290; x_wconf 73' lang='lat' dir='ltr'>passione,</span> <span class='ocrx_word' id='word_1_276' title='bbox 1542 2253 1646 2292; x_wconf 88' lang='lat' dir='ltr'>quae</span> 
     </span>
     <span class='ocr_line' id='line_1_31' title="bbox 178 2305 1645 2359; baseline -0.001 -12"><span class='ocrx_word' id='word_1_277' title='bbox 178 2310 224 2347; x_wconf 85' lang='lat' dir='ltr'>in</span> <span class='ocrx_word' id='word_1_278' title='bbox 248 2308 338 2347; x_wconf 88' lang='lat' dir='ltr'>cod.</span> <span class='ocrx_word' id='word_1_279' title='bbox 372 2311 478 2350; x_wconf 82' lang='lat'>1207</span> <span class='ocrx_word' id='word_1_280' title='bbox 505 2307 676 2359; x_wconf 85' lang='lat' dir='ltr'>Georgio</span> <span class='ocrx_word' id='word_1_281' title='bbox 707 2307 866 2346; x_wconf 85' lang='lat' dir='ltr'>Pisidae</span> <span class='ocrx_word' id='word_1_282' title='bbox 895 2308 1080 2359; x_wconf 86' lang='lat' dir='ltr'>episcopo</span> <span class='ocrx_word' id='word_1_283' title='bbox 1112 2305 1408 2345; x_wconf 86' lang='lat' dir='ltr'>Nicomediensi</span> <span class='ocrx_word' id='word_1_284' title='bbox 1435 2307 1645 2345; x_wconf 81' lang='lat' dir='ltr'>tribuitur:</span> 
     </span>
     <span class='ocr_line' id='line_1_32' title="bbox 180 2373 1646 2427; baseline -0.001 -13"><span class='ocrx_word' id='word_1_285' title='bbox 180 2378 276 2415; x_wconf 81' lang='lat' dir='ltr'>satis</span> <span class='ocrx_word' id='word_1_286' title='bbox 306 2376 414 2414; x_wconf 86' lang='lat' dir='ltr'>enim</span> <span class='ocrx_word' id='word_1_287' title='bbox 445 2373 495 2412; x_wconf 90' lang='lat' dir='ltr'>de</span> <span class='ocrx_word' id='word_1_288' title='bbox 520 2373 597 2412; x_wconf 86' lang='lat' dir='ltr'>hac</span> <span class='ocrx_word' id='word_1_289' title='bbox 621 2377 833 2413; x_wconf 85' lang='lat' dir='ltr'>nominum</span> <span class='ocrx_word' id='word_1_290' title='bbox 849 2377 1011 2427; x_wconf 86' lang='lat' dir='ltr'>Georgii</span> <span class='ocrx_word' id='word_1_291' title='bbox 1027 2373 1188 2414; x_wconf 80' lang='lat' dir='ltr'>Pisidae</span> <span class='ocrx_word' id='word_1_292' title='bbox 1215 2381 1254 2412; x_wconf 90' lang='lat' dir='ltr'>et</span> <span class='ocrx_word' id='word_1_293' title='bbox 1277 2375 1439 2426; x_wconf 85' lang='lat' dir='ltr'>Georgii</span> <span class='ocrx_word' id='word_1_294' title='bbox 1456 2377 1646 2413; x_wconf 82' lang='lat' dir='ltr'>Nicome-</span> 
     </span>
     <span class='ocr_line' id='line_1_33' title="bbox 179 2441 1644 2494; baseline -0.002 -12"><span class='ocrx_word' id='word_1_295' title='bbox 179 2443 330 2484; x_wconf 85' lang='lat' dir='ltr'>diensis</span> <span class='ocrx_word' id='word_1_296' title='bbox 355 2444 587 2482; x_wconf 82' lang='lat' dir='ltr'>confusione</span> <span class='ocrx_word' id='word_1_297' title='bbox 606 2442 759 2481; x_wconf 73' lang='lat' dir='ltr'>dictum</span> <span class='ocrx_word' id='word_1_298' title='bbox 777 2451 851 2482; x_wconf 87' lang='lat' dir='ltr'>est.</span> <span class='ocrx_word' id='word_1_299' title='bbox 907 2456 1017 2482; x_wconf 88' lang='lat' dir='ltr'>nunc</span> <span class='ocrx_word' id='word_1_300' title='bbox 1040 2450 1176 2481; x_wconf 87' lang='lat' dir='ltr'>autem</span> <span class='ocrx_word' id='word_1_301' title='bbox 1200 2456 1224 2480; x_wconf 85' lang='lat' dir='ltr'>a</span> <span class='ocrx_word' id='word_1_302' title='bbox 1251 2443 1379 2494; x_wconf 83' lang='lat' dir='ltr'>Regia</span> <span class='ocrx_word' id='word_1_303' title='bbox 1399 2441 1644 2480; x_wconf 84' lang='lat' dir='ltr'>bibliotheca</span> 
     </span>
     <span class='ocr_line' id='line_1_34' title="bbox 177 2508 1643 2562; baseline -0.001 -13"><span class='ocrx_word' id='word_1_304' title='bbox 177 2513 394 2551; x_wconf 81' lang='lat' dir='ltr'>Parisiensi</span> <span class='ocrx_word' id='word_1_305' title='bbox 422 2511 475 2550; x_wconf 84' lang='lat' dir='ltr'>ad</span> <span class='ocrx_word' id='word_1_306' title='bbox 503 2512 740 2550; x_wconf 82' lang='lat' dir='ltr'>Caesaream</span> <span class='ocrx_word' id='word_1_307' title='bbox 767 2510 1120 2550; x_wconf 87' lang='lat' dir='ltr'>Vindobonensem</span> <span class='ocrx_word' id='word_1_308' title='bbox 1151 2508 1323 2562; x_wconf 87' lang='lat' dir='ltr'>gradum</span> <span class='ocrx_word' id='word_1_309' title='bbox 1346 2509 1540 2548; x_wconf 81' lang='lat' dir='ltr'>facientes</span> <span class='ocrx_word' id='word_1_310' title='bbox 1562 2517 1643 2548; x_wconf 86' lang='lat' dir='ltr'>tres</span> 
     </span>
     <span class='ocr_line' id='line_1_35' title="bbox 178 2577 1642 2629; baseline -0.001 -14"><span class='ocrx_word' id='word_1_311' title='bbox 178 2578 236 2616; x_wconf 90' lang='lat' dir='ltr'>ibi</span> <span class='ocrx_word' id='word_1_312' title='bbox 254 2578 408 2618; x_wconf 85' lang='lat' dir='ltr'>codices</span> <span class='ocrx_word' id='word_1_313' title='bbox 440 2578 641 2618; x_wconf 81' lang='lat' dir='ltr'>adservari</span> <span class='ocrx_word' id='word_1_314' title='bbox 669 2580 944 2618; x_wconf 83' lang='lat' dir='ltr'>intelleximus</span> <span class='ocrx_word' id='word_1_315' title='bbox 968 2592 1022 2617; x_wconf 84' lang='lat' dir='ltr'>ex</span> <span class='ocrx_word' id='word_1_316' title='bbox 1043 2578 1234 2629; x_wconf 81' lang='lat' dir='ltr'>catalogis</span> <span class='ocrx_word' id='word_1_317' title='bbox 1251 2577 1457 2615; x_wconf 82' lang='lat' dir='ltr'>Lambecii</span> <span class='ocrx_word' id='word_1_318' title='bbox 1471 2578 1642 2616; x_wconf 86' lang='lat' dir='ltr'>Nesselii</span> 
     </span>
     <span class='ocr_line' id='line_1_36' title="bbox 180 2644 1641 2700; baseline -0.001 -17"><span class='ocrx_word' id='word_1_319' title='bbox 180 2652 221 2684; x_wconf 91' lang='lat' dir='ltr'>et</span> <span class='ocrx_word' id='word_1_320' title='bbox 236 2647 514 2697; x_wconf 85' lang='lat' dir='ltr'>Reimmanni,</span> <span class='ocrx_word' id='word_1_321' title='bbox 551 2645 712 2685; x_wconf 84' lang='lat' dir='ltr'>Pisidae</span> <span class='ocrx_word' id='word_1_322' title='bbox 734 2660 883 2685; x_wconf 90' lang='lat' dir='ltr'>nomen</span> <span class='ocrx_word' id='word_1_323' title='bbox 907 2647 1190 2700; x_wconf 85' lang='lat' dir='ltr'>praeferentes.</span> <span class='ocrx_word' id='word_1_324' title='bbox 1248 2644 1279 2680; x_wconf 88' lang='lat' dir='ltr'>ii</span> <span class='ocrx_word' id='word_1_325' title='bbox 1295 2650 1430 2682; x_wconf 81' lang='lat' dir='ltr'>autem</span> <span class='ocrx_word' id='word_1_326' title='bbox 1448 2652 1540 2683; x_wconf 86' lang='lat' dir='ltr'>sunt</span> <span class='ocrx_word' id='word_1_327' title='bbox 1555 2645 1641 2696; x_wconf 87' lang='lat' dir='ltr'>pri-</span> 
     </span>
     <span class='ocr_line' id='line_1_37' title="bbox 179 2710 1642 2768; baseline -0.002 -18"><span class='ocrx_word' id='word_1_328' title='bbox 179 2726 294 2751; x_wconf 88' lang='lat' dir='ltr'>mum</span> <span class='ocrx_word' id='word_1_329' title='bbox 321 2712 409 2752; x_wconf 76' lang='lat' dir='ltr'>cod.</span> <span class='ocrx_word' id='word_1_330' title='bbox 428 2718 509 2757; x_wconf 83' lang='grc'>209</span> <span class='ocrx_word' id='word_1_331' title='bbox 539 2715 800 2767; x_wconf 74' lang='lat' dir='ltr'>theologicus,</span> <span class='ocrx_word' id='word_1_332' title='bbox 841 2714 891 2753; x_wconf 89' lang='lat' dir='ltr'>de</span> <span class='ocrx_word' id='word_1_333' title='bbox 920 2728 998 2768; x_wconf 88' lang='lat' dir='ltr'>quo</span> <span class='ocrx_word' id='word_1_334' title='bbox 1016 2712 1254 2752; x_wconf 78' lang='lat' dir='ltr'>Lambecius</span> <span class='ocrx_word' id='word_1_335' title='bbox 1284 2710 1356 2749; x_wconf 79' lang='lat' dir='ltr'>lib.</span> <span class='ocrx_word' id='word_1_336' title='bbox 1378 2712 1405 2754; x_wconf 90' lang='lat'><strong><em>5</em></strong></span> <span class='ocrx_word' id='word_1_337' title='bbox 1423 2720 1472 2763; x_wconf 84' lang='lat' dir='ltr'>p:</span> <span class='ocrx_word' id='word_1_338' title='bbox 1498 2713 1570 2759; x_wconf 88' lang='lat'>18,</span> <span class='ocrx_word' id='word_1_339' title='bbox 1602 2716 1642 2747; x_wconf 89' lang='lat' dir='ltr'>et</span> 
     </span>
     <span class='ocr_line' id='line_1_38' title="bbox 179 2777 1641 2833; baseline -0.004 -13"><span class='ocrx_word' id='word_1_340' title='bbox 179 2782 467 2820; x_wconf 76' lang='lat' dir='ltr'>Reimmannus</span> <span class='ocrx_word' id='word_1_341' title='bbox 479 2796 528 2833; x_wconf 83' lang='lat' dir='ltr'>p.</span> <span class='ocrx_word' id='word_1_342' title='bbox 550 2784 645 2823; x_wconf 80' lang='grc'><strong>838.</strong></span> <span class='ocrx_word' id='word_1_343' title='bbox 702 2784 746 2820; x_wconf 88' lang='lat' dir='ltr'>in</span> <span class='ocrx_word' id='word_1_344' title='bbox 763 2796 810 2820; x_wconf 88' lang='lat' dir='ltr'>eo</span> <span class='ocrx_word' id='word_1_345' title='bbox 831 2796 874 2821; x_wconf 90' lang='lat'>11.</span> <span class='ocrx_word' id='word_1_346' title='bbox 890 2786 919 2826; x_wconf 89' lang='grc'><strong>7</strong></span> <span class='ocrx_word' id='word_1_347' title='bbox 934 2784 1045 2820; x_wconf 80' lang='lat' dir='ltr'>venit</span> <span class='ocrx_word' id='word_1_348' title='bbox 1063 2779 1340 2818; x_wconf 65' lang='lat' dir='ltr'>Hexae&#39;memn</span> <span class='ocrx_word' id='word_1_349' title='bbox 1356 2779 1431 2818; x_wconf 84' lang='lat' dir='ltr'>sub</span> <span class='ocrx_word' id='word_1_350' title='bbox 1451 2777 1528 2815; x_wconf 85' lang='lat' dir='ltr'>hoc</span> <span class='ocrx_word' id='word_1_351' title='bbox 1543 2778 1641 2815; x_wconf 83' lang='lat' dir='ltr'>titu-</span> 
     </span>
     <span class='ocr_line' id='line_1_39' title="bbox 179 2841 1643 2904; baseline -0.001 -18"><span class='ocrx_word' id='word_1_352' title='bbox 179 2849 242 2886; x_wconf 90' lang='lat' dir='ltr'>lo:</span> <span class='ocrx_word' id='word_1_353' title='bbox 299 2848 502 2902; x_wconf 77' lang='grc' dir='ltr'><strong><em>Γεωργίου</em></strong></span> <span class='ocrx_word' id='word_1_354' title='bbox 529 2845 719 2891; x_wconf 75' lang='grc' dir='ltr'>διακόνου</span> <span class='ocrx_word' id='word_1_355' title='bbox 748 2849 819 2891; x_wconf 75' lang='grc' dir='ltr'>καὶ</span> <span class='ocrx_word' id='word_1_356' title='bbox 846 2848 1159 2904; x_wconf 73' lang='grc' dir='ltr'><strong><em>ρεφερενδαρίου</em></strong></span> <span class='ocrx_word' id='word_1_357' title='bbox 1187 2850 1262 2889; x_wconf 81' lang='grc' dir='ltr'>τοῦ</span> <span class='ocrx_word' id='word_1_358' title='bbox 1293 2846 1443 2898; x_wconf 81' lang='grc' dir='ltr'><strong><em>Πισίδη</em></strong></span> <span class='ocrx_word' id='word_1_359' title='bbox 1479 2843 1537 2893; x_wconf 79' lang='grc' dir='ltr'>εἰς</span> <span class='ocrx_word' id='word_1_360' title='bbox 1566 2841 1643 2897; x_wconf 69' lang='grc' dir='ltr'>τήν</span> 
     </span>
     <span class='ocr_line' id='line_1_40' title="bbox 239 2916 1366 2967; baseline -0.001 -12"><span class='ocrx_word' id='word_1_361' title='bbox 239 2920 371 2967; x_wconf 76' lang='lat' dir='ltr'>Georg.</span> <span class='ocrx_word' id='word_1_362' title='bbox 403 2920 512 2956; x_wconf 59' lang='lat' dir='ltr'>Piaeia.</span> <span class='ocrx_word' id='word_1_363' title='bbox 1340 2916 1366 2954; x_wconf 82' lang='lat'>3</span> 
     </span>
    </p>
   </div>
  </div>
 </body>
</html>
