1890 3224
265 198 330 246 40
742 191 976 239 GEORGII
1003 190 1214 234 PISIDAE

481 307 605 358 οὕτως
627 306 678 350 τὰ
700 306 828 349 πολλὰ
855 305 920 346 καὶ
945 304 1035 354 ξένα
1056 302 1312 360 γνωρίσματα

480 375 694 433 πρὸς-τοὺς
714 371 955 431 φθάσαντας
980 368 1267 427 ἀντιμετρήσας
1288 366 1457 425 χρόνους

364 447 444 487 295
478 445 594 486 θειάν
616 443 867 499 ἇπηκρίβωσε
888 441 960 495 τὴν
983 439 1235 495 στρατηγίαν.

478 513 537 560 τίς
560 510 635 567 γὰρ
661 511 705 553 τὸ
726 512 897 566 Περσῶν
919 505 1234 561 δυσμαχώτατον
1254 503 1364 559 γένος

477 578 612 635 ἤλπιζε
636 580 774 620 δοῦναι
792 581 899 619 νῶτα
912 574 1119 628 Ῥωμαίων
1139 575 1267 630 gupa,-

477 648 536 696 τίς
556 646 597 687 ἓν
615 643 829 695 τοσαύταις
848 647 1069 700 συμφορῶν
1090 641 1314 698 τρικυμίαις

477 713 633 768 ἤλπιζεν
656 712 781 770 εὕρεῖν
799 714 865 755 καὶ,
887 708 1060 767 γαλήνην
1080 711 1120 751 ἓν
1139 710 1272 765 μέσως

363 784 446 824 300
479 784 538 831 τίς
557 782 598 823 ἐν
620 779 794 838 τοσαύτῃ
814 776 892 822 τῶν
912 779 1136 834 ἀναγκαίων
1159 774 1300 819 σπάνει

478 853 631 906 τροφῆς
650 855 860 903 μετασχεΐν
878 847 952 896 τὰς
972 846 1105 895 πόλεις
1123 845 1316 893 ἐπείθετο,

480 919 512 959 εἰ
530 916 587 971 μὴ
609 918 665 958 δι’
687 915 799 970 ὖμῶν
822 915 915 964 τοὺς
932 912 1159 969 ἀλάστορας
1181 909 1299 952 πάλιν

478 986 520 1026 ἐκ
541 988 612 1038 τῆς
635 984 735 1026 καθ’
758 983 865 1038 ῆμᾶς
887 984 1057 1039 γείτονος
1076 980 1285 1035 παροικίας

475 1052 635 1108 μακρὰν
655 1051 675 1094 ὃ
694 1050 852 1094 πάντων
872 1050 995 1105 ἤλασε
1019 1046 1284 1104 ζυγοστάτηςς

361 1121 442 1163 305
536 1119 649 1161 Ἀλλ’
674 1117 728 1168 ὡς
748 1116 924 1174 τοσαύτῃ
944 1115 1131 1171 συγχύσει
1156 1111 1388 1168 μεμιγμένοι

477 1187 641 1229 ἀπεῖπον
661 1186 737 1241 ἤδη
760 1186 831 1240 τὴν
851 1183 985 1239 μάχην
1007 1184 1044 1226 οἱ
1067 1181 1286 1238 βάρβαροι,

477 1255 526 1296 σύ
551 1254 645 1307 μέν,
683 1251 887 1310 κράτιστε,
922 1253 1017 1306 (καὶ
1041 1251 1117 1306 γὰρ
1141 1250 1283 1303 ἤθελες
1304 1246 1431 1300 μένειν

475 1325 554 1364 τῶν
574 1325 655 1363 σῶν
676 1325 875 1376 λογισμῶν
899 1319 998 1375 πρὸς
1016 1317 1161 1366 πόνους
1181 1309 1463 1373 πυρουμένων)

475 1389 627 1437 πολλὰς
653 1388 843 1445 ἀφορμὰς
866 1385 1051 1442 εὐλόγους
1073 1382 1296 1435 ἀνεπλάσω,

360 1458 443 1498 310
477 1457 608 1498 θέλων
629 1462 802 1498 συνεῖναι
824 1460 881 1512 τῷ
902 1458 1062 1511 στρατῷ
1083 1454 1149 1494 καὶ
1174 1451 1416 1507 συντρέχειν·

474 1525 555 1565 ἐπεὶ
579 1523 622 1564 δὲ
645 1524 771 1564 καῦτὰ
795 1523 845 1565 τὰ
867 1523 966 1578 πρὸς
987 1521 1158 1575 ἑσπέραν
1178 1520 1268 1574 γε’νη

476 1590 676 1632 ἄσπονδον
698 1589 795 1644 εἶχεν
819 1591 860 1639 ἐξ
882 1589 1004 1639 ἔθους
1021 1586 1216 1641 ὑποψίαν,

474 1653 598 1707 αὖθίς
615 1675 656 1700 τε
679 1662 826 1700 καινῶν
843 1658 1066 1713 φροντίδων
1088 1653 1326 1707 κινουμένων

473 1730 544 1779 τῆς
564 1730 636 1779 σῆς
655 1725 813 1781 ἔχρῃζεν
830 1723 855 1778 ἦ
879 1723 992 1774 πόλις
1009 1723 1246 1780 παρουσίας,

357 1792 439 1833 315
474 1791 495 1833 ὃ
520 1793 562 1833 δὲ
580 1792 750 1849 στρατός
766 1809 838 1835 σου
858 1796 976 1833 τοῦτο
994 1789 1179 1847 πράττειν
1199 1791 1254 1837 εἷς
1273 1785 1361 1828 δέον

474 1860 597 1901 taetro
622 1860 751 1901 πολλὰ
772 1861 838 1902 καὶ
862 1860 995 1902 θέλων
1020 1860 1087 1900 καὶ
1111 1855 1296 1914 δακρύων

476 1929 569 1981 (καὶ
593 1932 643 1984 τῇ
663 1926 772 1970 πόλει
794 1927 871 1985 γὰρ
893 1931 1123 1990 συμπαθεῖν
1147 1925 1340 1980 ἠπείγετο,

346 2054 413 2088 308
436 2051 670 2098 τυρουμένων
692 2054 734 2089 ed

254 2173 330 2215 esse
360 2164 474 2206 fugam
501 2164 613 2199 saluti.
668 2165 717 2199 sic
744 2165 863 2199 multas
891 2167 991 2209 atque
1014 2163 1210 2210 peregrinas
1237 2161 1446 2207 cognitiones
1461 2185 1471 2203 ,
1508 2168 1596 2203 quae
1622 2158 1703 2190 ante

253 2219 362 2260 ipsum
387 2208 619 2253 innotuerant,
661 2211 842 2244 remetiens
878 2211 977 2254 (295)
1011 2210 1156 2244 divinam
1180 2209 1238 2243 ille
1265 2206 1411 2254 perfecit
1445 2203 1700 2250 expeditionem.

254 2262 368 2296 ecquis
391 2253 476 2305 enim
503 2255 677 2288 Persarum
702 2255 905 2289 indomabile
925 2265 1031 2298 genus
1048 2259 1219 2300 sperasset
1235 2254 1401 2299 praebere
1418 2255 1517 2295 terga
1531 2250 1702 2283 Romano-

254 2307 329 2330 rum
353 2298 518 2332 ensibus?
557 2300 630 2343 quis
654 2300 688 2333 in
716 2301 820 2334 tantis
842 2300 1060 2334 calamitatum
1081 2300 1337 2345 tempestatibus
1357 2300 1529 2343 sperasset
1548 2293 1702 2328 invenire

253 2342 310 2375 vel
330 2343 547 2397 serenitatem
564 2344 598 2377 in
618 2345 755 2379 medio‘?
791 2346 892 2389 (300)
916 2345 991 2390 quis
1013 2345 1047 2378 in
1065 2350 1161 2379 tanta
1177 2345 1288 2379 victus
1309 2343 1450 2390 penuria
1473 2340 1515 2375 ad
1534 2349 1701 2374 commea-

252 2391 323 2420 tum
347 2390 594 2423 muustrandum
620 2391 721 2425 urbes
741 2390 920 2432 suasisset,
944 2390 1007 2424 nisi
1033 2402 1093 2434 per
1119 2396 1155 2425 te
1170 2390 1248 2424 illos
1266 2387 1521 2424 scelestissimos
1536 2386 1656 2419 iterum
1677 2394 1700 2417 a

250 2437 370 2467 nostra
386 2434 539 2488 proxima
555 2434 678 2469 vicinia
693 2436 810 2480 procul
827 2435 997 2479 abegisset
1011 2436 1067 2480 qui
1085 2436 1195 2470 omnia
1210 2436 1306 2470 lance
1321 2431 1512 2480 ponderat?
1535 2429 1699 2475 (305)·nt

251 2488 334 2511 vero
363 2489 435 2532 cum
466 2490 502 2514 m
531 2480 593 2514 tali
618 2491 728 2514 rerum
757 2481 953 2515 confusione
977 2481 1128 2525 impliciti
1153 2481 1277 2515 iamdiu
1307 2479 1510 2514 absisterent
1536 2487 1558 2510 a.
1584 2484 1704 2521 pugna-

249 2523 407 2566 barban,
438 2528 499 2566 tu,
529 2537 549 2559 ο
576 2525 772 2570 fortissime,
797 2526 958 2570 (volebas
987 2526 1074 2560 enim
1104 2527 1213 2561 adhuc
1239 2536 1393 2559 manere:
1417 2533 1493 2556 nam
1519 2526 1581 2556 tua
1603 2529 1700 2554 mens

251 2566 296 2602 ad
323 2569 458 2604 labores
484 2571 604 2604 callum
631 2571 845 2615 obduxerat)
882 2572 986 2606 multa
1014 2572 1116 2606 valde
1147 2571 1235 2607 scita
1266 2571 1452 2605 commenta
1483 2564 1696 2611 excogitasti,

251 2613 355 2657 (310)
377 2614 495 2650 volens
520 2616 678 2660 congredi
703 2627 777 2650 cum
807 2617 955 2651 exercitu
977 2619 1012 2651 et
1041 2628 1253 2651 concurrere.
1299 2616 1431 2650 interea
1455 2624 1535 2648 vero
1562 2614 1695 2665 genten,

251 2668 338 2702 quae
369 2664 447 2694 sunt
474 2661 515 2694 ad
541 2661 765 2696 Occidentem
786 2662 879 2707 rupti
903 2662 1050 2696 foederis
1076 2663 1265 2696 habuerunt
1284 2662 1327 2696 de
1346 2671 1438 2695 more
1460 2656 1694 2703 suspiclonem.

253 2707 288 2736 et
310 2714 425 2739 rursus
453 2707 498 2759 ob
529 2718 634 2740 novas
661 2707 824 2742 excitatas
845 2718 944 2742 curas
966 2712 1056 2742 tuam
1078 2707 1293 2743 desiderabat
1314 2706 1438 2741 civitas
1454 2703 1692 2751 praesentim

252 2749 360 2803 (3¹5.)
382 2755 548 2786 exermtus
575 2757 685 2787 autem
711 2755 810 2796 tuus,
843 2757 881 2787 ut
907 2754 1036 2788 omnino
1069 2753 1133 2788 hoc
1163 2755 1312 2796 faceres,
1337 2752 1458 2787 orabat
1482 2749 1592 2785 multis
1618 2757 1693 2782 cum

249 2795 407 2839 precibus
429 2801 465 2831 et
487 2796 650 2834 lacrimisz
674 2809 750 2833 nam
769 2798 863 2834 urbis
883 2799 1013 2844 pietate
1030 2799 1123 2844 tangi
1141 2800 1343 2845 cogebatur,
1368 2802 1405 2834 et
1418 2801 1455 2832 te
1470 2794 1599 2843 privari
1617 2803 1694 2828 esse
