1890 3224
261 180 354 227 160
598 182 875 235 QUERCIUS
910 182 969 224 IN
1003 183 1364 244 {lERACLIADIS

265 294 337 331 Gr.
362 306 399 331 ν.
422 288 645 346 βρουμᾶλια
666 299 703 328 et
720 292 820 328 Lex.
847 292 942 329 Lat.
975 305 1013 329 ν.
1030 292 1207 339 Bruma,
1237 299 1276 330 et
1297 294 1407 344 epol.
1421 291 1574 332 Christ.
1594 295 1664 332 lib.
1679 298 1706 337 2

257 363 292 386 c.
311 352 336 391 6
358 363 398 400 Ρ.
422 351 520 396 138,
553 355 591 385 et
622 348 922 386 Constantinum
952 347 1196 400 Porphyrog.
1227 350 1275 386 de
1313 350 1534 387 caeremon.
1569 351 1708 388 Aulae

259 406 434 456 Byzant.
457 403 526 440 lib.
551 407 577 444 2
598 417 631 440 c.
659 406 723 445 18.
783 417 874 441 cum
898 405 1019 455 igitur
1037 419 1108 456 per
1125 412 1253 443 totum
1271 406 1354 443 fere
1375 405 1584 444 hibernum
1602 414 1706 445 tem-

254 475 332 531 pus
358 462 490 498 feriari
516 460 687 499 solerent
701 462 934 513 Byzantiui,
964 460 1110 500 idcirco
1131 461 1226 500 dicit
1245 461 1313 503 καὶ
1333 459 1498 515 μάλιστα
1516 478 1708 516 χειμωνος

254 515 382 564 ὄντος.

371 583 464 625 115.
525 582 574 621 de
600 583 912 635 exploratoribus
941 592 980 623 et
1008 587 1320 637 speculatoribus
1347 585 1603 626 disertissime
1627 587 1708 638 agit

253 638 398 678 Ezech.
427 639 693 692 spanhemius
724 641 771 678 cle
794 643 1046 691 praestantia
1074 643 1276 680 Numism.
1299 643 1369 680 lib.
1389 646 1416 684 2
1444 657 1484 694 p.
1505 643 1598 684 334.
1657 641 1709 679 ad

255 710 340 734 rem
364 703 497 735 autem
519 697 662 736 suidas
683 711 722 736 v.
740 693 1045 765 Ἐξπλωρᾶτωρε
1078 698 1193 752 ε’ργον
1219 715 1377 746 τουτοις
1400 696 1443 740 vd
1462 694 1709 751 περιεργάζε-

255 758 354 793 σθαι
373 754 433 801 τίς
452 769 478 806 η
499 756 578 793 τῶν
605 750 848 806 πραγμάτων
871 750 1107 803 κατάστασις
1126 754 1193 795 καὶ
1212 759 1308 796 ποῖα
1327 753 1375 795 τὰ
1395 752 1493 795 κατοὶ
1508 753 1708 807 Ῥωμαίων

255 805 498 862 σκεπτόμενα
520 807 601 851 υπὸ
621 812 812 863 Περσῶν,
842 810 910 850 καὶ
933 827 1062 862 αναφ
1050 810 1151 864 ’ρειν
1170 811 1233 852 ἐπὶ
1254 809 1322 852 τόν
1342 810 1517 864 βασιλέα.

368 879 462 918 120.
519 880 637 915 metri
658 879 783 929 gratia
803 877 904 915 adde
923 879 1151 927 articulum,
1183 885 1222 916 et
1240 879 1329 930 lege
1347 895 1417 927 τας
1437 875 1640 927 διαταξεις.

371 944 602 985 125.n011
631 945 789 995 dubito,
822 959 922 998 quae
954 945 1002 983 de
1033 947 1200 996 garrulis
1227 946 1367 995 tradit,
1397 949 1509 984 iuxta
1531 953 1708 984 mentem

249 999 454 1039 Plutarchi
491 1000 663 1050 dixisse,
695 1004 765 1054 qui
799 1015 917 1039 aureo
947 1003 1089 1040 libello
1114 1002 1207 1053 περὶ
1234 998 1463 1054 α’δολεσχίας
1485 1017 1525 1054 p-
1546 1002 1627 1044 503
1650 1005 1707 1041 sic

250 1058 408 1095 scribit:
441 1053 563 1097 ου’ὄὲν
593 1056 722 1105 οὕτως
751 1056 780 1108 ἦ
810 1055 931 1107 φύσις
953 1054 1097 1109 εὕεχως
1117 1055 1365 1109 κεχαράκωκε
1387 1061 1467 1097 τῶν
1489 1055 1585 1110 παρ’
1607 1057 1706 1110 ημῖν

252 1130 308 1161 ως
335 1111 408 1164 τὴν
438 1116 634 1166 γλωτταν,
683 1113 879 1165 βαλομένη
914 1129 1110 1179 φρουραν
1131 1130 1208 1164 προ
1244 1110 1368 1164 αυτῆς
1402 1129 1494 1160 τους
1524 1111 1706 1164 ὀδόντας,

251 1166 305 1210 ἵν’
326 1167 397 1209 ἐαν
418 1167 528 1216 ἐντός
545 1171 839 1215 κατατείνοντος
857 1167 954 1220 ηνία
974 1165 1203 1236 σιγαλόεντα
1223 1183 1293 1208 του
1314 1172 1507 1239 λογισμοῦ
1523 1186 1577 1221 μη
1597 1169 1705 1210 ὕπα-

250 1222 353 1291 κούῃ
375 1222 474 1276 μηδὲ
496 1222 708 1279 ανειλῆται,
727 1221 922 1278 δήγμασιν
944 1221 1070 1277 αὐτῆς
1087 1224 1308 1278 κατέχωμεν
1328 1222 1401 1278 τὴν
1423 1222 1620 1280 ἀκρασίαν
1642 1227 1705 1268 αἱ·

251 1279 475 1334 μάττοντες.

367 1350 462 1390 128.
521 1348 683 1401 φίλτρον
724 1351 898 1401 positum
933 1349 1157 1401 ἕμφατικως
1188 1362 1260 1400 pro
1292 1351 1435 1388 amoris
1466 1363 1611 1401 magna
1640 1352 1704 1390 vi:

250 1404 401 1456 philtra
439 1406 545 1441 enim
585 1412 676 1443 sunt
706 1408 850 1444 amoris
879 1407 1111 1454 illecebrae,
1151 1406 1294 1458 quibus
1321 1420 1394 1457 per
1421 1408 1504 1443 vim
1531 1409 1620 1459 quis
1654 1407 1705 1445 ad

250 1460 468 1498 amandum
497 1462 680 1499 allicitur.
740 1464 836 1500 scite
870 1463 913 1500 S.
943 1464 1155 1514 Gregorius
1186 1464 1371 1500 Nazianz.
1401 1464 1503 1499 inter
1533 1465 1706 1501 carmina

247 1518 432 1555 Nicobuli
458 1519 580 1568 patris
613 1517 664 1555 ad
695 1518 822 1556 filium
851 1532 946 1556 usus
968 1526 1026 1556 est
1022 1493 1119 1556 ohac
1137 1531 1232 1555 voce
1249 1518 1301 1555 ad
1319 1520 1526 1569 pietatem,
1559 1533 1637 1572 qua
1662 1533 1704 1558 se

247 1575 419 1615 invicem
448 1581 739 1625 prosequuntur
765 1577 850 1611 nati
879 1582 918 1611 et
943 1582 1149 1640 parentes,
1191 1574 1515 1625 exprimendam.
1555 1577 1704 1630 φίλτρῳ

250 1627 324 1682 μὲν
347 1629 536 1681 συνέδησε
555 1627 678 1679 φύσις
698 1628 833 1678 τοκέας
852 1644 893 1669 τε
912 1627 1059 1682 γόνους
1078 1644 1130 1669 τε.

365 1698 458 1738 130.
515 1695 726 1747 Euripides
749 1698 793 1734 in
814 1697 1042 1747 Belleroph.
1065 1710 1104 1734 v.
1125 1695 1203 1736 49.
1234 1699 1464 1747 φθονοῦσιν
1485 1693 1601 1737 αυτοὶ
1624 1698 1705 1749 χεί-

248 1767 366 1804 ρονες
390 1749 635 1802 πεφυκότες,
667 1753 724 1800 εἰς
738 1749 942 1805 τοῖπίσημα
965 1750 1052 1794 δ’ὁ
1077 1748 1239 1802 φθόνος
1257 1753 1391 1804 πηδᾶν
1413 1756 1531 1804 φιλεῖ.
1588 1755 1702 1792 simi-

246 1810 338 1847 liter
361 1808 555 1847 Pindarus
577 1809 697 1846 Nem.
724 1808 797 1847 od.
820 1811 845 1850 8
865 1823 904 1847 v.
925 1812 999 1850 37:
1031 1823 1190 1849 απτεται
1212 1803 1252 1848 6'
1279 1809 1434 1849 ἐσθλῶν
1457 1805 1542 1858 οἷεί,
1571 1808 1703 1863 χειρό-

233 1877 357 1911 ,νεσσι
377 1862 419 1906 6’
445 1860 519 1906 ov'n
539 1865 666 1918 ἐρίζει.
723 1866 793 1903 ubi
812 1867 908 1904 scite
930 1864 1183 1903 scholiastes.
1213 1863 1234 1906 6
1254 1862 1327 1919 γοῖρ
1350 1863 1510 1917 φθόνος
1529 1865 1586 1914 εἰς
1602 1864 1704 1907 καλα

245 1922 457 2021 &gista-33·
515 1978 743 2015 Heraclium
772 1979 884 2016 Eliae
914 1984 1136 2030 comparat,
1189 1978 1257 2028 qui
1289 1975 1448 2014 domino
1476 1978 1670 2015 iubente
1658 1993 1700 2016 111

248 2034 397 2072 vallem
430 2033 566 2072 Carith
599 2037 780 2084 secessit,
810 2035 945 2088 ibique
971 2041 1076 2073 totus
1109 2034 1276 2072 orationi
1305 2040 1343 2071 et
1378 2035 1699 2085 contemplationi

248 2094 415 2130 vacavit.
475 2092 579 2142 Reg.
603 2094 627 2132 3
660 2092 726 2131 17.

364 2150 456 2189 138.
514 2147 605 2185 vide
628 2148 675 2184 de
694 2147 848 2198 Exped.
877 2150 903 2187 2
932 2145 984 2188 44
1017 2154 1055 2183 et
1073 2160 1178 2197 seqq.

364 2206 456 2245 139.
516 2202 658 2240 alludit
688 2203 739 2240 ad
770 2204 958 2240 exercitia
979 2204 1190 2251 militaria,
1222 2213 1323 2253 quae
1348 2199 1532 2240 describit
1551 2201 1649 2241 ibid.
1675 2216 1698 2241 a

247 2274 286 2299 v.
312 2263 386 2302 121
408 2259 460 2297 acl
481 2273 519 2298 v.
541 2262 632 2300 162.

364 2314 455 2357 144.
515 2315 622 2368 quod
638 2316 870 2367 praestitum
886 2315 962 2352 fuit
981 2327 1003 2351 a
1022 2312 1285 2365 Theophane,
1306 2315 1375 2366 qui
1389 2315 1562 2353 Heraclii
1579 2315 1697 2366 longa

246 2373 417 2421 itinera,
440 2373 593 2410 labores
616 2380 654 2409 et
672 2373 778 2409 bella
798 2373 966 2409 feliciter
983 2378 1092 2422 gesta
1113 2372 1269 2421 copiose
1289 2377 1434 2408 narrat.

360 2429 453 2470 152.
511 2430 714 2466 Heraclius
755 2442 845 2466 cum
876 2430 1050 2479 primum
1085 2426 1382 2478 expeditionem
1408 2429 1450 2464 iu
1481 2425 1696 2464 chosroam
1719 2431 1729 2444 ¹

244 2486 438 2536 suscepit,
466 2487 597 2524 Persis
627 2486 783 2524 obviam
809 2486 935 2522 factus
965 2491 1023 2522 est
1053 2483 1105 2522 ad
1133 2484 1230 2521 fines
1263 2485 1443 2532 Ciliciae,
1478 2483 1548 2520 ubi
1580 2495 1695 2521 mons

242 2542 401 2579 Taurus
426 2555 643 2593 exsurgens
664 2549 772 2580 vaste
796 2543 890 2580 satis
923 2542 1115 2578 attollitur
1141 2547 1180 2578 et
1210 2547 1399 2591 perpetuo
1420 2541 1514 2590 iugo
1535 2553 1608 2590 per
1629 2547 1696 2577 to-

242 2604 326 2635 tam
348 2599 486 2635 Asiam
511 2599 751 2637 extenditur.
809 2600 943 2650 itaque
966 2598 1009 2637 αἱ
1029 2600 1132 2644 κλεῖς
1152 2596 1274 2634 idem
1280 2603 1372 2634 sunt
1391 2609 1436 2633 ac
1453 2597 1576 2647 Pylae
1597 2596 1696 2634 cili-

242 2656 325 2692 ciae
379 2653 428 2692 de
454 2656 595 2707 quibus
621 2655 714 2694 vide
740 2655 788 2693 de
807 2654 960 2705 Exped.
988 2657 1015 2695 2
1046 2655 1112 2693 10.
1171 2666 1237 2690 eas
1258 2651 1526 2704 Theophanes
1547 2665 1589 2704 Ρ.
1610 2651 1694 2693 258

240 2708 311 2758 τοὶς
328 2684 388 2760 239
407 2712 583 2765 Περσίδα
603 2709 780 2765 αγούσας
801 2707 1033 2764 κλεισούρας
1051 2710 1240 2761 appellat.

354 2767 448 2810 154.
507 2767 706 2806 delectum
732 2769 948 2817 exercitus,
980 2779 1100 2820 quem
1120 2765 1269 2804 iudicat
1284 2770 1422 2818 poeta,
1455 2727 1695 2816 descriptum

241 2824 420 2865 invenies
440 2824 590 2864 ibidem
610 2839 648 2865 v.
670 2825 724 2868 55
744 2833 782 2864 et
803 2837 914 2879 seqq.
