<?xml version="1.0" encoding="UTF-8"?>
<!DOCTYPE html PUBLIC "-//W3C//DTD XHTML 1.0 Transitional//EN"
    "http://www.w3.org/TR/xhtml1/DTD/xhtml1-transitional.dtd">
<html xmlns="http://www.w3.org/1999/xhtml" xml:lang="en" lang="en">
 <head>
  <title>
</title>
<meta http-equiv="Content-Type" content="text/html;charset=utf-8" />
  <meta name='ocr-system' content='tesseract 3.04.00' />
  <meta name='ocr-capabilities' content='ocr_page ocr_carea ocr_par ocr_line ocrx_word'/>
</head>
<body>
  <div class='ocr_page' id='page_1' title='image "./corpusscriptorum42niebuoft/corpusscriptorum42niebuoft_0391.png"; bbox 0 0 1890 3224; ppageno 0'>
   <div class='ocr_carea' id='block_1_1' title="bbox 732 138 1624 187">
    <p class='ocr_par' dir='ltr' id='par_1_1' title="bbox 732 138 1624 187">
     <span class='ocr_line' id='line_1_1' title="bbox 732 138 1624 187; baseline -0.001 0"><span class='ocrx_word' id='word_1_1' title='bbox 732 144 1003 187; x_wconf 85' lang='lat' dir='ltr'><strong>ACROASIN</strong></span> <span class='ocrx_word' id='word_1_2' title='bbox 1036 143 1068 186; x_wconf 91' lang='grc' dir='ltr'>Ι.</span> <span class='ocrx_word' id='word_1_3' title='bbox 1530 138 1624 186; x_wconf 83' lang='grc'>143</span> 
     </span>
    </p>
   </div>
   <div class='ocr_carea' id='block_1_2' title="bbox 166 252 1637 2588">
    <p class='ocr_par' dir='ltr' id='par_1_2' title="bbox 166 252 1629 760">
     <span class='ocr_line' id='line_1_2' title="bbox 167 252 1625 308; baseline -0.002 -15"><span class='ocrx_word' id='word_1_4' title='bbox 167 252 390 293; x_wconf 89' lang='lat' dir='ltr'>Nembrodo</span> <span class='ocrx_word' id='word_1_5' title='bbox 409 254 551 293; x_wconf 88' lang='lat' dir='ltr'>tacitus</span> <span class='ocrx_word' id='word_1_6' title='bbox 572 253 793 305; x_wconf 85' lang='lat' dir='ltr'>adsimilat,</span> <span class='ocrx_word' id='word_1_7' title='bbox 834 256 904 308; x_wconf 91' lang='lat' dir='ltr'>qui</span> <span class='ocrx_word' id='word_1_8' title='bbox 923 255 1064 292; x_wconf 89' lang='lat' dir='ltr'>turrim</span> <span class='ocrx_word' id='word_1_9' title='bbox 1083 254 1210 292; x_wconf 90' lang='lat' dir='ltr'>Babel</span> <span class='ocrx_word' id='word_1_10' title='bbox 1229 252 1489 291; x_wconf 85' lang='lat' dir='ltr'>exaedificare</span> <span class='ocrx_word' id='word_1_11' title='bbox 1507 253 1625 291; x_wconf 85' lang='lat' dir='ltr'>insti-</span> 
     </span>
     <span class='ocr_line' id='line_1_3' title="bbox 167 309 1624 363; baseline -0.001 -15"><span class='ocrx_word' id='word_1_12' title='bbox 167 312 254 359; x_wconf 91' lang='lat' dir='ltr'>tnit,</span> <span class='ocrx_word' id='word_1_13' title='bbox 275 317 320 348; x_wconf 90' lang='lat' dir='ltr'>ut</span> <span class='ocrx_word' id='word_1_14' title='bbox 340 324 363 347; x_wconf 92' lang='lat' dir='ltr'>a</span> <span class='ocrx_word' id='word_1_15' title='bbox 383 309 447 348; x_wconf 87' lang='lat' dir='ltr'>dei</span> <span class='ocrx_word' id='word_1_16' title='bbox 467 318 660 363; x_wconf 83' lang='lat' dir='ltr'>potestate</span> <span class='ocrx_word' id='word_1_17' title='bbox 678 325 720 350; x_wconf 90' lang='lat' dir='ltr'>se</span> <span class='ocrx_word' id='word_1_18' title='bbox 734 312 943 360; x_wconf 82' lang='lat' dir='ltr'>liberaret3</span> <span class='ocrx_word' id='word_1_19' title='bbox 973 311 1080 349; x_wconf 86' lang='lat' dir='ltr'>unde</span> <span class='ocrx_word' id='word_1_20' title='bbox 1099 324 1153 349; x_wconf 82' lang='lat' dir='ltr'>ex</span> <span class='ocrx_word' id='word_1_21' title='bbox 1173 310 1423 363; x_wconf 87' lang='lat' dir='ltr'>quorundam</span> <span class='ocrx_word' id='word_1_22' title='bbox 1439 311 1624 362; x_wconf 88' lang='lat' dir='ltr'>opinione</span> 
     </span>
     <span class='ocr_line' id='line_1_4' title="bbox 166 367 1625 417; baseline 0 -13"><span class='ocrx_word' id='word_1_23' title='bbox 166 367 414 405; x_wconf 89' lang='lat' dir='ltr'>idololatriae</span> <span class='ocrx_word' id='word_1_24' title='bbox 433 375 655 406; x_wconf 88' lang='lat' dir='ltr'>monstrum</span> <span class='ocrx_word' id='word_1_25' title='bbox 674 376 804 406; x_wconf 88' lang='lat' dir='ltr'>ortum</span> <span class='ocrx_word' id='word_1_26' title='bbox 825 367 977 406; x_wconf 83' lang='lat' dir='ltr'>habuit.</span> <span class='ocrx_word' id='word_1_27' title='bbox 1035 367 1194 417; x_wconf 85' lang='lat' dir='ltr'>Pisida,</span> <span class='ocrx_word' id='word_1_28' title='bbox 1232 375 1275 405; x_wconf 91' lang='lat' dir='ltr'>ut</span> <span class='ocrx_word' id='word_1_29' title='bbox 1293 367 1471 416; x_wconf 81' lang='lat' dir='ltr'>videtur,</span> <span class='ocrx_word' id='word_1_30' title='bbox 1513 369 1625 405; x_wconf 94' lang='lat' dir='ltr'>Iose-</span> 
     </span>
     <span class='ocr_line' id='line_1_5' title="bbox 167 422 1626 478; baseline 0 -17"><span class='ocrx_word' id='word_1_31' title='bbox 167 422 293 475; x_wconf 90' lang='lat' dir='ltr'>phum</span> <span class='ocrx_word' id='word_1_32' title='bbox 321 431 476 462; x_wconf 87' lang='lat' dir='ltr'>secutus</span> <span class='ocrx_word' id='word_1_33' title='bbox 505 432 586 474; x_wconf 89' lang='lat' dir='ltr'>est,</span> <span class='ocrx_word' id='word_1_34' title='bbox 628 427 698 478; x_wconf 90' lang='lat' dir='ltr'>qui</span> <span class='ocrx_word' id='word_1_35' title='bbox 715 426 860 477; x_wconf 82' lang='lat' dir='ltr'>Antiq.</span> <span class='ocrx_word' id='word_1_36' title='bbox 884 426 977 463; x_wconf 80' lang='lat' dir='ltr'>Iud.</span> <span class='ocrx_word' id='word_1_37' title='bbox 1009 425 1032 465; x_wconf 89' lang='lat'>1</span> <span class='ocrx_word' id='word_1_38' title='bbox 1060 424 1086 466; x_wconf 84' lang='grc'>4</span> <span class='ocrx_word' id='word_1_39' title='bbox 1116 427 1171 462; x_wconf 82' lang='grc'>311</span> <span class='ocrx_word' id='word_1_40' title='bbox 1193 423 1626 463; x_wconf 85' lang='lat' dir='ltr'>Nembrodum.contra</span> 
     </span>
     <span class='ocr_line' id='line_1_6' title="bbox 169 480 1627 534; baseline 0.001 -17"><span class='ocrx_word' id='word_1_41' title='bbox 169 480 290 518; x_wconf 90' lang='lat' dir='ltr'>deum</span> <span class='ocrx_word' id='word_1_42' title='bbox 304 480 556 532; x_wconf 84' lang='lat' dir='ltr'>tyrannidem</span> <span class='ocrx_word' id='word_1_43' title='bbox 568 480 785 531; x_wconf 86' lang='lat' dir='ltr'>affectasse,</span> <span class='ocrx_word' id='word_1_44' title='bbox 804 481 1066 534; x_wconf 87' lang='lat' dir='ltr'>hominesque</span> <span class='ocrx_word' id='word_1_45' title='bbox 1083 496 1129 520; x_wconf 94' lang='lat' dir='ltr'>eo</span> <span class='ocrx_word' id='word_1_46' title='bbox 1145 482 1408 519; x_wconf 80' lang='lat' dir='ltr'>contumeliae</span> <span class='ocrx_word' id='word_1_47' title='bbox 1427 483 1471 518; x_wconf 92' lang='grc'>111</span> <span class='ocrx_word' id='word_1_48' title='bbox 1491 480 1627 530; x_wconf 89' lang='lat' dir='ltr'>deum,</span> 
     </span>
     <span class='ocr_line' id='line_1_7' title="bbox 170 536 1626 591; baseline 0.001 -17"><span class='ocrx_word' id='word_1_49' title='bbox 170 544 208 575; x_wconf 92' lang='lat' dir='ltr'>et</span> <span class='ocrx_word' id='word_1_50' title='bbox 229 536 510 589; x_wconf 71' lang='lat' dir='ltr'>despiciendae</span> <span class='ocrx_word' id='word_1_51' title='bbox 531 537 760 588; x_wconf 83' lang='lat' dir='ltr'>adduxisse,</span> <span class='ocrx_word' id='word_1_52' title='bbox 791 546 835 576; x_wconf 94' lang='lat' dir='ltr'>ut</span> <span class='ocrx_word' id='word_1_53' title='bbox 854 540 910 577; x_wconf 88' lang='lat' dir='ltr'>eis</span> <span class='ocrx_word' id='word_1_54' title='bbox 929 541 1168 591; x_wconf 83' lang='lat' dir='ltr'>persuaserit</span> <span class='ocrx_word' id='word_1_55' title='bbox 1184 552 1236 576; x_wconf 90' lang='lat' dir='ltr'>ne</span> <span class='ocrx_word' id='word_1_56' title='bbox 1256 538 1331 576; x_wconf 91' lang='lat' dir='ltr'>deo</span> <span class='ocrx_word' id='word_1_57' title='bbox 1352 536 1626 587; x_wconf 86' lang='lat' dir='ltr'>concederent,</span> 
     </span>
     <span class='ocr_line' id='line_1_8' title="bbox 170 595 1628 646; baseline 0.001 -16"><span class='ocrx_word' id='word_1_58' title='bbox 170 595 286 646; x_wconf 90' lang='lat' dir='ltr'>eique</span> <span class='ocrx_word' id='word_1_59' title='bbox 317 601 520 646; x_wconf 86' lang='lat' dir='ltr'>acceptam</span> <span class='ocrx_word' id='word_1_60' title='bbox 544 595 735 634; x_wconf 85' lang='lat' dir='ltr'>referrent</span> <span class='ocrx_word' id='word_1_61' title='bbox 760 609 874 634; x_wconf 91' lang='lat' dir='ltr'>suam</span> <span class='ocrx_word' id='word_1_62' title='bbox 900 597 1147 634; x_wconf 87' lang='lat' dir='ltr'>felicitatem.</span> <span class='ocrx_word' id='word_1_63' title='bbox 1204 596 1339 634; x_wconf 87' lang='lat' dir='ltr'>forsan</span> <span class='ocrx_word' id='word_1_64' title='bbox 1360 596 1482 633; x_wconf 90' lang='lat' dir='ltr'>etiam</span> <span class='ocrx_word' id='word_1_65' title='bbox 1502 597 1628 632; x_wconf 89' lang='lat' dir='ltr'>Nem-</span> 
     </span>
     <span class='ocr_line' id='line_1_9' title="bbox 167 649 1629 705; baseline 0.001 -18"><span class='ocrx_word' id='word_1_66' title='bbox 167 649 292 688; x_wconf 91' lang='lat' dir='ltr'>brodo</span> <span class='ocrx_word' id='word_1_67' title='bbox 311 649 504 689; x_wconf 88' lang='lat' dir='ltr'>Chosroes</span> <span class='ocrx_word' id='word_1_68' title='bbox 530 652 748 702; x_wconf 84' lang='lat' dir='ltr'>confertur,</span> <span class='ocrx_word' id='word_1_69' title='bbox 789 654 883 705; x_wconf 89' lang='lat' dir='ltr'>quia</span> <span class='ocrx_word' id='word_1_70' title='bbox 906 666 959 690; x_wconf 84' lang='lat' dir='ltr'>ex</span> <span class='ocrx_word' id='word_1_71' title='bbox 979 653 1251 691; x_wconf 88' lang='lat' dir='ltr'>Hebraeorum</span> <span class='ocrx_word' id='word_1_72' title='bbox 1270 654 1466 690; x_wconf 88' lang='lat' dir='ltr'>sententia</span> <span class='ocrx_word' id='word_1_73' title='bbox 1482 653 1629 690; x_wconf 88' lang='lat' dir='ltr'>imma-</span> 
     </span>
     <span class='ocr_line' id='line_1_10' title="bbox 167 708 1354 760; baseline 0.002 -15"><span class='ocrx_word' id='word_1_74' title='bbox 167 708 230 745; x_wconf 87' lang='lat' dir='ltr'>nis</span> <span class='ocrx_word' id='word_1_75' title='bbox 249 708 319 744; x_wconf 90' lang='grc'>1118</span> <span class='ocrx_word' id='word_1_76' title='bbox 338 709 399 746; x_wconf 76' lang='lat' dir='ltr'>vir</span> <span class='ocrx_word' id='word_1_77' title='bbox 417 710 569 758; x_wconf 90' lang='lat' dir='ltr'>primus</span> <span class='ocrx_word' id='word_1_78' title='bbox 592 710 742 747; x_wconf 80' lang='grc'>0111111111</span> <span class='ocrx_word' id='word_1_79' title='bbox 759 710 864 760; x_wconf 88' lang='lat' dir='ltr'>ignis</span> <span class='ocrx_word' id='word_1_80' title='bbox 883 711 926 746; x_wconf 90' lang='lat' dir='ltr'>in</span> <span class='ocrx_word' id='word_1_81' title='bbox 945 708 1188 748; x_wconf 86' lang='lat' dir='ltr'>Chaldaeam</span> <span class='ocrx_word' id='word_1_82' title='bbox 1204 710 1354 748; x_wconf 90' lang='lat' dir='ltr'>intulit.</span> 
     </span>
    </p>

    <p class='ocr_par' dir='ltr' id='par_1_3' title="bbox 168 764 1634 2495">
     <span class='ocr_line' id='line_1_11' title="bbox 281 764 1630 818; baseline -0.001 -14"><span class='ocrx_word' id='word_1_83' title='bbox 281 766 351 804; x_wconf 82' lang='lat'>23.</span> <span class='ocrx_word' id='word_1_84' title='bbox 409 766 614 803; x_wconf 87' lang='lat' dir='ltr'>Heraclius</span> <span class='ocrx_word' id='word_1_85' title='bbox 642 764 860 804; x_wconf 83' lang='lat' dir='ltr'>chosroam</span> <span class='ocrx_word' id='word_1_86' title='bbox 894 767 1117 818; x_wconf 85' lang='lat' dir='ltr'>fugientem</span> <span class='ocrx_word' id='word_1_87' title='bbox 1143 773 1320 816; x_wconf 86' lang='lat' dir='ltr'>secutus,</span> <span class='ocrx_word' id='word_1_88' title='bbox 1370 778 1630 818; x_wconf 88' lang='lat' dir='ltr'>quaecunque</span> 
     </span>
     <span class='ocr_line' id='line_1_12' title="bbox 169 819 1630 876; baseline 0.003 -20"><span class='ocrx_word' id='word_1_89' title='bbox 169 821 319 871; x_wconf 89' lang='lat' dir='ltr'>templa</span> <span class='ocrx_word' id='word_1_90' title='bbox 337 821 422 871; x_wconf 88' lang='lat' dir='ltr'>igni</span> <span class='ocrx_word' id='word_1_91' title='bbox 445 819 574 858; x_wconf 85' lang='lat' dir='ltr'>dicata</span> <span class='ocrx_word' id='word_1_92' title='bbox 592 823 636 858; x_wconf 94' lang='grc'>111</span> <span class='ocrx_word' id='word_1_93' title='bbox 655 822 818 860; x_wconf 85' lang='lat' dir='ltr'>Perside</span> <span class='ocrx_word' id='word_1_94' title='bbox 839 824 1012 873; x_wconf 86' lang='lat' dir='ltr'>invenit,</span> <span class='ocrx_word' id='word_1_95' title='bbox 1048 825 1133 862; x_wconf 91' lang='lat' dir='ltr'>solo</span> <span class='ocrx_word' id='word_1_96' title='bbox 1161 825 1368 876; x_wconf 85' lang='lat' dir='ltr'>aequavit,</span> <span class='ocrx_word' id='word_1_97' title='bbox 1411 830 1455 860; x_wconf 91' lang='lat' dir='ltr'>ut</span> <span class='ocrx_word' id='word_1_98' title='bbox 1473 824 1630 874; x_wconf 87' lang='lat' dir='ltr'>copiose</span> 
     </span>
     <span class='ocr_line' id='line_1_13' title="bbox 168 876 1631 931; baseline 0.003 -18"><span class='ocrx_word' id='word_1_99' title='bbox 168 884 302 914; x_wconf 88' lang='lat' dir='ltr'>narrat</span> <span class='ocrx_word' id='word_1_100' title='bbox 320 876 590 928; x_wconf 86' lang='lat' dir='ltr'>Theophanes</span> <span class='ocrx_word' id='word_1_101' title='bbox 609 892 631 916; x_wconf 92' lang='lat' dir='ltr'>a</span> <span class='ocrx_word' id='word_1_102' title='bbox 641 894 690 930; x_wconf 82' lang='lat' dir='ltr'>p.</span> <span class='ocrx_word' id='word_1_103' title='bbox 715 882 797 920; x_wconf 78' lang='lat'>257</span> <span class='ocrx_word' id='word_1_104' title='bbox 815 878 866 916; x_wconf 91' lang='lat' dir='ltr'>ad</span> <span class='ocrx_word' id='word_1_105' title='bbox 885 880 981 921; x_wconf 80' lang='lat'><strong>275.</strong></span> <span class='ocrx_word' id='word_1_106' title='bbox 1039 887 1079 917; x_wconf 88' lang='lat' dir='ltr'>at</span> <span class='ocrx_word' id='word_1_107' title='bbox 1097 879 1233 918; x_wconf 86' lang='lat' dir='ltr'>Pisida</span> <span class='ocrx_word' id='word_1_108' title='bbox 1245 909 1256 929; x_wconf 91' lang='lat'>,</span> <span class='ocrx_word' id='word_1_109' title='bbox 1287 887 1331 918; x_wconf 90' lang='lat' dir='ltr'>ut</span> <span class='ocrx_word' id='word_1_110' title='bbox 1354 887 1472 931; x_wconf 87' lang='lat' dir='ltr'>puto,</span> <span class='ocrx_word' id='word_1_111' title='bbox 1499 879 1631 917; x_wconf 83' lang='lat' dir='ltr'>innuit</span> 
     </span>
     <span class='ocr_line' id='line_1_14' title="bbox 168 931 1630 988; baseline 0.003 -19"><span class='ocrx_word' id='word_1_112' title='bbox 168 931 235 970; x_wconf 87' lang='lat' dir='ltr'>hic</span> <span class='ocrx_word' id='word_1_113' title='bbox 252 934 461 984; x_wconf 84' lang='lat' dir='ltr'>palatium,</span> <span class='ocrx_word' id='word_1_114' title='bbox 492 933 601 987; x_wconf 92' lang='lat' dir='ltr'>quod</span> <span class='ocrx_word' id='word_1_115' title='bbox 619 934 813 973; x_wconf 88' lang='lat' dir='ltr'>Chosroes</span> <span class='ocrx_word' id='word_1_116' title='bbox 831 934 970 973; x_wconf 82' lang='lat' dir='ltr'>habuit</span> <span class='ocrx_word' id='word_1_117' title='bbox 987 937 1143 986; x_wconf 84' lang='lat' dir='ltr'>Gazaci,</span> <span class='ocrx_word' id='word_1_118' title='bbox 1175 944 1213 974; x_wconf 90' lang='lat' dir='ltr'>et</span> <span class='ocrx_word' id='word_1_119' title='bbox 1230 949 1252 973; x_wconf 88' lang='lat' dir='ltr'>a</span> <span class='ocrx_word' id='word_1_120' title='bbox 1273 950 1352 988; x_wconf 94' lang='lat' dir='ltr'>quo</span> <span class='ocrx_word' id='word_1_121' title='bbox 1371 937 1547 988; x_wconf 90' lang='lat' dir='ltr'>primum</span> <span class='ocrx_word' id='word_1_122' title='bbox 1564 949 1630 973; x_wconf 88' lang='grc'>38-</span> 
     </span>
     <span class='ocr_line' id='line_1_15' title="bbox 170 988 1631 1044; baseline 0.003 -18"><span class='ocrx_word' id='word_1_123' title='bbox 170 988 310 1027; x_wconf 87' lang='lat' dir='ltr'>cedere</span> <span class='ocrx_word' id='word_1_124' title='bbox 331 997 486 1028; x_wconf 84' lang='lat' dir='ltr'>coactus</span> <span class='ocrx_word' id='word_1_125' title='bbox 507 998 580 1028; x_wconf 91' lang='lat' dir='ltr'>est.</span> <span class='ocrx_word' id='word_1_126' title='bbox 637 990 737 1029; x_wconf 90' lang='lat' dir='ltr'>haec</span> <span class='ocrx_word' id='word_1_127' title='bbox 761 994 868 1029; x_wconf 85' lang='lat' dir='ltr'>enim</span> <span class='ocrx_word' id='word_1_128' title='bbox 894 993 970 1029; x_wconf 86' lang='lat' dir='ltr'>fuit</span> <span class='ocrx_word' id='word_1_129' title='bbox 990 994 1121 1044; x_wconf 85' lang='lat' dir='ltr'>prima</span> <span class='ocrx_word' id='word_1_130' title='bbox 1148 999 1186 1030; x_wconf 91' lang='lat' dir='ltr'>et</span> <span class='ocrx_word' id='word_1_131' title='bbox 1210 994 1383 1030; x_wconf 90' lang='lat' dir='ltr'>multum</span> <span class='ocrx_word' id='word_1_132' title='bbox 1404 993 1631 1044; x_wconf 76' lang='lat' dir='ltr'>spectabiIIS</span> 
     </span>
     <span class='ocr_line' id='line_1_16' title="bbox 169 1047 1632 1121; baseline 0.003 -39"><span class='ocrx_word' id='word_1_133' title='bbox 169 1047 346 1084; x_wconf 87' lang='lat' dir='ltr'>Heraclii</span> <span class='ocrx_word' id='word_1_134' title='bbox 365 1047 550 1096; x_wconf 85' lang='lat' dir='ltr'>victoria,</span> <span class='ocrx_word' id='word_1_135' title='bbox 589 1060 668 1100; x_wconf 89' lang='lat' dir='ltr'>qua</span> <span class='ocrx_word' id='word_1_136' title='bbox 685 1049 832 1100; x_wconf 86' lang='lat' dir='ltr'>fugatis</span> <span class='ocrx_word' id='word_1_137' title='bbox 854 1047 1056 1099; x_wconf 74' lang='lat' dir='ltr'>hostibus,</span> <span class='ocrx_word' id='word_1_138' title='bbox 1086 1056 1131 1087; x_wconf 90' lang='lat' dir='ltr'>ut</span> <span class='ocrx_word' id='word_1_139' title='bbox 1150 1048 1260 1086; x_wconf 89' lang='lat' dir='ltr'>idem</span> <span class='ocrx_word' id='word_1_140' title='bbox 1279 1047 1550 1121; x_wconf 88' lang='lat' dir='ltr'>Theophanes</span> <span class='ocrx_word' id='word_1_141' title='bbox 1570 1056 1632 1087; x_wconf 88' lang='lat' dir='ltr'>te-</span> 
     </span>
     <span class='ocr_line' id='line_1_17' title="bbox 171 1101 1633 1161; baseline 0.005 -22"><span class='ocrx_word' id='word_1_142' title='bbox 171 1109 295 1140; x_wconf 88' lang='lat' dir='ltr'>statur</span> <span class='ocrx_word' id='word_1_143' title='bbox 308 1117 356 1153; x_wconf 81' lang='lat' dir='ltr'>p.</span> <span class='ocrx_word' id='word_1_144' title='bbox 378 1104 473 1152; x_wconf 84' lang='lat'>258,</span> <span class='ocrx_word' id='word_1_145' title='bbox 504 1105 703 1143; x_wconf 86' lang='lat' dir='ltr'>Gazacum</span> <span class='ocrx_word' id='word_1_146' title='bbox 722 1107 891 1143; x_wconf 86' lang='lat' dir='ltr'>Orientis</span> <span class='ocrx_word' id='word_1_147' title='bbox 912 1107 1114 1144; x_wconf 80' lang='lat' dir='ltr'>civitatem</span> <span class='ocrx_word' id='word_1_148' title='bbox 1135 1107 1355 1158; x_wconf 87' lang='lat' dir='ltr'>occupavit,</span> <span class='ocrx_word' id='word_1_149' title='bbox 1386 1101 1478 1146; x_wconf 81' lang='grc' dir='ltr'>ἐν</span> <span class='ocrx_word' id='word_1_150' title='bbox 1450 1123 1474 1161; x_wconf 79' lang='grc' dir='ltr'><em>η</em></span> <span class='ocrx_word' id='word_1_151' title='bbox 1498 1105 1633 1159; x_wconf 72' lang='grc' dir='ltr'><em>ὑπῆρ-</em></span> 
     </span>
     <span class='ocr_line' id='line_1_18' title="bbox 170 1157 1634 1227; baseline 0.003 -29"><span class='ocrx_word' id='word_1_152' title='bbox 170 1173 238 1211; x_wconf 81' lang='grc' dir='ltr'>χεν</span> <span class='ocrx_word' id='word_1_153' title='bbox 258 1157 283 1199; x_wconf 88' lang='lat' dir='ltr'>o‘</span> <span class='ocrx_word' id='word_1_154' title='bbox 303 1175 400 1208; x_wconf 84' lang='grc' dir='ltr'><em>ναος</em></span> <span class='ocrx_word' id='word_1_155' title='bbox 415 1175 486 1200; x_wconf 86' lang='grc' dir='ltr'>του</span> <span class='ocrx_word' id='word_1_156' title='bbox 511 1159 640 1227; x_wconf 78' lang='grc' dir='ltr'><em>πυρός</em></span> <span class='ocrx_word' id='word_1_157' title='bbox 665 1177 734 1202; x_wconf 84' lang='grc' dir='ltr'><em>και</em></span> <span class='ocrx_word' id='word_1_158' title='bbox 761 1159 809 1201; x_wconf 77' lang='grc' dir='ltr'>τὰ</span> <span class='ocrx_word' id='word_1_159' title='bbox 834 1158 1014 1214; x_wconf 83' lang='grc' dir='ltr'><em>χρήματα</em></span> <span class='ocrx_word' id='word_1_160' title='bbox 1033 1163 1213 1216; x_wconf 79' lang='grc' dir='ltr'><strong><em>Κροίσου</em></strong></span> <span class='ocrx_word' id='word_1_161' title='bbox 1240 1165 1315 1203; x_wconf 75' lang='grc' dir='ltr'>τοῦ</span> <span class='ocrx_word' id='word_1_162' title='bbox 1333 1164 1487 1204; x_wconf 74' lang='grc' dir='ltr'><em>Λυδῶν</em></span> <span class='ocrx_word' id='word_1_163' title='bbox 1515 1164 1634 1216; x_wconf 90' lang='grc' dir='ltr'><em>βασι-</em></span> 
     </span>
     <span class='ocr_line' id='line_1_19' title="bbox 170 1212 1633 1285; baseline 0.001 -30"><span class='ocrx_word' id='word_1_164' title='bbox 170 1214 270 1263; x_wconf 81' lang='grc' dir='ltr'><em>λέως</em></span> <span class='ocrx_word' id='word_1_165' title='bbox 296 1214 365 1256; x_wconf 87' lang='grc' dir='ltr'><em>καὶ</em></span> <span class='ocrx_word' id='word_1_166' title='bbox 397 1212 426 1269; x_wconf 78' lang='grc' dir='ltr'><em>ἦ</em></span> <span class='ocrx_word' id='word_1_167' title='bbox 454 1213 586 1269; x_wconf 76' lang='grc' dir='ltr'><em>πλάνη</em></span> <span class='ocrx_word' id='word_1_168' title='bbox 610 1220 692 1258; x_wconf 75' lang='grc' dir='ltr'>τῶν</span> <span class='ocrx_word' id='word_1_169' title='bbox 721 1214 953 1285; x_wconf 78' lang='grc' dir='ltr'><em>ανθράκωι.</em></span> <span class='ocrx_word' id='word_1_170' title='bbox 1026 1233 1095 1256; x_wconf 88' lang='lat' dir='ltr'>cur</span> <span class='ocrx_word' id='word_1_171' title='bbox 1126 1226 1260 1256; x_wconf 89' lang='lat' dir='ltr'>autem</span> <span class='ocrx_word' id='word_1_172' title='bbox 1286 1219 1421 1257; x_wconf 86' lang='lat' dir='ltr'>Pisida</span> <span class='ocrx_word' id='word_1_173' title='bbox 1450 1219 1554 1257; x_wconf 85' lang='lat' dir='ltr'>dicat</span> <span class='ocrx_word' id='word_1_174' title='bbox 1583 1218 1633 1257; x_wconf 86' lang='lat' dir='ltr'>de</span> 
     </span>
     <span class='ocr_line' id='line_1_20' title="bbox 172 1270 1634 1328; baseline 0.003 -19"><span class='ocrx_word' id='word_1_175' title='bbox 172 1270 348 1310; x_wconf 84' lang='lat' dir='ltr'>Chosroa</span> <span class='ocrx_word' id='word_1_176' title='bbox 375 1271 444 1312; x_wconf 78' lang='grc' dir='ltr'><em>καὶ</em></span> <span class='ocrx_word' id='word_1_177' title='bbox 473 1270 569 1320; x_wconf 81' lang='grc' dir='ltr'><em>θεὸς</em></span> <span class='ocrx_word' id='word_1_178' title='bbox 600 1270 863 1323; x_wconf 79' lang='grc' dir='ltr'><em>φαντάζεται,</em></span> <span class='ocrx_word' id='word_1_179' title='bbox 903 1275 1036 1326; x_wconf 90' lang='lat' dir='ltr'>accipe</span> <span class='ocrx_word' id='word_1_180' title='bbox 1058 1289 1080 1313; x_wconf 91' lang='lat' dir='ltr'>a</span> <span class='ocrx_word' id='word_1_181' title='bbox 1102 1275 1303 1324; x_wconf 86' lang='lat' dir='ltr'>Cedreno,</span> <span class='ocrx_word' id='word_1_182' title='bbox 1333 1278 1402 1328; x_wconf 91' lang='lat' dir='ltr'>qui</span> <span class='ocrx_word' id='word_1_183' title='bbox 1419 1290 1473 1314; x_wconf 84' lang='lat' dir='ltr'>ex</span> <span class='ocrx_word' id='word_1_184' title='bbox 1493 1275 1634 1314; x_wconf 88' lang='lat' dir='ltr'>Theo-</span> 
     </span>
     <span class='ocr_line' id='line_1_21' title="bbox 171 1326 1634 1382; baseline 0.004 -18"><span class='ocrx_word' id='word_1_185' title='bbox 171 1326 303 1379; x_wconf 88' lang='lat' dir='ltr'>phane</span> <span class='ocrx_word' id='word_1_186' title='bbox 339 1330 507 1381; x_wconf 87' lang='lat' dir='ltr'>aliisque</span> <span class='ocrx_word' id='word_1_187' title='bbox 546 1331 800 1382; x_wconf 86' lang='lat' dir='ltr'>scriptoribus</span> <span class='ocrx_word' id='word_1_188' title='bbox 827 1333 1057 1382; x_wconf 84' lang='lat' dir='ltr'>Byzantinis</span> <span class='ocrx_word' id='word_1_189' title='bbox 1085 1345 1200 1370; x_wconf 90' lang='grc'>3113111</span> <span class='ocrx_word' id='word_1_190' title='bbox 1228 1333 1478 1370; x_wconf 82' lang='lat' dir='ltr'>concinnavit</span> <span class='ocrx_word' id='word_1_191' title='bbox 1503 1331 1634 1370; x_wconf 86' lang='lat' dir='ltr'>histo-</span> 
     </span>
     <span class='ocr_line' id='line_1_22' title="bbox 172 1386 1633 1441; baseline 0.003 -20"><span class='ocrx_word' id='word_1_192' title='bbox 172 1386 286 1421; x_wconf 88' lang='lat' dir='ltr'>riam.</span> <span class='ocrx_word' id='word_1_193' title='bbox 343 1386 378 1423; x_wconf 89' lang='lat' dir='ltr'>is</span> <span class='ocrx_word' id='word_1_194' title='bbox 404 1392 538 1423; x_wconf 89' lang='lat' dir='ltr'>autem</span> <span class='ocrx_word' id='word_1_195' title='bbox 553 1401 602 1437; x_wconf 82' lang='lat' dir='ltr'>p.</span> <span class='ocrx_word' id='word_1_196' title='bbox 627 1386 710 1428; x_wconf 83' lang='lat'>412</span> <span class='ocrx_word' id='word_1_197' title='bbox 738 1386 882 1425; x_wconf 88' lang='grc'>113(18111</span> <span class='ocrx_word' id='word_1_198' title='bbox 903 1389 1022 1439; x_wconf 89' lang='lat' dir='ltr'>plane</span> <span class='ocrx_word' id='word_1_199' title='bbox 1046 1389 1201 1438; x_wconf 87' lang='lat' dir='ltr'>verbis,</span> <span class='ocrx_word' id='word_1_200' title='bbox 1239 1389 1383 1440; x_wconf 86' lang='lat' dir='ltr'>quibus</span> <span class='ocrx_word' id='word_1_201' title='bbox 1410 1388 1633 1441; x_wconf 89' lang='lat' dir='ltr'>Theopha-</span> 
     </span>
     <span class='ocr_line' id='line_1_23' title="bbox 171 1442 1629 1496; baseline 0.004 -19"><span class='ocrx_word' id='word_1_202' title='bbox 171 1454 266 1478; x_wconf 89' lang='lat' dir='ltr'>nem</span> <span class='ocrx_word' id='word_1_203' title='bbox 283 1454 401 1478; x_wconf 90' lang='lat' dir='ltr'>usum</span> <span class='ocrx_word' id='word_1_204' title='bbox 418 1455 503 1480; x_wconf 84' lang='lat' dir='ltr'>esse</span> <span class='ocrx_word' id='word_1_205' title='bbox 522 1455 651 1495; x_wconf 90' lang='lat' dir='ltr'>nuper</span> <span class='ocrx_word' id='word_1_206' title='bbox 669 1442 854 1492; x_wconf 87' lang='lat' dir='ltr'>vidimus,</span> <span class='ocrx_word' id='word_1_207' title='bbox 885 1445 934 1482; x_wconf 88' lang='lat' dir='ltr'>ab</span> <span class='ocrx_word' id='word_1_208' title='bbox 957 1446 1141 1483; x_wconf 90' lang='lat' dir='ltr'>Heraclio</span> <span class='ocrx_word' id='word_1_209' title='bbox 1161 1452 1318 1496; x_wconf 81' lang='lat' dir='ltr'>captam</span> <span class='ocrx_word' id='word_1_210' title='bbox 1338 1447 1537 1484; x_wconf 88' lang='lat' dir='ltr'>Gazacum</span> <span class='ocrx_word' id='word_1_211' title='bbox 1561 1447 1629 1495; x_wconf 88' lang='lat' dir='ltr'>ait,</span> 
     </span>
     <span class='ocr_line' id='line_1_24' title="bbox 173 1496 1631 1558; baseline 0.006 -25"><span class='ocrx_word' id='word_1_212' title='bbox 173 1505 212 1535; x_wconf 90' lang='lat' dir='ltr'>et</span> <span class='ocrx_word' id='word_1_213' title='bbox 235 1496 378 1535; x_wconf 88' lang='lat' dir='ltr'>deinde</span> <span class='ocrx_word' id='word_1_214' title='bbox 395 1499 625 1550; x_wconf 87' lang='lat' dir='ltr'>subiungit.</span> <span class='ocrx_word' id='word_1_215' title='bbox 654 1499 724 1540; x_wconf 80' lang='grc' dir='ltr'><em>καὶ</em></span> <span class='ocrx_word' id='word_1_216' title='bbox 744 1498 938 1541; x_wconf 74' lang='grc' dir='ltr'><em>εἰσελθών</em></span> <span class='ocrx_word' id='word_1_217' title='bbox 958 1501 1003 1541; x_wconf 80' lang='grc' dir='ltr'>ἐν</span> <span class='ocrx_word' id='word_1_218' title='bbox 1023 1499 1128 1558; x_wconf 78' lang='grc' dir='ltr'><em>αὐτῇ</em></span> <span class='ocrx_word' id='word_1_219' title='bbox 1151 1517 1241 1555; x_wconf 88' lang='grc' dir='ltr'><em>ευρε</em></span> <span class='ocrx_word' id='word_1_220' title='bbox 1258 1499 1303 1542; x_wconf 82' lang='grc' dir='ltr'>το“</span> <span class='ocrx_word' id='word_1_221' title='bbox 1321 1500 1502 1555; x_wconf 79' lang='grc' dir='ltr'><em>μυσαρὸν</em></span> <span class='ocrx_word' id='word_1_222' title='bbox 1519 1503 1631 1543; x_wconf 79' lang='grc' dir='ltr'><em>εἷ’-δω</em></span> 
     </span>
     <span class='ocr_line' id='line_1_25' title="bbox 173 1543 1633 1630; baseline 0.004 -36"><span class='ocrx_word' id='word_1_223' title='bbox 173 1557 246 1594; x_wconf 81' lang='grc' dir='ltr'>λον</span> <span class='ocrx_word' id='word_1_224' title='bbox 262 1556 336 1594; x_wconf 83' lang='grc' dir='ltr'>τοῦ</span> <span class='ocrx_word' id='word_1_225' title='bbox 352 1551 549 1608; x_wconf 84' lang='grc' dir='ltr'><em>Χοσρόου,</em></span> <span class='ocrx_word' id='word_1_226' title='bbox 574 1550 621 1596; x_wconf 84' lang='grc' dir='ltr'>τό</span> <span class='ocrx_word' id='word_1_227' title='bbox 640 1571 681 1596; x_wconf 91' lang='grc' dir='ltr'>τε</span> <span class='ocrx_word' id='word_1_228' title='bbox 676 1552 926 1625; x_wconf 79' lang='grc' dir='ltr'><em>ἔκτύπωμα</em></span> <span class='ocrx_word' id='word_1_229' title='bbox 934 1553 1061 1598; x_wconf 67' lang='grc' dir='ltr'><em>αὐτοῦ</em></span> <span class='ocrx_word' id='word_1_230' title='bbox 1076 1543 1120 1599; x_wconf 80' lang='grc' dir='ltr'>ἐν</span> <span class='ocrx_word' id='word_1_231' title='bbox 1138 1561 1188 1630; x_wconf 83' lang='grc' dir='ltr'>τῇ</span> <span class='ocrx_word' id='word_1_232' title='bbox 1205 1561 1282 1599; x_wconf 80' lang='grc' dir='ltr'>τοῦ</span> <span class='ocrx_word' id='word_1_233' title='bbox 1299 1561 1492 1600; x_wconf 77' lang='grc' dir='ltr'><em>παλατίου</em></span> <span class='ocrx_word' id='word_1_234' title='bbox 1513 1572 1633 1610; x_wconf 82' lang='grc' dir='ltr'><em>σφαι-</em></span> 
     </span>
     <span class='ocr_line' id='line_1_26' title="bbox 173 1609 1632 1682; baseline 0.005 -32"><span class='ocrx_word' id='word_1_235' title='bbox 173 1611 322 1676; x_wconf 83' lang='grc' dir='ltr'><em>ροειδεῐ</em></span> <span class='ocrx_word' id='word_1_236' title='bbox 344 1610 478 1682; x_wconf 75' lang='grc' dir='ltr'><em>στέγῃ</em></span> <span class='ocrx_word' id='word_1_237' title='bbox 489 1627 543 1660; x_wconf 87' lang='grc' dir='ltr'>ως</span> <span class='ocrx_word' id='word_1_238' title='bbox 570 1611 614 1652; x_wconf 70' lang='grc' dir='ltr'>ἐν</span> <span class='ocrx_word' id='word_1_239' title='bbox 635 1609 797 1668; x_wconf 82' lang='grc' dir='ltr'><em>ου’ρανῷ</em></span> <span class='ocrx_word' id='word_1_240' title='bbox 815 1609 1066 1667; x_wconf 79' lang='grc' dir='ltr'><em>καθήμενον,</em></span> <span class='ocrx_word' id='word_1_241' title='bbox 1094 1614 1163 1655; x_wconf 84' lang='grc' dir='ltr'><em>καὶ</em></span> <span class='ocrx_word' id='word_1_242' title='bbox 1172 1614 1272 1667; x_wconf 83' lang='grc' dir='ltr'><em>περὶ</em></span> <span class='ocrx_word' id='word_1_243' title='bbox 1288 1618 1406 1656; x_wconf 79' lang='grc' dir='ltr'><em>τοῦτο</em></span> <span class='ocrx_word' id='word_1_244' title='bbox 1426 1613 1544 1668; x_wconf 80' lang='grc' dir='ltr'><em>ἥλιον</em></span> <span class='ocrx_word' id='word_1_245' title='bbox 1562 1615 1632 1658; x_wconf 79' lang='grc' dir='ltr'><em>καὶ</em></span> 
     </span>
     <span class='ocr_line' id='line_1_27' title="bbox 173 1663 1633 1740; baseline 0.004 -34"><span class='ocrx_word' id='word_1_246' title='bbox 173 1663 347 1719; x_wconf 75' lang='grc' dir='ltr'><em>σελήνην</em></span> <span class='ocrx_word' id='word_1_247' title='bbox 367 1667 433 1708; x_wconf 82' lang='grc' dir='ltr'><em>καὶ</em></span> <span class='ocrx_word' id='word_1_248' title='bbox 451 1665 597 1721; x_wconf 76' lang='grc' dir='ltr'><em>ἄστρα,</em></span> <span class='ocrx_word' id='word_1_249' title='bbox 628 1665 730 1716; x_wconf 68' lang='grc' dir='ltr'>οἷς’</span> <span class='ocrx_word' id='word_1_250' title='bbox 706 1685 728 1710; x_wconf 91' lang='lat' dir='ltr'>o</span> <span class='ocrx_word' id='word_1_251' title='bbox 749 1671 1005 1723; x_wconf 82' lang='grc' dir='ltr'><em>δεισιδαίμων</em></span> <span class='ocrx_word' id='word_1_252' title='bbox 1026 1670 1080 1719; x_wconf 75' lang='grc' dir='ltr'><em>αἷς</em></span> <span class='ocrx_word' id='word_1_253' title='bbox 1098 1675 1212 1720; x_wconf 84' lang='grc' dir='ltr'><em>θεοῖς</em></span> <span class='ocrx_word' id='word_1_254' title='bbox 1233 1669 1437 1740; x_wconf 47' lang='grc' dir='ltr'><em>ἐλάτρευεζ</em></span> <span class='ocrx_word' id='word_1_255' title='bbox 1465 1673 1531 1714; x_wconf 82' lang='grc' dir='ltr'><em>καὶ</em></span> <span class='ocrx_word' id='word_1_256' title='bbox 1558 1668 1633 1739; x_wconf 79' lang='grc' dir='ltr'><em>οἶγ-</em></span> 
     </span>
     <span class='ocr_line' id='line_1_28' title="bbox 174 1719 1633 1794; baseline 0.003 -30"><span class='ocrx_word' id='word_1_257' title='bbox 174 1722 312 1776; x_wconf 79' lang='grc' dir='ltr'><strong><em>γέλους</em></strong></span> <span class='ocrx_word' id='word_1_258' title='bbox 330 1719 439 1792; x_wconf 70' lang='grc' dir='ltr'><em>αὐτῷ</em></span> <span class='ocrx_word' id='word_1_259' title='bbox 457 1721 764 1790; x_wconf 74' lang='grc' dir='ltr'><em>σκηπτοφὸρους</em></span> <span class='ocrx_word' id='word_1_260' title='bbox 779 1725 1054 1779; x_wconf 79' lang='grc' dir='ltr'><em>περιέστησεν·</em></span> <span class='ocrx_word' id='word_1_261' title='bbox 1085 1727 1243 1768; x_wconf 77' lang='grc' dir='ltr'><em>ἐκεῖθέν</em></span> <span class='ocrx_word' id='word_1_262' title='bbox 1262 1743 1303 1768; x_wconf 91' lang='grc' dir='ltr'>τε</span> <span class='ocrx_word' id='word_1_263' title='bbox 1323 1730 1513 1794; x_wconf 81' lang='grc' dir='ltr'><em>σταγόνας</em></span> <span class='ocrx_word' id='word_1_264' title='bbox 1537 1742 1633 1769; x_wconf 91' lang='grc' dir='ltr'><em>στα-</em></span> 
     </span>
     <span class='ocr_line' id='line_1_29' title="bbox 175 1779 1634 1837; baseline 0.005 -19"><span class='ocrx_word' id='word_1_265' title='bbox 175 1781 255 1828; x_wconf 79' lang='grc' dir='ltr'><em>ζειν</em></span> <span class='ocrx_word' id='word_1_266' title='bbox 274 1794 329 1826; x_wconf 87' lang='grc' dir='ltr'>ως</span> <span class='ocrx_word' id='word_1_267' title='bbox 348 1795 511 1828; x_wconf 82' lang='grc' dir='ltr'><em>υετους,</em></span> <span class='ocrx_word' id='word_1_268' title='bbox 547 1780 614 1820; x_wconf 80' lang='grc' dir='ltr'><em>καὶ</em></span> <span class='ocrx_word' id='word_1_269' title='bbox 633 1779 758 1832; x_wconf 81' lang='grc' dir='ltr'><strong><em>ἤχους</em></strong></span> <span class='ocrx_word' id='word_1_270' title='bbox 777 1797 831 1829; x_wconf 87' lang='grc' dir='ltr'>ως</span> <span class='ocrx_word' id='word_1_271' title='bbox 848 1780 1020 1834; x_wconf 75' lang='grc' dir='ltr'><em>βροντὰς</em></span> <span class='ocrx_word' id='word_1_272' title='bbox 1038 1779 1305 1835; x_wconf 78' lang='grc' dir='ltr'><em>ἕξηχεῖσθαι</em></span> <span class='ocrx_word' id='word_1_273' title='bbox 1285 1800 1306 1825; x_wconf 93' lang='grc' dir='ltr'>ο</span> <span class='ocrx_word' id='word_1_274' title='bbox 1327 1781 1530 1837; x_wconf 70' lang='grc' dir='ltr'><em>θεομαχος</em></span> <span class='ocrx_word' id='word_1_275' title='bbox 1548 1790 1634 1834; x_wconf 83' lang='grc' dir='ltr'><em>ταῖς</em></span> 
     </span>
     <span class='ocr_line' id='line_1_30' title="bbox 175 1834 1634 1892; baseline 0.003 -18"><span class='ocrx_word' id='word_1_276' title='bbox 175 1839 370 1887; x_wconf 84' lang='grc' dir='ltr'><em>μηχαναῖς</em></span> <span class='ocrx_word' id='word_1_277' title='bbox 388 1834 682 1887; x_wconf 79' lang='grc' dir='ltr'><em>ἐπετεχνᾰσατο.</em></span> <span class='ocrx_word' id='word_1_278' title='bbox 712 1838 1013 1876; x_wconf 85' lang='lat' dir='ltr'>celeberrimum</span> <span class='ocrx_word' id='word_1_279' title='bbox 1032 1837 1109 1877; x_wconf 90' lang='lat' dir='ltr'>hoc</span> <span class='ocrx_word' id='word_1_280' title='bbox 1126 1841 1202 1877; x_wconf 90' lang='lat' dir='ltr'>fuit</span> <span class='ocrx_word' id='word_1_281' title='bbox 1220 1839 1418 1878; x_wconf 87' lang='lat' dir='ltr'>Chosroae</span> <span class='ocrx_word' id='word_1_282' title='bbox 1440 1843 1634 1892; x_wconf 86' lang='lat' dir='ltr'>palatium</span> 
     </span>
     <span class='ocr_line' id='line_1_31' title="bbox 176 1891 1628 1947; baseline 0.005 -19"><span class='ocrx_word' id='word_1_283' title='bbox 176 1893 225 1929; x_wconf 87' lang='lat' dir='ltr'>ab</span> <span class='ocrx_word' id='word_1_284' title='bbox 246 1893 428 1929; x_wconf 87' lang='lat' dir='ltr'>Heraclio</span> <span class='ocrx_word' id='word_1_285' title='bbox 449 1891 704 1942; x_wconf 84' lang='lat' dir='ltr'>destructum,</span> <span class='ocrx_word' id='word_1_286' title='bbox 734 1893 783 1931; x_wconf 92' lang='lat' dir='ltr'>de</span> <span class='ocrx_word' id='word_1_287' title='bbox 803 1908 882 1947; x_wconf 91' lang='lat' dir='ltr'>quo</span> <span class='ocrx_word' id='word_1_288' title='bbox 902 1893 1100 1934; x_wconf 89' lang='lat' dir='ltr'>Iohannes</span> <span class='ocrx_word' id='word_1_289' title='bbox 1120 1898 1268 1934; x_wconf 89' lang='lat' dir='ltr'>Tzetza</span> <span class='ocrx_word' id='word_1_290' title='bbox 1291 1897 1463 1934; x_wconf 77' lang='lat' dir='ltr'>Chdiad.</span> <span class='ocrx_word' id='word_1_291' title='bbox 1485 1901 1510 1939; x_wconf 84' lang='lat'><strong>3</strong></span> <span class='ocrx_word' id='word_1_292' title='bbox 1534 1898 1628 1936; x_wconf 71' lang='lat' dir='ltr'>hist.</span> 
     </span>
     <span class='ocr_line' id='line_1_32' title="bbox 177 1950 1632 2005; baseline 0.005 -21"><span class='ocrx_word' id='word_1_293' title='bbox 177 1950 230 1989; x_wconf 90' lang='lat'>66</span> <span class='ocrx_word' id='word_1_294' title='bbox 251 1950 305 1986; x_wconf 89' lang='lat' dir='ltr'>ait</span> <span class='ocrx_word' id='word_1_295' title='bbox 325 1950 570 1986; x_wconf 83' lang='lat' dir='ltr'>mentionem</span> <span class='ocrx_word' id='word_1_296' title='bbox 588 1950 755 1988; x_wconf 66' lang='lat' dir='ltr'>fecisse·</span> <span class='ocrx_word' id='word_1_297' title='bbox 744 1964 787 1987; x_wconf 90' lang='grc'>111</span> <span class='ocrx_word' id='word_1_298' title='bbox 803 1950 977 2003; x_wconf 86' lang='lat' dir='ltr'>quodam</span> <span class='ocrx_word' id='word_1_299' title='bbox 997 1965 1068 1989; x_wconf 91' lang='lat' dir='ltr'>suo</span> <span class='ocrx_word' id='word_1_300' title='bbox 1087 1955 1286 2004; x_wconf 69' lang='grc'>11081113110</span> <span class='ocrx_word' id='word_1_301' title='bbox 1306 1954 1355 1990; x_wconf 87' lang='lat' dir='ltr'>de</span> <span class='ocrx_word' id='word_1_302' title='bbox 1372 1954 1550 2005; x_wconf 83' lang='lat' dir='ltr'>Templo,</span> <span class='ocrx_word' id='word_1_303' title='bbox 1569 1962 1632 1992; x_wconf 86' lang='lat' dir='ltr'>at-</span> 
     </span>
     <span class='ocr_line' id='line_1_33' title="bbox 177 2007 1633 2061; baseline 0.005 -20"><span class='ocrx_word' id='word_1_304' title='bbox 177 2018 253 2056; x_wconf 92' lang='lat' dir='ltr'>que</span> <span class='ocrx_word' id='word_1_305' title='bbox 269 2019 322 2042; x_wconf 87' lang='lat' dir='ltr'>ex</span> <span class='ocrx_word' id='word_1_306' title='bbox 342 2019 388 2042; x_wconf 92' lang='lat' dir='ltr'>eo</span> <span class='ocrx_word' id='word_1_307' title='bbox 405 2013 558 2057; x_wconf 88' lang='lat' dir='ltr'>septem</span> <span class='ocrx_word' id='word_1_308' title='bbox 576 2007 667 2044; x_wconf 91' lang='lat' dir='ltr'>illos</span> <span class='ocrx_word' id='word_1_309' title='bbox 685 2009 860 2045; x_wconf 88' lang='lat' dir='ltr'>senarios</span> <span class='ocrx_word' id='word_1_310' title='bbox 876 2009 1038 2059; x_wconf 86' lang='lat' dir='ltr'>profert,</span> <span class='ocrx_word' id='word_1_311' title='bbox 1058 2010 1336 2061; x_wconf 84' lang='lat' dir='ltr'>quosAllatius</span> <span class='ocrx_word' id='word_1_312' title='bbox 1353 2017 1501 2048; x_wconf 90' lang='lat' dir='ltr'>temere</span> <span class='ocrx_word' id='word_1_313' title='bbox 1519 2013 1633 2049; x_wconf 85' lang='lat' dir='ltr'>attri-</span> 
     </span>
     <span class='ocr_line' id='line_1_34' title="bbox 176 2061 1631 2131; baseline 0.006 -33"><span class='ocrx_word' id='word_1_314' title='bbox 176 2062 261 2099; x_wconf 89' lang='lat' dir='ltr'>buit</span> <span class='ocrx_word' id='word_1_315' title='bbox 281 2061 465 2099; x_wconf 83' lang='lat' dir='ltr'>Pisidae:</span> <span class='ocrx_word' id='word_1_316' title='bbox 506 2063 601 2101; x_wconf 80' lang='lat' dir='ltr'>satis</span> <span class='ocrx_word' id='word_1_317' title='bbox 625 2064 732 2100; x_wconf 91' lang='lat' dir='ltr'>enim</span> <span class='ocrx_word' id='word_1_318' title='bbox 741 2072 883 2131; x_wconf 88' lang='lat' dir='ltr'>aperte</span> <span class='ocrx_word' id='word_1_319' title='bbox 909 2065 966 2101; x_wconf 92' lang='lat' dir='ltr'>ibi</span> <span class='ocrx_word' id='word_1_320' title='bbox 982 2066 1130 2103; x_wconf 90' lang='lat' dir='ltr'>Tzetza</span> <span class='ocrx_word' id='word_1_321' title='bbox 1150 2064 1199 2103; x_wconf 91' lang='lat' dir='ltr'>de</span> <span class='ocrx_word' id='word_1_322' title='bbox 1219 2080 1262 2104; x_wconf 90' lang='lat' dir='ltr'>se</span> <span class='ocrx_word' id='word_1_323' title='bbox 1284 2067 1474 2118; x_wconf 90' lang='lat' dir='ltr'>loquitur.</span> <span class='ocrx_word' id='word_1_324' title='bbox 1531 2081 1631 2120; x_wconf 85' lang='grc'>(11103</span> 
     </span>
     <span class='ocr_line' id='line_1_35' title="bbox 176 2117 1630 2176; baseline 0.005 -21"><span class='ocrx_word' id='word_1_325' title='bbox 176 2117 340 2170; x_wconf 90' lang='lat' dir='ltr'>quidem</span> <span class='ocrx_word' id='word_1_326' title='bbox 362 2119 539 2168; x_wconf 87' lang='lat' dir='ltr'>iambos,</span> <span class='ocrx_word' id='word_1_327' title='bbox 576 2127 621 2157; x_wconf 89' lang='lat' dir='ltr'>ut</span> <span class='ocrx_word' id='word_1_328' title='bbox 650 2122 813 2158; x_wconf 87' lang='lat' dir='ltr'>coniicio</span> <span class='ocrx_word' id='word_1_329' title='bbox 827 2150 838 2170; x_wconf 91' lang='lat'>,</span> <span class='ocrx_word' id='word_1_330' title='bbox 877 2123 1025 2159; x_wconf 90' lang='lat' dir='ltr'>Tzetza</span> <span class='ocrx_word' id='word_1_331' title='bbox 1054 2125 1275 2174; x_wconf 88' lang='lat' dir='ltr'>composuit</span> <span class='ocrx_word' id='word_1_332' title='bbox 1297 2125 1340 2160; x_wconf 89' lang='lat' dir='ltr'>in</span> <span class='ocrx_word' id='word_1_333' title='bbox 1362 2122 1523 2161; x_wconf 92' lang='lat' dir='ltr'>laudem</span> <span class='ocrx_word' id='word_1_334' title='bbox 1539 2127 1630 2176; x_wconf 83' lang='lat' dir='ltr'>piae</span> 
     </span>
     <span class='ocr_line' id='line_1_36' title="bbox 177 2174 1633 2231; baseline 0.005 -20"><span class='ocrx_word' id='word_1_335' title='bbox 177 2174 383 2213; x_wconf 87' lang='lat' dir='ltr'>cuiusdam</span> <span class='ocrx_word' id='word_1_336' title='bbox 401 2176 679 2226; x_wconf 87' lang='lat' dir='ltr'>imperatricis,</span> <span class='ocrx_word' id='word_1_337' title='bbox 711 2190 812 2229; x_wconf 84' lang='lat' dir='ltr'>quae</span> <span class='ocrx_word' id='word_1_338' title='bbox 830 2178 1089 2229; x_wconf 76' lang='lat' dir='ltr'>magnificum</span> <span class='ocrx_word' id='word_1_339' title='bbox 1105 2180 1300 2231; x_wconf 91' lang='lat' dir='ltr'>templum</span> <span class='ocrx_word' id='word_1_340' title='bbox 1319 2179 1528 2219; x_wconf 85' lang='lat' dir='ltr'>artificioso</span> <span class='ocrx_word' id='word_1_341' title='bbox 1548 2182 1633 2220; x_wconf 89' lang='lat' dir='ltr'>for-</span> 
     </span>
     <span class='ocr_line' id='line_1_37' title="bbox 177 2232 1632 2285; baseline 0.005 -18"><span class='ocrx_word' id='word_1_342' title='bbox 177 2232 278 2271; x_wconf 87' lang='grc'>11108</span> <span class='ocrx_word' id='word_1_343' title='bbox 286 2237 470 2268; x_wconf 85' lang='lat' dir='ltr'>ornatum</span> <span class='ocrx_word' id='word_1_344' title='bbox 483 2235 748 2283; x_wconf 83' lang='lat' dir='ltr'>exstruxerit,</span> <span class='ocrx_word' id='word_1_345' title='bbox 770 2247 815 2271; x_wconf 92' lang='lat' dir='ltr'>ac</span> <span class='ocrx_word' id='word_1_346' title='bbox 834 2234 1000 2285; x_wconf 83' lang='lat' dir='ltr'>proinde</span> <span class='ocrx_word' id='word_1_347' title='bbox 1018 2234 1301 2273; x_wconf 86' lang='lat' dir='ltr'>Archimedem</span> <span class='ocrx_word' id='word_1_348' title='bbox 1316 2235 1467 2274; x_wconf 89' lang='lat' dir='ltr'>inducit</span> <span class='ocrx_word' id='word_1_349' title='bbox 1483 2239 1632 2276; x_wconf 89' lang='lat' dir='ltr'>mulie-</span> 
     </span>
     <span class='ocr_line' id='line_1_38' title="bbox 178 2288 1630 2346; baseline 0.006 -22"><span class='ocrx_word' id='word_1_350' title='bbox 178 2289 231 2326; x_wconf 87' lang='lat' dir='ltr'>ris</span> <span class='ocrx_word' id='word_1_351' title='bbox 248 2288 409 2338; x_wconf 86' lang='lat' dir='ltr'>ingenio</span> <span class='ocrx_word' id='word_1_352' title='bbox 429 2289 535 2325; x_wconf 82' lang='lat' dir='ltr'>vinci</span> <span class='ocrx_word' id='word_1_353' title='bbox 559 2302 601 2327; x_wconf 88' lang='lat' dir='ltr'>se</span> <span class='ocrx_word' id='word_1_354' title='bbox 623 2291 872 2328; x_wconf 85' lang='lat' dir='ltr'>clamantem.</span> <span class='ocrx_word' id='word_1_355' title='bbox 930 2293 973 2329; x_wconf 86' lang='lat' dir='ltr'>in</span> <span class='ocrx_word' id='word_1_356' title='bbox 993 2294 1121 2343; x_wconf 87' lang='lat' dir='ltr'>primo</span> <span class='ocrx_word' id='word_1_357' title='bbox 1142 2294 1250 2330; x_wconf 88' lang='grc'>8111111</span> <span class='ocrx_word' id='word_1_358' title='bbox 1270 2295 1441 2330; x_wconf 82' lang='lat' dir='ltr'>Tzetzae</span> <span class='ocrx_word' id='word_1_359' title='bbox 1461 2297 1630 2346; x_wconf 86' lang='lat' dir='ltr'>senario,</span> 
     </span>
     <span class='ocr_line' id='line_1_39' title="bbox 177 2316 1632 2400; baseline 0.007 -20"><span class='ocrx_word' id='word_1_360' title='bbox 177 2343 286 2396; x_wconf 91' lang='lat' dir='ltr'>quod</span> <span class='ocrx_word' id='word_1_361' title='bbox 292 2316 432 2381; x_wconf 53' lang='lat' dir='ltr'>2’obiter</span> <span class='ocrx_word' id='word_1_362' title='bbox 452 2343 594 2394; x_wconf 85' lang='lat' dir='ltr'>dicam,</span> <span class='ocrx_word' id='word_1_363' title='bbox 610 2346 711 2383; x_wconf 84' lang='lat' dir='ltr'>illud</span> <span class='ocrx_word' id='word_1_364' title='bbox 727 2344 828 2399; x_wconf 80' lang='grc' dir='ltr'><em>πρὸς</em></span> <span class='ocrx_word' id='word_1_365' title='bbox 847 2343 971 2389; x_wconf 74' lang='grc' dir='ltr'><em>αὕτόν</em></span> <span class='ocrx_word' id='word_1_366' title='bbox 988 2347 1040 2385; x_wconf 89' lang='lat' dir='ltr'>ad</span> <span class='ocrx_word' id='word_1_367' title='bbox 1058 2365 1159 2390; x_wconf 87' lang='grc' dir='ltr'><em>ναον</em></span> <span class='ocrx_word' id='word_1_368' title='bbox 1178 2350 1368 2400; x_wconf 79' lang='lat' dir='ltr'>templum</span> <span class='ocrx_word' id='word_1_369' title='bbox 1379 2350 1632 2390; x_wconf 88' lang='lat' dir='ltr'>referendum</span> 
     </span>
     <span class='ocr_line' id='line_1_40' title="bbox 178 2400 1630 2457; baseline 0.006 -20"><span class='ocrx_word' id='word_1_370' title='bbox 178 2407 258 2448; x_wconf 89' lang='lat' dir='ltr'>est,</span> <span class='ocrx_word' id='word_1_371' title='bbox 295 2407 334 2437; x_wconf 87' lang='lat' dir='ltr'>et</span> <span class='ocrx_word' id='word_1_372' title='bbox 354 2400 575 2442; x_wconf 80' lang='grc' dir='ltr'><em>ἐπιτίθεται</em></span> <span class='ocrx_word' id='word_1_373' title='bbox 597 2403 662 2440; x_wconf 85' lang='lat' dir='ltr'>vel</span> <span class='ocrx_word' id='word_1_374' title='bbox 690 2402 800 2440; x_wconf 90' lang='lat' dir='ltr'>aliud</span> <span class='ocrx_word' id='word_1_375' title='bbox 824 2403 1003 2442; x_wconf 89' lang='lat' dir='ltr'>eiusdem</span> <span class='ocrx_word' id='word_1_376' title='bbox 1029 2406 1327 2457; x_wconf 87' lang='lat' dir='ltr'>significationis</span> <span class='ocrx_word' id='word_1_377' title='bbox 1348 2407 1514 2445; x_wconf 86' lang='lat' dir='ltr'>verbum</span> <span class='ocrx_word' id='word_1_378' title='bbox 1534 2409 1630 2446; x_wconf 90' lang='lat' dir='ltr'>sub-</span> 
     </span>
     <span class='ocr_line' id='line_1_41' title="bbox 176 2455 857 2495; baseline 0.004 -1"><span class='ocrx_word' id='word_1_379' title='bbox 176 2455 419 2494; x_wconf 62' lang='lat' dir='ltr'>audiendum</span> <span class='ocrx_word' id='word_1_380' title='bbox 438 2464 512 2495; x_wconf 85' lang='lat' dir='ltr'>est.</span> <span class='ocrx_word' id='word_1_381' title='bbox 851 2486 857 2494; x_wconf 50' lang='grc' dir='ltr'><em>ι</em></span> 
     </span>
    </p>

    <p class='ocr_par' dir='ltr' id='par_1_4' title="bbox 290 2513 1637 2588">
     <span class='ocr_line' id='line_1_42' title="bbox 290 2513 1637 2588; baseline 0.01 -39"><span class='ocrx_word' id='word_1_382' title='bbox 290 2513 359 2555; x_wconf 80' lang='lat'>25.</span> <span class='ocrx_word' id='word_1_383' title='bbox 419 2521 462 2551; x_wconf 92' lang='lat' dir='ltr'>ut</span> <span class='ocrx_word' id='word_1_384' title='bbox 488 2515 594 2551; x_wconf 88' lang='grc'>8111111</span> <span class='ocrx_word' id='word_1_385' title='bbox 620 2513 730 2552; x_wconf 84' lang='grc'>1(18111</span> <span class='ocrx_word' id='word_1_386' title='bbox 750 2515 951 2556; x_wconf 89' lang='lat' dir='ltr'>Cedrenus</span> <span class='ocrx_word' id='word_1_387' title='bbox 981 2517 1134 2556; x_wconf 89' lang='lat' dir='ltr'>ibidem</span> <span class='ocrx_word' id='word_1_388' title='bbox 1163 2519 1239 2566; x_wconf 83' lang='lat' dir='ltr'>ait,</span> <span class='ocrx_word' id='word_1_389' title='bbox 1273 2520 1395 2559; x_wconf 80' lang='grc' dir='ltr'><em>ταῦτα</em></span> <span class='ocrx_word' id='word_1_390' title='bbox 1416 2523 1517 2588; x_wconf 75' lang='grc' dir='ltr'><em>γοῦν</em></span> <span class='ocrx_word' id='word_1_391' title='bbox 1537 2522 1637 2575; x_wconf 82' lang='grc' dir='ltr'><em>πυρὶ</em></span> 
     </span>
    </p>
   </div>
   <div class='ocr_carea' id='block_1_3' title="bbox 180 2564 1632 2628">
    <p class='ocr_par' dir='ltr' id='par_1_5' title="bbox 180 2564 1632 2628">
     <span class='ocr_line' id='line_1_43' title="bbox 180 2564 1632 2628; baseline 0.006 -20"><span class='ocrx_word' id='word_1_392' title='bbox 180 2564 384 2619; x_wconf 80' lang='grc' dir='ltr'><em>ανάλωσε,</em></span> <span class='ocrx_word' id='word_1_393' title='bbox 413 2586 480 2610; x_wconf 86' lang='grc' dir='ltr'><em>και</em></span> <span class='ocrx_word' id='word_1_394' title='bbox 499 2568 565 2611; x_wconf 78' lang='grc' dir='ltr'>τὸν</span> <span class='ocrx_word' id='word_1_395' title='bbox 580 2574 653 2611; x_wconf 79' lang='grc' dir='ltr'>τοῦ</span> <span class='ocrx_word' id='word_1_396' title='bbox 674 2569 801 2624; x_wconf 84' lang='grc' dir='ltr'><em>πυρὸς</em></span> <span class='ocrx_word' id='word_1_397' title='bbox 819 2589 915 2614; x_wconf 91' lang='grc' dir='ltr'><em>ναον</em></span> <span class='ocrx_word' id='word_1_398' title='bbox 934 2574 1151 2615; x_wconf 83' lang='grc' dir='ltr'><em>κατέκαυσε</em></span> <span class='ocrx_word' id='word_1_399' title='bbox 1171 2574 1238 2614; x_wconf 81' lang='grc' dir='ltr'><em>καὶ</em></span> <span class='ocrx_word' id='word_1_400' title='bbox 1255 2578 1390 2615; x_wconf 79' lang='grc' dir='ltr'><em>πᾶσαν</em></span> <span class='ocrx_word' id='word_1_401' title='bbox 1409 2574 1484 2628; x_wconf 79' lang='grc' dir='ltr'>τὴν</span> <span class='ocrx_word' id='word_1_402' title='bbox 1502 2576 1632 2619; x_wconf 77' lang='grc' dir='ltr'><em>πόλιν</em></span> 
     </span>
    </p>
   </div>
   <div class='ocr_carea' id='block_1_4' title="bbox 179 2626 1634 2737">
    <p class='ocr_par' dir='ltr' id='par_1_6' title="bbox 179 2626 1634 2737">
     <span class='ocr_line' id='line_1_44' title="bbox 289 2626 1634 2684; baseline 0.003 -18"><span class='ocrx_word' id='word_1_403' title='bbox 289 2628 359 2666; x_wconf 82' lang='lat'>26.</span> <span class='ocrx_word' id='word_1_404' title='bbox 416 2640 549 2665; x_wconf 88' lang='lat' dir='ltr'>rursus</span> <span class='ocrx_word' id='word_1_405' title='bbox 565 2626 781 2666; x_wconf 87' lang='lat' dir='ltr'>Chosroam</span> <span class='ocrx_word' id='word_1_406' title='bbox 802 2638 1002 2681; x_wconf 88' lang='lat' dir='ltr'>comparat</span> <span class='ocrx_word' id='word_1_407' title='bbox 1018 2633 1157 2681; x_wconf 82' lang='lat' dir='ltr'>Xerxi,</span> <span class='ocrx_word' id='word_1_408' title='bbox 1183 2630 1231 2668; x_wconf 87' lang='lat' dir='ltr'>de</span> <span class='ocrx_word' id='word_1_409' title='bbox 1249 2644 1328 2684; x_wconf 92' lang='lat' dir='ltr'>quo</span> <span class='ocrx_word' id='word_1_410' title='bbox 1345 2633 1460 2683; x_wconf 83' lang='lat' dir='ltr'>plura</span> <span class='ocrx_word' id='word_1_411' title='bbox 1480 2647 1503 2671; x_wconf 90' lang='lat' dir='ltr'>a</span> <span class='ocrx_word' id='word_1_412' title='bbox 1519 2635 1634 2672; x_wconf 89' lang='lat' dir='ltr'>nobis</span> 
     </span>
     <span class='ocr_line' id='line_1_45' title="bbox 179 2680 863 2737; baseline 0.006 -19"><span class='ocrx_word' id='word_1_413' title='bbox 179 2680 283 2718; x_wconf 84' lang='lat' dir='ltr'>dicta</span> <span class='ocrx_word' id='word_1_414' title='bbox 303 2681 351 2718; x_wconf 85' lang='lat' dir='ltr'>de</span> <span class='ocrx_word' id='word_1_415' title='bbox 367 2683 521 2733; x_wconf 79' lang='lat' dir='ltr'>Exped.</span> <span class='ocrx_word' id='word_1_416' title='bbox 546 2687 574 2725; x_wconf 82' lang='lat'>2</span> <span class='ocrx_word' id='word_1_417' title='bbox 598 2686 677 2726; x_wconf 84' lang='lat'>308</span> <span class='ocrx_word' id='word_1_418' title='bbox 702 2692 740 2721; x_wconf 82' lang='lat' dir='ltr'>et</span> <span class='ocrx_word' id='word_1_419' title='bbox 757 2699 863 2737; x_wconf 76' lang='lat' dir='ltr'>seqq.</span> 
     </span>
    </p>
   </div>
   <div class='ocr_carea' id='block_1_5' title="bbox 179 2739 1634 2854">
    <p class='ocr_par' dir='ltr' id='par_1_7' title="bbox 179 2739 1634 2854">
     <span class='ocr_line' id='line_1_46' title="bbox 291 2739 1634 2795; baseline 0.006 -20"><span class='ocrx_word' id='word_1_420' title='bbox 291 2740 358 2778; x_wconf 83' lang='grc'>28.</span> <span class='ocrx_word' id='word_1_421' title='bbox 417 2739 551 2776; x_wconf 87' lang='lat' dir='ltr'>confer</span> <span class='ocrx_word' id='word_1_422' title='bbox 575 2739 727 2777; x_wconf 89' lang='lat' dir='ltr'>ibidem</span> <span class='ocrx_word' id='word_1_423' title='bbox 746 2755 784 2778; x_wconf 86' lang='lat' dir='ltr'>v.</span> <span class='ocrx_word' id='word_1_424' title='bbox 801 2745 901 2784; x_wconf 80' lang='lat'><strong>316.</strong></span> <span class='ocrx_word' id='word_1_425' title='bbox 960 2742 1069 2795; x_wconf 91' lang='lat' dir='ltr'>quod</span> <span class='ocrx_word' id='word_1_426' title='bbox 1094 2741 1230 2780; x_wconf 90' lang='lat' dir='ltr'>Pisida</span> <span class='ocrx_word' id='word_1_427' title='bbox 1258 2741 1373 2792; x_wconf 89' lang='lat' dir='ltr'>dicit,</span> <span class='ocrx_word' id='word_1_428' title='bbox 1419 2743 1634 2783; x_wconf 85' lang='lat' dir='ltr'>Chosroam</span> 
     </span>
     <span class='ocr_line' id='line_1_47' title="bbox 179 2792 1633 2854; baseline 0.004 -21"><span class='ocrx_word' id='word_1_429' title='bbox 179 2807 378 2847; x_wconf 80' lang='grc' dir='ltr'><em>πετρωσαι</em></span> <span class='ocrx_word' id='word_1_430' title='bbox 398 2792 462 2836; x_wconf 80' lang='grc' dir='ltr'>τὸν</span> <span class='ocrx_word' id='word_1_431' title='bbox 480 2793 629 2847; x_wconf 81' lang='grc' dir='ltr'><em>βυθόν,</em></span> <span class='ocrx_word' id='word_1_432' title='bbox 654 2796 704 2834; x_wconf 83' lang='lat' dir='ltr'>ad</span> <span class='ocrx_word' id='word_1_433' title='bbox 724 2798 875 2836; x_wconf 81' lang='lat' dir='ltr'>bellum</span> <span class='ocrx_word' id='word_1_434' title='bbox 892 2799 1106 2837; x_wconf 86' lang='lat' dir='ltr'>Abaricum</span> <span class='ocrx_word' id='word_1_435' title='bbox 1125 2806 1183 2837; x_wconf 87' lang='lat' dir='ltr'>est</span> <span class='ocrx_word' id='word_1_436' title='bbox 1201 2800 1464 2850; x_wconf 85' lang='lat' dir='ltr'>referendum,</span> <span class='ocrx_word' id='word_1_437' title='bbox 1490 2801 1538 2838; x_wconf 91' lang='lat' dir='ltr'>de</span> <span class='ocrx_word' id='word_1_438' title='bbox 1556 2814 1633 2854; x_wconf 86' lang='lat' dir='ltr'>quo</span> 
     </span>
    </p>
   </div>
  </div>
 </body>
</html>
