1890 3224
548 164 808 209 PERSICAE
840 163 1112 208 ACROASIN
1143 163 1219 208 111.
1511 163 1604 209 113

157 278 283 326 enim,
323 275 434 329 quod
456 274 505 314 de
525 275 680 327 Sibylla
698 276 871 314 Cumaea
887 275 1075 327 Virgilius
1095 276 1199 314 Aen.
1219 277 1246 317 6
1276 275 1352 323 99,
1393 272 1443 312 de
1461 272 1608 327 Pythia

157 335 246 387 quis
275 332 446 372 dixerit:
485 332 703 370 horrendas
725 334 834 370 canit
855 331 1062 384 ambages,
1103 339 1295 384 antroque
1312 333 1499 384 remgit,
1540 330 1612 370 ob-

157 392 283 430 scuris
303 404 396 428 vera
418 390 634 428 involvens.
669 404 788 442 ορους
806 389 1050 438 definitiones
1071 390 1268 441 Apollinis
1290 402 1479 441 responsa
1497 396 1613 427 vocat

156 454 310 496 noster,
343 461 390 486 eo
415 446 524 500 quod
542 460 614 498 pro
636 447 854 484 verissimis
875 445 1136 494 haberentur,
1167 447 1202 484 si
1223 453 1328 492 recte
1347 460 1370 484 a
1387 447 1615 498 petentibus

157 505 486 556 intelligerentur.
541 510 587 541 ut
607 504 716 540 enim
734 510 794 541 est
812 504 856 541 in
875 502 1078 555 Euripidis
1098 504 1233 542 Oreste
1251 516 1291 541 v.
1308 505 1404 552 329,
1429 504 1618 557 τρίποδος

158 558 378 614 ἀπόφασιν,
407 558 459 601 ἂν
480 576 502 601 ο
526 560 677 613 Φοῖβος
699 558 845 612 ἔλαχεν,
874 559 998 617 ἔλαχε.

271 621 341 659 22.
397 618 601 655 brevitatis
621 618 748 668 gratia
767 618 824 655 sic
841 618 1046 666 vertimus,
1074 617 1276 669 aliquanto
1295 615 1415 655 latius
1432 616 1619 655 versiculi

159 676 244 712 vim
264 675 559 741 exprimentes.
631 686 714 711 non
751 674 859 712 enim
897 674 1042 712 licebat
1083 672 1333 712 antitheseon
1355 674 1619 712 festivitatem

160 732 296 784 paucis
319 733 451 770 verbis
474 728 722 769 concludere.
781 729 854 769 sed
878 744 973 768 vera
1002 731 1236 782 significatio
1265 729 1366 768 haec
1392 738 1476 769 est:
1507 737 1620 767 tanta

162 796 247 826 erat
264 787 428 827 barbari
444 787 641 834 socordia,
681 794 725 826 ut
755 788 903 839 quoties
926 788 1028 839 qaid
1043 788 1215 840 aggredi
1230 788 1410 834 auderet,
1445 787 1622 839 trepida-

162 852 238 892 ret,
267 853 304 882 et
323 847 472 898 quoties
488 846 532 881 in
552 851 588 881 te
602 851 869 894 procurreret,
887 844 1045 896 sugam
1062 852 1229 895 caperet.

276 905 344 943 23.
402 899 673 953 Theophanes
687 915 735 952 p.
762 899 868 942 255:
902 916 950 940 τα
969 916 1044 954 ορη
1064 901 1278 954 κατέλαβεν
1297 916 1353 949 ως
1373 897 1580 954 δορκαδες.

224 960 232 969 ’
274 961 344 1000 32.
401 957 511 996 idem
533 956 632 995 ibid.
665 956 748 1011 ορῶ
768 971 844 1009 την
861 957 1109 1010 καλλίστιχον
1127 957 1195 998 καὶ
1221 955 1356 1011 σοφὴν
1385 957 1622 1011 στρατηγίαν

164 1010 243 1066 ἀφ’
264 1011 405 1066 υψους
423 1018 504 1055 τῶν
518 1006 731 1065 Ῥωμαίων.

277 1073 345 1112 36.
403 1085 495 1109 cum
519 1083 660 1109 sensus
690 1077 777 1108 tum
793 1071 911 1107 metri
930 1070 1029 1108 ratio
1049 1071 1225 1122 postulat
1243 1077 1288 1108 ut
1309 1071 1465 1135 legatur
1484 1060 1624 1120 ἔμεινε.

164 1123 482 1178 συλλιθούμενος
511 1130 645 1160 autem
670 1123 862 1160 vertimus
888 1126 1049 1173 scopulo
1078 1127 1238 1169 similis,
1278 1127 1461 1177 quamvis
1489 1124 1626 1163 Pisida

166 1182 264 1235 quid
279 1184 409 1220 maius
430 1193 476 1218 ea
494 1192 591 1217 voce
613 1178 871 1230 significavit,
908 1177 1121 1218 ostendens
1140 1181 1302 1228 Persas,
1333 1183 1403 1233 qui
1422 1181 1627 1233 trepidan-

166 1246 226 1278 tes
249 1238 300 1276 ad
318 1251 436 1291 rupes
457 1236 738 1286 confugerant,
777 1235 885 1273 saxis
904 1241 943 1272 et
962 1237 1084 1287 petris
1101 1249 1183 1274 non
1201 1236 1322 1275 modo
1340 1239 1520 1287 similes,
1557 1237 1630 1276 sed

167 1297 331 1334 omnino
356 1291 695 1345 συλλιθουμένους
706 1291 961 1343 petrefactos.

281 1354 350 1393 37.
409 1349 487 1388 duo
523 1355 735 1401 sequentes
756 1348 882 1386 iambi
907 1350 1078 1387 citantur
1105 1362 1129 1387 a
1148 1348 1273 1388 Suida
1301 1350 1345 1387 in
1364 1363 1462 1388 voce
1482 1352 1633 1403 χρῶμα,

109 1457 111 1459 ¹
168 1422 243 1447 nec
261 1409 346 1446 ulla
364 1408 534 1446 occurrit
549 1406 733 1444 lectionis
749 1406 933 1454 varietas,
962 1407 1041 1444 nisi
1062 1405 1170 1459 quod
1189 1407 1246 1444 ibi
1263 1420 1335 1459 pro
1355 1402 1516 1455 πάντως
1531 1407 1636 1458 legi-

107 1461 113 1470 ’
169 1472 235 1504 tur
252 1463 414 1514 πάντες.
456 1462 528 1502 sed
551 1464 825 1501 auctoritatem
847 1462 994 1501 codicis
1013 1462 1262 1516 sequendam
1278 1477 1365 1502 esse
1384 1463 1524 1502 suadet
1542 1477 1637 1502 sen·

171 1536 253 1561 sus.
311 1524 504 1587 interpres
522 1519 672 1558 Suidae
694 1521 751 1556 ita
768 1521 908 1558 vertit:
939 1534 1019 1558 non
1034 1528 1130 1560 sunt
1146 1520 1369 1572 haec-salso
1388 1521 1636 1571 illatafuco:

172 1580 307 1617 omnia
327 1580 431 1616 enim
448 1578 628 1615 veritatis
648 1589 716 1614 ver
717 1574 770 1613 ba
783 1576 984 1627 simplicia
1002 1584 1109 1615 sunt.
1168 1576 1305 1616 Pisida
1321 1577 1424 1615 illud
1434 1576 1637 1629 Euripidis

172 1650 212 1675 v.
231 1635 314 1679 472
329 1634 487 1674 videtur
505 1635 708 1671 imitatus:
736 1631 950 1679 Anaofig‘
925 1649 947 1673 ο
968 1635 1103 1685 μῦθος
1121 1636 1195 1686 τῆς
1215 1630 1412 1686 ἀληθείας
1432 1634 1526 1686 ἔφυ.

285 1695 356 1735 39.
413 1692 518 1729 Luc.
557 1692 607 1731 19
635 1690 715 1731 40:
755 1687 827 1729 ἐᾶν
853 1690 965 1730 οὗτοι
992 1687 1247 1743 σιωπήσωσι,
1284 1690 1327 1731 οἰ
1352 1691 1465 1733 neon
1492 1686 1639 1746 κεκρά-

198 1764 331 1790 ωνται.

173 1750 195 1799 ξ
289 1804 358 1846 46.
416 1815 579 1850 sensus,
619 1800 779 1851 opinor,
820 1798 888 1838 hic
915 1807 989 1839 est.
1046 1802 1192 1839 Persae
1207 1807 1355 1840 terrore
1374 1803 1548 1854 perculsi
1568 1816 1640 1855 per

176 1862 374 1900 montium
389 1861 485 1911 iuga
502 1860 558 1896 ita
571 1857 798 1895 immobiles
813 1863 937 1906 erant,
966 1863 1012 1895 ut
1028 1870 1110 1895 non
1126 1871 1244 1896 verus
1261 1866 1503 1897 armatorum
1520 1872 1641 1897 exer-

179 1921 279 1956 citus
299 1932 385 1957 esse
401 1916 645 1963 viderentur,
671 1912 744 1952 sed
760 1915 893 1966 potius
912 1915 1094 1966 exposita
1113 1913 1311 1967 quaedam
1325 1917 1487 1967 pictoris
1505 1916 1641 1954 tabula

178 1982 350 2014 armatos
374 1978 688 2025 repraesentans.

291 2031 360 2072 48.
420 2030 556 2068 confer
583 2028 764 2080 geminas
783 2027 980 2065 orationes
998 2027 1047 2065 de
1052 2027 1229 2078 fortuna
1247 2027 1314 2065 vel
1335 2029 1427 2066 virt.
1452 2028 1641 2066 Alexan-

181 2089 264 2135 dri,
303 2090 347 2126 in
374 2099 544 2140 quarum
573 2086 703 2137 prima
722 2082 958 2123 Plutarchus
981 2086 1123 2122 acriter
1145 2083 1348 2127 contendit
1364 2084 1643 2124 Alexandrum

181 2159 263 2183 non
284 2146 427 2182 comite
445 2144 513 2182 vel
531 2141 631 2180 duce
649 2142 831 2190 fortuna,
862 2139 934 2179 sed
958 2137 1149 2196 ευβουλίᾳ
1167 2140 1236 2181 καὶ
1255 2142 1460 2196 καρτερεία
1481 2141 1548 2183 καὶ
1570 2138 1645 2183 οἷν-

183 2202 276 2266 δρία
294 2201 363 2241 καὶ
384 2196 628 2254 σωφροσύνη
648 2194 1037 2251 παραπεμπόμενον,
1076 2197 1130 2235 ad
1150 2205 1306 2236 tantum
1323 2200 1536 2250 imperium
1552 2213 1647 2250 per-

182 2259 354 2296 venisse.
383 2258 589 2308 ingeniose
608 2241 774 2308 quidem
791 2254 1029 2293 Plutarchus
1047 2253 1092 2292 id
1110 2254 1243 2293 studet
1263 2255 1516 2294 confirmare:
1545 2254 1650 2293 nihil

183 2321 319 2352 tamen
336 2315 468 2351 minus
488 2311 708 2351 Alexandri
723 2319 835 2363 gesta
853 2314 955 2350 serio
971 2314 1188 2364 pensitanti
1204 2326 1287 2350 non
1305 2311 1504 2350 videbitur
1524 2311 1651 2350 dene-

186 2371 363 2422 gandum
381 2369 425 2408 id
445 2369 554 2422 quod
569 2370 700 2406 innuit
709 2367 859 2418 Pisida,
881 2370 1127 2407 fortunatum
1143 2370 1274 2421 magis
1291 2382 1414 2422 quam
1428 2371 1650 2421 sapientem

188 2427 332 2466 ducem
345 2425 621 2465 Alexandrum
639 2426 853 2463 exstitisse.

301 2484 370 2526 52.
427 2497 521 2522 vera
547 2480 738 2521 fortitudo
755 2495 838 2519 non
855 2488 915 2520 est
932 2482 1107 2534 impetus
1124 2482 1394 2531 inconsultus,
1429 2494 1512 2520 non
1533 2495 1652 2533 prae-

193 2553 283 2591 ceps
308 2539 494 2588 audacia,
522 2553 603 2578 non
625 2551 740 2577 caeca
759 2540 982 2587 temeritas,
1010 2552 1094 2577 non
1113 2540 1253 2577 insana
1275 2537 1474 2590 quaedam
1490 2539 1653 2587 ferocia,

192 2596 266 2634 sed
293 2596 396 2634 firmi
421 2598 547 2634 animi
574 2597 636 2634 vis
659 2594 872 2648 prudentia
889 2602 929 2633 et
949 2597 1115 2634 consilio
1133 2602 1375 2647 temperata:
1405 2602 1450 2633 ut
1467 2597 1655 2633 Horatius

193 2659 328 2691 monet
350 2655 480 2691 Carm-
503 2656 528 2694 3
557 2651 584 2694 4
613 2654 683 2695 65·

305 2710 374 2751 61.
425 2710 587 2760 ,iambus
610 2710 674 2748 bis
696 2710 836 2746 citatus
857 2721 882 2745 a
902 2707 1027 2746 Suida
1051 2709 1095 2745 in
1121 2722 1161 2746 v.
1185 2705 1302 2756 ξένας
1329 2713 1521 2760 tanquam
1548 2706 1654 2744 Pisi-

196 2764 291 2813 dae,
332 2773 371 2803 et
393 2766 437 2803 in
458 2779 500 2804 v.
528 2763 605 2818 ῧλη
633 2773 826 2818 tanquam
851 2765 992 2803 incerti
1019 2766 1205 2803 auctoris.
1260 2765 1454 2816 interpres
1479 2764 1655 2815 primum

196 2823 315 2861 vertit
333 2822 458 2861 silvas
476 2822 734 2874 suppeditans
753 2830 790 2860 et
808 2829 941 2861 tantas
962 2830 1000 2860 et
1015 2821 1295 2869 admirandas,
1323 2829 1363 2860 et
1385 2827 1524 2873 postea
1549 2825 1605 2856 tot
1620 2825 1657 2856 et
