1890 3224
262 150 330 198 56
615 149 969 196 NICEPHORUS
1003 149 1354 193 CPOLITANUS'

213 270 246 306 D
271 261 512 321 αῗσθόμενος
541 263 586 307 δὲ
611 261 632 306 ὅ
657 267 737 307 τῶν
758 261 1209 320 Σαρακηνιῦνιβασιλεὺς
1227 260 1380 316 βουλὰς
1399 260 1512 304 ἐκίνει
1530 259 1586 312 ὥς
1606 261 1709 303 κατὰ

261 339 334 389 τῆς
355 332 563 386 Ῥωμαίων
587 329 728 389 χώρας
747 330 1097 389 στρατευσόμενος.
1164 330 1395 372 ἀποστέλλει
1413 330 1456 371 δὲ
1474 328 1574 385 πρὸς
1589 329 1711 371 αὐτὸν

262 402 422 455 Δανιὴλ
454 400 523 442 τὸν
556 401 784 456 πατρίκιον,
820 399 899 441 ἀπὸ
931 404 1003 453 τῆς
1032 402 1263 441 Σινωπιτῶν
1289 395 1521 454 ὁρμώμενον
1545 396 1712 448 πόλεως,

260 468 442 524 ὕπαρχον
470 472 686 522 τηνικαῦτα
715 472 788 522 τῆς
815 469 1024 521 βασιλίδος
1050 464 1282 524 ὑπάρχοντα
1291 497 1306 518 ,
1337 464 1392 515 ὡς
1423 467 1549 519 δῆθεν
1570 465 1621 507 τὰ
1641 469 1714 519 τῆς

263 534 420 593 εῗρήνης
446 534 871 592 ἓπικηρυκευσόμενον,
900 539 958 593 τῷ
980 534 1062 577 ὅντι
1086 535 1130 577 δὲ
1151 531 1480 587 διοπτευσόμενον
1497 529 1564 574 οἶα
1582 531 1746 582 αὖτοῖςὸ

262 604 315 647 τὰ
344 605 449 646 κατὰ
478 602 686 658 Ῥωμαίων
715 602 945 661 ἐξηρτύετο·
990 601 1035 653 ὃς
1073 601 1280 657 ἐπανήκων
1304 600 1503 657 ἐπήγγειλε
1530 601 1718 656 μεγίστην

265 671 432 714 ἔσεσθαι
456 675 530 714 τυῦ
558 671 704 722 ἔθνους
733 670 802 714 διά
832 688 875 714 τε
904 671 1074 713 ἱππικῶν
1104 672 1171 713 καὶ
1202 671 1384 724 πλοΐμων
1410 666 1721 725 στρατευμάτων

265 745 339 795 τῆς
357 738 581 794 Ῥωμαϊκῆς
603 741 802 790 πολιτείας
823 737 1096 795 καταδρομήν.
1166 736 1187 780 ὃ
1206 739 1251 780 δὲ
1270 736 1447 787 ἀκούσας
1468 735 1622 793 ἑκάστῳ
1641 740 1721 779 τῶν

267 810 309 850 ἓν
335 812 385 864 τῇ
406 806 517 850 πόλει
541 806 596 858 ὡς
617 808 658 850 εἴ
673 825 733 858 τις
755 812 834 850 τῶν
857 807 1084 863 ἀναγκαίων
1111 804 1320 862 εὐπορήσει
1340 806 1403 847 ἐπὶ
1426 809 1558 862 τριετῆ
1575 802 1722 860 χρόνον

270 872 542 932 διαρκούντων
573 876 681 934 αὐτῷ
693 907 706 927 ,
741 876 894 930 μένειν,
924 873 946 917 ὃ
967 876 1010 917 δὲ
1031 873 1183 917 τούτων
1198 872 1374 930 ὑστερῶν
1396 868 1443 916 οὗ
1464 872 1514 914 ἂν
1533 871 1719 926 βούλοιτο
1734 873 1777 910 10

151 950 179 984 Ρ
205 949 250 986 33
273 944 514 1000 ἀποτρέχειν.
583 943 634 986 τὰ
670 945 714 986 δὲ
746 945 855 998 τείχη
888 947 965 998 τῆς,
989 942 1142 993 πόλεως
1161 943 1458 998 ἐπιμελέστερον
1476 941 1635 992 καινίζει
1653 940 1724 982 καὶ

266 1012 319 1054 τὰ
339 1009 614 1067 πολεμητήρια
632 1010 783 1067 ὄργανα
807 1001 1054 1063 διασκευάζει
1063 1042 1077 1062 ,
1111 1014 1278 1052 πλεῖστα
1296 1006 1566 1063 δαπανήματα
1580 1005 1725 1064 τῇπό·

271 1084 330 1122 λει
351 1080 613 1132 ἀποθέμενος,
642 1081 710 1120 καὶ
730 1077 878 1134 ἑτέροις
899 1075 960 1128 οἷς
982 1078 1099 1132 ἀνῆκε
1121 1077 1223 1134 πρὸς
1244 1078 1444 1130 πολεμίων
1461 1075 1608 1132 ἔφοδον
1624 1072 1726 1118 ταῦ-

270 1158 344 1201 την
367 1145 664 1202 κατοχυρώσας.
712 1145 851 1203 φήμης
868 1146 911 1186 δὲ
927 1146 1138 1200 γενομένης
1156 1143 1211 1194 ὡς
1231 1142 1251 1186 ὅ
1269 1149 1349 1186 τῶν
1365 1147 1612 1200 Σαρακηνῶν
1629 1141 1727 1185 στό-

274 1219 343 1265 λος
365 1214 444 1255 ἇηὸ
459 1211 720 1269 Ἀλεξάνδρου
738 1212 892 1262 πόλεως
911 1214 974 1254 ἐπὶ
993 1211 1062 1254 τὸν
1082 1213 1251 1254 Φοίνικα
1268 1211 1500 1268 παρεγένετο
1522 1227 1726 1266 ναυπηγη-
1739 1216 1780 1255 15,

273 1284 395 1336 σίμης
426 1284 547 1335 ξυλῆς
580 1282 867 1337 κυπαρισσίνης
898 1280 1047 1332 ἕνεκεν,
1082 1280 1277 1335 ἐκλέγεται
1305 1278 1442 1336 σκάφη
1464 1277 1730 1333 ταχυπλόὶμα,

274 1347 448 1406 στρατόν
466 1366 507 1390 τε·
528 1349 568 1390 ἓν
589 1349 724 1398 αὐτοῖς
748 1348 997 1404 ἐγκαταλὲγει
1020 1349 1063 1390 ἔκ
1089 1352 1169 1390 τῶν
1192 1352 1265 1402 τῆς
1282 1346 1421 1404 χώρας
1442 1351 1513 1389 τοῦ
1533 1346 1732 1400 καλουμέ-

275 1434 347 1459 νου
371 1417 581 1470 Ὄψικιόυ,
612 1418 678 1458 καὶ
710 1416 811 1474 πρὸς
836 1420 885 1473 τῇ
914 1414 1024 1473 νήσῳ
1047 1420 1099 1473 τῇ
1115 1414 1243 1472 Ῥόδῳ
1265 1416 1508 1458 ἀποστέλλει.
1577 1414 1732 1456 κάκεῖσε

278 1485 556 1541 ἀθροισθῆναι
583 1488 650 1526 καὶ
678 1483 782 1526 ἄλλα
800 1482 1005 1537 Ῥωμαϊκὰ
1026 1482 1178 1537 πλόὶμα
1201 1483 1399 1534 συνέταξε.
1466 1480 1622 1532 τούτοις
1641 1481 1734 1538 ἦγε-’-

225 1559 256 1595 Β
278 1551 384 1607 μόνα
404 1553 612 1608 ἐφίστησιν
629 1551 815 1606 Ἰωάννην
839 1550 1023 1594 διάκονον
1049 1555 1122 1606 τῆς
1141 1549 1316 1606 μεγάλης
1338 1551 1547 1604 ἐκκλησίας
1567 1551 1635 1592 καὶ
1653 1554 1733 1592 τῶν
1742 1555 1790 1591 20

281 1621 486 1675 δημοσίων
512 1618 651 1677 φόρων
681 1617 888 1674 λογιστήν,
929 1618 974 1660 ὃν
1003 1619 1224 1674 λογοθέτην
1251 1617 1403 1673 γενικόν
1436 1615 1516 1659 οἶδε
1547 1621 1680 1659 καλεῖν
1708 1615 1735 1672 ἦ

283 1687 504 1742 συνήθεια,
548 1685 780 1745 ὑπάρχοντα
813 1684 998 1744 ἔμφρονά
1033 1687 1076 1728 τε
1111 1687 1179 1728 καὶ
1209 1684 1395 1743 ἔμπειρον
1426 1683 1739 1740 καθιστάμενον,

374 1795 398 1830 9
419 1792 524 1828 πόλει
545 1790 730 1837 ἐπιτρέπει
753 1790 833 1834 059?
879 1804 923 1827 an
945 1791 1133 1828 διέταττεν
1159 1803 1236 1828 cum
1258 1792 1437 1828 petavio?
1597 1791 1638 1827 15
1661 1788 1736 1827 οἷπό

376 1839 445 1882 τῆς
463 1837 722 1883 Ἀλεξάνδρουΐ
745 1841 793 1874 cf.
814 1852 850 1885 p.
868 1840 914 1874 72
932 1840 968 1874 7.
1067 1836 1147 1884 τὸν]
1169 1839 1198 1874 f.'
1223 1836 1293 1883 τὴν
1315 1837 1496 1874 Petavius.
1591 1838 1634 1872 16
1651 1849 1740 1872 ναυ-

377 1885 595 1929 πηγησίμοις
619 1885 742 1928 ξύλοις
764 1884 1042 1930 κυπαρισσίνοις
1060 1885 1090 1920 Ρ

286 1987 363 2011 cum
387 1976 639 2009 Saracenorum
663 1974 817 2021 principi
847 1979 1024 2030 comperta
1052 1976 1187 2021 forent,
1218 1987 1310 2010 nova
1331 1974 1480 2011 subinde
1500 1972 1645 2009 consilia
1665 1983 1742 2008 mo-

285 2022 369 2055 litus
405 2022 572 2055 adversus
602 2021 776 2055 Romanos
811 2022 1068 2067 expeditionem
1100 2026 1288 2067 comparat.
1346 2022 1392 2055 ad
1424 2031 1524 2066 quem
1555 2019 1743 2064 imperator

286 2066 468 2101 Danielem
491 2066 674 2112 patricium
698 2067 796 2102 urbis
818 2068 1034 2112 praefectum
1059 2080 1079 2102 e
1102 2068 1254 2121 Sinope,
1277 2067 1337 2101 ubi
1353 2072 1425 2100 tum
1442 2066 1656 2108 morabatur,
1678 2066 1743 2099 ‹le-

289 2112 416 2157 stinat,
449 2123 514 2157 per
535 2112 687 2156 speciem
709 2112 948 2158 impetrandae
970 2113 1089 2158 pacis,
1123 2124 1165 2147 re
1193 2123 1272 2157 lpsa
1297 2115 1411 2146 autem
1433 2116 1473 2145 ut
1497 2121 1630 2144 omnem
1652 2109 1745 2144 illius

291 2163 414 2192 contra
435 2158 610 2192 Romanos
632 2164 837 2203 apparatum
865 2158 1073 2203 exploraret.
1120 2157 1181 2203 qui
1204 2168 1366 2191 reversus
1388 2161 1527 2201 gentem
1547 2155 1641 2189 illam
1666 2166 1746 2189 cum

290 2203 426 2248 ingenti
449 2204 606 2246 equitatu
629 2203 810 2247 classeque
832 2204 978 2238 maxima
1008 2214 1134 2249 parare
1161 2204 1392 2237 Romanorum
1420 2202 1457 2235 in
1486 2202 1575 2235 fines
1598 2200 1745 2246 expedi-

290 2249 421 2283 tionem
453 2248 601 2282 nuntiat.
649 2248 774 2292 quibus
805 2249 932 2283 auditis
963 2248 1152 2293 imperator
1183 2248 1339 2282 omnibus
1375 2247 1436 2292 qui
1459 2246 1498 2280 in
1521 2248 1607 2281 urbe
1633 2251 1746 2290 erant,

292 2294 355 2339 qui
377 2293 515 2339 quidem
538 2293 753 2327 necessarios
778 2299 933 2338 sumptus
959 2294 1004 2327 ad
1025 2293 1212 2328 triennium
1239 2294 1426 2337 haberent,
1456 2292 1617 2326 manendi
1641 2297 1745 2337 pote-

292 2344 418 2373 statem
441 2338 546 2382 facit,
570 2337 734 2383 reliquis,
758 2337 883 2382 quibus
905 2343 1038 2374 tantum
1060 2351 1129 2373 non
1152 2344 1376 2384 suppeteret,
1401 2338 1499 2373 abire
1521 2348 1658 2382 quoquo
1681 2348 1747 2371 ve-

291 2385 358 2419 lint
378 2383 562 2430 permittit.
608 2383 686 2428 ipse
705 2395 819 2418 muros
843 2383 1043 2428 diligentius
1063 2385 1228 2429 reficere,
1250 2383 1426 2419 machinas
1443 2384 1486 2417 ad
1508 2382 1634 2418 bellum
1652 2394 1747 2416 com-

291 2442 440 2475 parare,
477 2429 692 2464 necessarias
726 2440 843 2463 omnes
876 2429 994 2475 copias
1028 2429 1065 2464 in
1096 2431 1183 2464 urbe
1215 2441 1425 2475 congerere,
1460 2428 1586 2463 ceteris
1621 2428 1748 2472 quibus

293 2481 415 2509 contra
434 2474 582 2509 hostium
600 2474 749 2520 impetus
768 2486 854 2519 opus
877 2480 954 2509 erat
977 2475 1111 2509 munire
1135 2475 1226 2509 illam
1249 2481 1353 2520 atque
1374 2476 1561 2509 instruere.
1608 2472 1746 2508 interim

297 2531 374 2554 cum
396 2520 465 2554 iam
488 2531 604 2554 rumor
621 2520 879 2565 percrebuisset
901 2521 1152 2564 Saracenorum
1173 2520 1316 2555 classem
1335 2520 1532 2554 caedendae
1550 2519 1594 2554 ad
1611 2519 1748 2553 navium

297 2565 465 2599 fabricam
489 2566 713 2610 cupressinae
736 2565 902 2600 materiae
929 2577 1034 2600 causa
1061 2566 1273 2601 Alexandria
1294 2566 1332 2600 in
1351 2565 1552 2600 Phoenicen
1574 2564 1748 2607 traiicere,

299 2611 490 2656 imperator
519 2611 684 2656 expedita
715 2611 855 2656 navigia
884 2611 1049 2656 colligens
1082 2612 1119 2646 in
1149 2623 1191 2646 ea
1220 2616 1431 2646 contractum
1459 2622 1502 2645 ex
1526 2610 1750 2655 Obsequiant

297 2656 442 2701 regione
474 2657 663 2691 exercitum
688 2657 856 2703 imponit,
887 2662 923 2699 et
945 2659 989 2691 ad
1011 2658 1170 2695 Rhodum
1191 2656 1337 2691 insulam
1363 2657 1488 2691 mittit:
1521 2668 1562 2691 eo
1582 2655 1748 2700 reliquam

299 2702 531 2736 Romanorum
550 2702 694 2738 classem
715 2702 901 2739 convenire
922 2703 1031 2737 iubet.
1077 2714 1227 2738 summae
1248 2703 1374 2737 deinde
1397 2702 1451 2737 rei
1466 2703 1630 2737 Ioannem
1670 2711 1747 2735 rae-

298 2747 377 2782 ficit
401 2759 545 2793 magnae
576 2749 746 2785 ecclesiae
777 2749 958 2785 diaconum
988 2753 1025 2783 et
1054 2753 1248 2784 curatorem
1281 2748 1496 2793 publicorum
1517 2747 1657 2792 vectiga
1671 2746 1749 2789 ‘um‚

300 2804 401 2839 quem
423 2793 621 2840 generalem
645 2794 854 2842 logothetam
874 2794 1050 2842 appellare
1070 2794 1174 2841 vulgo
1200 2794 1332 2841 solent,
1356 2794 1468 2830 virum
1490 2794 1694 2840 prudentem
1716 2795 1752 2826 et
