1890 3224
283 165 346 213 34
638 165 990 211 NICEPHORUS
1025 165 1367 211 GPOLITANUS

281 278 408 324 ταῦτα
439 275 682 333 αἲσθόμενος
709 277 754 321 τὸ
787 278 1069 336 στρατιωτικὸν
1098 279 1199 322 κατὰ
1231 278 1447 336 Μαρτίνης
1469 278 1536 321 καὶ
1556 281 1637 322 τῶν
1658 277 1724 322 τέ-

282 365 384 392 κνων
406 347 531 402 αὐτῆς
552 345 762 404 ἐτάραττε·
794 346 896 402 μεθ’
919 342 976 390 ὧν
995 348 1068 402 τὴν
1083 344 1332 402 Χαλκηδόνα
1352 346 1648 401 καταλαμβάνει
1668 345 1724 397 ὥς

280 422 364 465 τοῖς
390 415 537 464 τέκνοις
573 415 875 457 Κωνσταντίνου
913 413 1185 473 ἐπικουρήσων
1191 446 1206 467 ,
1255 416 1322 457 καὶ
1356 414 1482 457 αὐτοῦ
1517 415 1723 472 διέτριβεν.

275 480 511 539 Ἡράκλειος
532 483 575 524 δὲ
592 480 664 537 τήν
683 499 724 524 τε
747 481 862 524 πόλιν
884 483 925 525 ἓν
946 487 1003 541 τῷ
1024 483 1204 540 ἀσφαλεῖ
1219 480 1318 537 εἶχε,
1351 484 1418 525 καὶ
1438 485 1559 524 πᾶσιν
1577 481 1723 525 ἀπελο-

279 556 385 606 γεῖτο
415 548 470 600 ὥς
481 547 719 607 Ἠράκλειος
739 548 760 592 ὅ
780 550 868 600 υἱὸς
885 552 1189 594 Κωνσταντίνου
1214 549 1446 605 ἀπήμαντος
1464 549 1637 604 διαμένει
1655 551 1755 593 καὶὸ

279 615 391 674 πάσῃ
411 615 535 677 ὑγεία,
569 619 635 660 καὶ
646 622 756 660 σῶον
773 616 992 670 ὖπεδείκνυ,
1019 619 1086 660 καὶ
1105 617 1191 673 ἅμα
1208 616 1264 669 ὦς
1279 618 1416 661 τέκνου
1432 618 1594 674 γνησίου
1611 634 1724 674 περι-

230 693 262 729 C
286 686 421 739 είχετο.
476 687 543 727 καὶ
563 690 678 728 τοῦτο
699 687 904 729 ἓπιστοῦτο
924 691 980 745 τῷ
1001 686 1044 728 ἔκ
1062 690 1134 728 τοῦ
1153 684 1433 742 σωτηριώδους
1446 686 1744 743 βαπτίσματος

279 751 474 809 ἀγκάλαις
510 753 719 803 δέξασθαι.
786 755 853 796 καὶ
885 752 1165 811 συμπαρόντος
1191 753 1362 811 Πύρρου
1386 758 1458 797 τοῦ
1482 757 1553 808 τῆς
1574 751 1726 802 πόλεως

281 818 468 877 ἱεράρχου
487 824 568 863 τῶν
590 822 791 879 ζῳοποιῶν
813 819 941 872 ξύλων
959 821 1127 876 ἥπτετο,
1162 823 1229 864 καὶ
1254 820 1450 876 διώμνυτο
1476 819 1531 871 ὥς
1546 819 1637 862 οὔτε
1662 818 1723 862 δι’

278 888 403 931 αὐτοῦ
435 886 524 930 οὕτε
553 888 611 930 δι’
646 887 781 946 ἑτέρου
809 890 861 932 τὰ
890 894 963 932 τοῦ
992 891 1293 933 Κωνσταντίνου
1320 891 1437 932 τέκνα
1463 886 1722 944 βλαβήσεται.
1736 891 1780 927 10

282 956 544 998 Οὗαλεντῖνον
567 957 614 998 δὲ
638 956 913 1014 ἀπισχυρίζετο
941 956 1127 1000 δεικνύειν
1155 955 1210 1007 ὥς
1235 955 1571 1011 ἐπιβουλεύσαντα
1591 955 1726 1004 αὐτοῖς

278 1025 346 1066 καὶ
363 1028 435 1078 τῆς
450 1025 657 1077 βασιλείας
673 1023 966 1080 ἔπορεγόμενον.
1014 1023 1068 1074 ὦς
1087 1026 1131 1066 δὲ
1148 1027 1204 1074 εἷς
1221 1027 1381 1066 πλείονα
1399 1022 1530 1066 πάντα
1545 1021 1724 1077 βεβαιώ-

277 1088 422 1146 σηται,Ι
443 1090 654 1146 συλλαβών
679 1091 780 1144 μεθ’
813 1090 959 1134 ἑαυτοῦ
978 1089 1215 1148 ιΗροὶκλειον
1243 1092 1344 1147 πρὸς
1372 1091 1632 1133 Οὖαλεντΐνον
1652 1107 1725 1132 πε-

279 1163 462 1215 ραιοῦται
472 1189 486 1210 ,
516 1159 586 1199 καὶ
605 1156 724 1199 πάλιν
740 1157 969 1211 ἐβουλεύετο
986 1157 1229 1212 διόμνυσθαι
1250 1160 1317 1199 καὶ
1334 1159 1488 1200 πείθειν
1506 1157 1653 1206 αὐτοὺς
1670 1155 1726 1207 ὡς

279 1224 551 1282 φιλοστόργως
571 1222 763 1266 διάκειται
782 1225 882 1281 πρὸς
894 1223 1146 1282 ιΗροὶκλειον.
1205 1225 1467 1275 Οὖαλεντΐνος
1485 1226 1527 1267 δὲ
1547 1224 1619 1266 οὐκ
1636 1225 1723 1266 ἓδέ-
1737 1229 1780 1265 15

276 1309 370 1346 χετο
397 1292 488 1334 ἀλλ’
518 1291 732 1344 ἀπέπεμπε.
801 1293 869 1334 καὶ
898 1293 949 1347 δὴ
982 1290 1186 1335 ὑπενόστει
1207 1294 1276 1334 καὶ
1297 1294 1465 1348 διηγεῖτο
1492 1290 1623 1335 πάντα
1643 1298 1727 1342 τοῖς

227 1363 260 1399 D
282 1364 356 1415 τῆς
375 1358 539 1410 πόλεως,
601 1360 644 1401 οἱ
663 1360 706 1401 δὲ
721 1359 928 1402 ’ἐπείθοντο
951 1361 1018 1402 καὶ
1042 1360 1300 1402 Οὗαλεντῖνον
1319 1358 1592 1417 ε’δυσφήμουν.

414 1431 502 1482 Τῆς
527 1425 674 1484 τρύγης
695 1428 742 1468 δὲ
765 1425 1052 1482 ἐπιλαβούσης,
1082 1428 1125 1469 οἱ
1150 1433 1222 1482 τῆς
1242 1426 1393 1478 πόλεως
1415 1426 1649 1481 αἰσθόμενοι
1669 1424 1727 1477 ὥς

277 1494 299 1538 ὅ
319 1495 422 1549 μετὰ
447 1495 708 1537 Οὐαλεντίνου
723 1495 899 1551 στρατὸς
918 1494 1012 1545 τούς
1027 1512 1069 1538 τε
1092 1495 1328 1549 ἀμπελῶνας
1348 1495 1480 1537 αὐτῶν
1496 1496 1726 1551 διαφθείρει

276 1563 479 1611 κάκείνους
502 1561 553 1603 οὗ
581 1569 785 1616 συγχωρεῖ
808 1562 929 1604 ἐκεῖσε
960 1566 1254 1618 περαιοῦσθαι,
1289 1564 1544 1605 συνίστανται
1566 1561 1781 1619 Πύρρῳξο

278 1634 449 1684 βοῶντες
472 1628 632 1684 στὲιμιν
651 1626 888 1685 Ἶ-Ιρᾶκλειον
910 1628 980 1671 τὸν
1001 1630 1302 1672 Κωνσταντίνου
1322 1629 1422 1672 υἱόν.
1487 1626 1658 1685 Πύρρος
1679 1629 1726 1671 δὲ

277 1698 351 1751 τὴν
370 1695 547 1753 ταραχὴν
565 1697 635 1737 καὶ
656 1695 729 1749 τὴν
747 1694 887 1738 στάσιν
910 1699 983 1738 τοῦ
1003 1699 1106 1738 λαοῦ
1125 1695 1406 1753 περιαθρήσας
1426 1696 1651 1751 ἀπελογεῖτο
1667 1693 1725 1746 ὥς

270 1763 328 1807 ,οὗ
343 1765 416 1807 διὰ
435 1767 551 1806 τοῦτο
571 1762 686 1805 αὖτοὶ
705 1762 998 1816 στασιάζουσιν,
1028 1763 1137 1807 ἀλλὰ
1160 1763 1409 1823 Οὖαλεντίνῳ
1428 1764 1500 1819 τὴν
1515 1765 1724 1818 βασιλείαν

370 1882 416 1918 12
438 1877 499 1916 ἐπὶ
521 1880 675 1920 πλεῖονξΙ

280 1985 401 2017 contra
432 1981 616 2016 Martinam
641 1985 676 2016 et
699 1980 774 2015 eius
796 1982 887 2016 filios
911 1986 1114 2017 commovet.
1160 1981 1242 2017 inde
1265 1981 1514 2017 Chalcedonem
1539 1991 1724 2027 occupans,

279 2028 381 2073 quasi
411 2027 632 2062 Constantini
661 2027 780 2061 liberis
811 2028 938 2062 auxilio
969 2030 1126 2072 futurus,
1157 2028 1195 2062 in
1222 2040 1265 2062 ea
1295 2030 1381 2063 urbe
1404 2031 1641 2062 commoratur.
1687 2030 1726 2060 at

279 2072 462 2108 Heraclius
487 2074 622 2107 firmata
647 2073 832 2119 praesidiis
862 2076 946 2108 urbe
979 2074 1070 2119 apud
1098 2085 1214 2107 omnes
1245 2083 1322 2107 sese
1345 2084 1513 2117 purgare,
1548 2076 1652 2117 atque
1672 2071 1725 2106 ita

277 2119 457 2162 dictitare,
481 2118 678 2152 Heraclium
702 2118 922 2152 Constantini
938 2119 1046 2153 filium
1067 2119 1267 2152 incolumem
1289 2129 1447 2162 manere,
1473 2128 1574 2162 quem
1597 2121 1635 2151 et
1653 2116 1724 2150 sal-

279 2176 361 2199 vum
383 2176 424 2198 ac
446 2164 614 2198 valentem
636 2163 832 2207 iudicabat,
857 2164 998 2209 eiusque
1018 2164 1156 2198 interim
1179 2175 1295 2197 curam
1317 2167 1479 2207 tanquam
1502 2162 1565 2196 filii
1588 2161 1643 2196 sui
1657 2173 1722 2206 ge-

278 2212 390 2245 rebat.
438 2209 534 2242 cuius
562 2209 616 2242 rei
644 2209 745 2241 fidem
776 2210 893 2243 facere
916 2211 1057 2243 studens
1081 2209 1127 2242 de
1149 2208 1296 2242 salutari
1320 2209 1416 2242 ilium
1438 2209 1535 2242 fonte
1556 2208 1723 2252 suscepit.

280 2256 325 2290 ad
357 2255 444 2288 haec
475 2254 611 2297 Pyrrho
641 2253 840 2298 patriarcha
863 2260 1047 2298 praesente
1069 2253 1209 2287 vivifica
1227 2253 1323 2298 ligna
1344 2258 1490 2298 tangens
1509 2253 1640 2287 iuravit
1661 2263 1723 2286 ne-

280 2311 349 2345 qne
367 2311 430 2344 per
448 2311 486 2333 se
506 2297 727 2332 Constantini
743 2298 834 2331 filios
855 2310 966 2342 neque
986 2310 1049 2343 per
1070 2299 1172 2332 alium
1193 2298 1381 2343 quemlibet
1402 2300 1610 2333 offensurum
1627 2308 1724 2331 esse:

279 2345 499 2380 Valentinum
520 2355 604 2377 vero
627 2344 774 2377 docebat
792 2343 950 2377 insidiari
971 2344 1093 2378 iisdem
1117 2349 1221 2388 atque
1240 2344 1420 2388 imperium
1437 2354 1604 2389 usurpare
1621 2342 1724 2376 velle.

280 2402 381 2435 quam
408 2394 447 2424 ut
478 2389 675 2435 opinionem
706 2387 852 2423 omnium
884 2389 1006 2423 animis
1037 2389 1138 2423 altius
1161 2389 1394 2434 imprimeret,
1425 2388 1586 2423 Heraclio
1608 2398 1725 2426 secum

280 2436 429 2470 adducto
454 2436 498 2470 ad
520 2434 738 2468 Valentinum
754 2433 904 2478 traiicit,
928 2434 1049 2480 ibique
1066 2435 1286 2469 iureiurando
1305 2445 1439 2469 rursum
1458 2435 1594 2468 firmare
1614 2433 1726 2467 voluit

280 2492 320 2514 se
342 2492 442 2524 quam
464 2480 669 2514 amicissime
692 2491 770 2513 esse
795 2491 878 2524 erga
902 2479 1099 2515 Heraclium
1128 2481 1300 2514 affectum.
1349 2480 1411 2513 sed
1433 2478 1636 2513 Valentinus
1656 2478 1723 2512 ad-

222 2557 224 2559 ,
281 2526 418 2560 mittere
440 2525 561 2559 noluit.
607 2526 825 2569 quamobrem
846 2537 1007 2558 reversus
1030 2526 1217 2570 imperator
1239 2525 1352 2559 omnia
1371 2525 1463 2569 apud
1480 2523 1642 2569 populum
1660 2535 1723 2557 ex·-

280 2572 411 2616 posuit.
455 2571 515 2604 cui
535 2570 593 2605 ille
613 2571 714 2605 fidem
737 2570 903 2604 adhibens
925 2571 962 2604 in
982 2571 1201 2605 Valentinum
1223 2571 1404 2605 maledicta
1426 2570 1645 2604 conficiebat.

370 2616 457 2649 Post
478 2615 564 2648 haec
583 2628 647 2660 per
667 2615 861 2650 vindemiae
883 2621 1058 2661 tempora,
1083 2627 1158 2650 cum
1177 2615 1271 2650 cives
1290 2615 1614 2649 animadvertissent
1629 2613 1721 2648 vites

280 2672 361 2696 suas
385 2673 406 2696 a
428 2661 604 2694 Valentini
627 2660 783 2696 exercitu
806 2662 937 2694 vastari
962 2673 1075 2706 neque
1098 2660 1166 2695 sibi
1187 2661 1224 2694 in
1247 2661 1413 2695 ulteriora
1433 2660 1616 2694 transitum
1638 2669 1721 2704 per·

279 2706 389 2750 mitti,
413 2707 578 2740 adversus
599 2707 771 2749 Pyrrhum
793 2706 942 2740 coitione
966 2708 1059 2741 facta
1080 2706 1275 2740 Heraclium
1295 2705 1515 2740 Constantini
1535 2706 1642 2739 filium
1660 2715 1718 2738 co-

278 2763 405 2787 ronare
435 2752 566 2786 iubent.
613 2751 769 2796 Pyrrhus
795 2763 900 2794 vero,
933 2752 1091 2797 populari
1119 2751 1178 2784 illo
1209 2752 1353 2786 tumultu
1382 2763 1423 2786 ac
1443 2750 1615 2785 seditione
1637 2759 1718 2794 per-

278 2802 414 2844 specta,
452 2801 573 2831 contra
604 2797 755 2833 iactabat
789 2809 856 2833 non
884 2798 1011 2833 iccirco
1040 2797 1227 2833 rebellasse
1256 2796 1354 2842 illos,
1390 2796 1452 2832 sed
1475 2801 1515 2831 ut
1535 2793 1719 2830 Valentino
