1890 3224
378 183 457 227 DE
487 181 667 228 REBUS
699 181 845 227 POST
871 181 1186 228 MAURIGIUM
1213 183 1421 228 GESTIS.
1556 185 1619 231 85

178 297 302 355 ξηρὸν
328 297 460 354 γέγονε
486 297 532 340 τὸ
561 294 798 354 κατάστημα
810 329 821 347 ,
867 296 923 349 ὥς
958 299 1026 341 καὶ
1060 297 1184 353 αὐτὴν
1218 298 1517 343 ἀπολελοιπέναι
1548 299 1622 354 τὴν

180 367 313 422 ἀέριον
337 365 507 423 δρόσον,
553 365 611 409 ἔτι
638 366 708 409 καὶ
733 365 786 409 τὰ
807 373 958 422 πηγαῖα
975 365 1294 427 ὗποστέλλεσθαι
1310 365 1486 421 νάματα,
1516 365 1622 424 ἀργά

179 452 222 478 τε
242 435 370 489 μένειν
388 435 573 477 ἐντεῦθεν
597 435 665 476 καὶ
691 434 744 476 τὰ
769 435 920 492 λουτρὰ
945 439 1027 478 τῶν
1045 436 1252 490 ἐκδοχείων
1277 440 1397 478 κενῶν
1414 433 1621 492 ὖπαρξάν-

179 520 272 546 των.
339 503 382 545 ἐκ
403 501 546 546 τούτου
565 501 799 556 βουλεύεται
820 505 1122 555 Κωνσταντῖνος
1151 504 1220 546 τὸν
1243 509 1316 546 τοῦ
1334 503 1483 555 ὕδατος
1501 502 1619 546 ὁλκὸν
1640 503 1672 538 D

147 572 441 623 δάνακαινίζειν
469 570 512 613 ὃν
533 571 839 622 Βαλεντινιανὸς
866 569 886 613 ὅ
912 572 1102 626 βασιλεὺς
1130 570 1435 624 κατεσκεύασεν,
1475 570 1555 614 ὑπὸ
1579 572 1623 614 δὲ

173 639 356 696 Ἀβάρων
373 640 436 681 ἐπὶ
453 644 532 682 τῶν
548 638 788 697 ςΗρακλείου
801 638 960 698 χρόνων
976 645 1049 684 τοῦ
1067 642 1264 694 βασιλέως
1275 641 1622 698 καταστραφέντα.

178 710 245 750 καὶ
265 709 472 758 πλείστους
494 707 646 766 ἄνδρας
662 709 839 763 τεχνίτας
857 711 912 759 εἷς
932 709 1146 764 οἰκοδομὴν
1167 710 1376 766 ἐμπείρους
1389 710 1432 751 ἐκ
1453 713 1529 764 τῆς
1544 706 1623 751 ὑπὸ

172 775 380 831 Ῥωμαίων
407 777 535 834 ἀρχῆς
563 779 860 836 συναθροίσας,
903 775 1034 820 πολλά
1068 795 1109 820 τε
1139 776 1407 833 δαπανήματα
1428 777 1564 827 αὐτοῖς
1579 777 1623 819 ἐκ

178 849 258 886 τῶν
279 846 481 899 δημοσίων
494 843 716 901 χρημάτων
733 844 1073 902 προσαναλώσας,
1108 844 1212 889 οὕτω
1241 846 1286 889 τὸ
1308 850 1487 889 τοιοῦτον
1510 844 1624 900 ἔργον

123 918 168 953 10
180 913 382 956 διετέλεσε.
450 912 694 970 φιλόχρυσος
723 914 767 955 δὲ
793 912 849 956 ὢν
878 912 899 956 ὃ
928 913 1187 970 μισόχριστος
1212 915 1301 964 νέος
1327 916 1472 964 Μίδας
1504 915 1625 955 Κων-

176 987 382 1031 σταντΐνος
403 980 704 1033 ἀναδείκνυται,
751 983 819 1023 καὶ
842 981 912 1024 τὸν
935 982 1090 1039 χρυσὸν
1118 981 1275 1028 ἅπαντα
1296 982 1625 1038 ἀποθησαυρίζει.

174 1049 219 1091 ἐν
239 1046 301 1099 οἷς
320 1049 549 1103 συνέβαινεν
568 1050 610 1091 ἐν
626 1055 717 1099 ταῖς
733 1053 813 1092 τῶν
832 1047 971 1108 φόρων
988 1049 1156 1107 πράξεσι
1171 1055 1250 1093 τῶν
1270 1050 1624 1108 φορολογουμένων

175 1118 423 1171 βιαζομένων
448 1115 604 1167 εῧῶνως
622 1116 673 1160 τὰ
694 1122 770 1172 τῆς
790 1116 1127 1175 γῆς-καρπήματα
1154 1120 1224 1161 καὶ
1243 1108 1470 1174 γεννήματα
1490 1120 1626 1159 διαπι-

177 1183 456 1242 πράσκεσθαι,
490 1182 546 1235 ὦς
572 1188 631 1242 τῷ
657 1187 875 1240 νομίσματι
905 1184 1096 1240 ἑξήκοντα
1114 1188 1282 1239 μοδίους
1300 1188 1411 1229 σίτου
1434 1183 1627 1241 διαγορά-

123 1258 167 1294 15
179 1254 335 1305 ζεσθαι,
369 1256 516 1311 κριθῆς
536 1253 581 1295 δὲ
600 1250 900 1308 ἑβδομήκοντα,
935 1255 1003 1295 καὶ
1023 1257 1188 1296 πλεῖστα
1211 1253 1312 1308 ἄγαν
1332 1254 1502 1311 βραχείᾳ
1518 1250 1623 1294 πάνυ
1643 1259 1673 1293 Ρ
1694 1259 1740 1295 49

175 1322 499 1377 ἀπεμπολεΐσθαι
518 1319 724 1376 ποσότητι.
790 1320 888 1378 ὅπερ
910 1327 995 1371 τοῖς
1014 1321 1087 1375 μὲν
1107 1320 1291 1375 ἀνοήτοις
1307 1321 1476 1379 εὗᾳορία
1495 1338 1537 1363 τε
1557 1324 1629 1375 τῆς

173 1394 248 1446 γῆς
267 1391 334 1432 καὶ
354 1380 603 1446 πραγμάτων
621 1389 791 1444 εὗθηνία
811 1390 1022 1443 ἐνομίζετο,
1039 1396 1123 1440 τοῖς
1139 1391 1184 1432 δὲ
1204 1385 1247 1432 εὖ
1267 1395 1459 1447 φρονοῦσι
1479 1406 1628 1446 τυραν-

175 1460 286 1509 νίδος
302 1459 369 1500 καὶ
390 1459 711 1516 φιλοχρηματίας
733 1455 847 1514 ἔργον
863 1460 930 1500 καὶ
950 1458 1244 1515 ἀπανθρωπίας
1262 1456 1380 1508 νόσος
1397 1459 1584 1514 ἐκρίνετο.

313 1527 436 1569 Κατὰ
463 1527 507 1569 δὲ
535 1526 610 1581 τὴν
639 1525 818 1581 ἑβδόμην
849 1527 1074 1572 ῗνδικτιῶνα
1102 1527 1274 1569 τίκτεται
1303 1526 1390 1576 υἱὸς
1409 1528 1630 1569 Κωνσταν-

122 1605 168 1639 20
177 1595 271 1652 τίνῳ
285 1626 299 1646 ,
343 1594 390 1636 ὃν
421 1592 605 1637 ἐκάλεσεν
622 1593 830 1648 Ἄνθιμον.
897 1593 976 1636 ἐπὸ
999 1595 1043 1636 δὲ
1060 1594 1129 1636 τὸν
1149 1594 1272 1636 αὐτὸν
1290 1594 1430 1651 καιρὸν
1446 1592 1630 1648 Νικήτας

177 1660 201 1704 ὅ
220 1667 292 1716 τῆς
307 1660 460 1711 πόλεως
478 1659 676 1718 πρόεδρος
699 1661 790 1704 τινὰ
815 1661 888 1716 μὲν
917 1667 996 1704 τῶν
1018 1662 1062 1703 ἐκ
1080 1661 1231 1719 χρόνου
1256 1662 1538 1719 διαφθαρέντα
1557 1666 1631 1716 τῆς

176 1734 399 1785 καθολικῆς
418 1730 629 1784 ἐκκλησίας
648 1730 887 1781 ἅνακαινίζει
904 1730 1102 1783 κτίσματα
1111 1761 1125 1781 ,
1168 1729 1243 1780 τάς
1272 1747 1315 1772 τε
1338 1731 1379 1771 ἐν
1399 1736 1483 1779 τοῖς
1507 1730 1629 1771 ἐκεῖσε

176 1798 405 1857 ἱδρυμένοις
423 1801 504 1840 τῶν
521 1795 708 1854 προόδων
726 1797 871 1849 οἴκοις,
897 1796 947 1847 ἃς
960 1795 1154 1852 Ῥωμαῖοι
1174 1798 1342 1856 σε’κρετα
1357 1801 1547 1849 καλοῦσι,
1580 1794 1625 1839 τό
1649 1806 1679 1841 Β

269 1893 291 1927 1
312 1889 610 1927 ἐπιλελοιπέναιῖ
742 1893 788 1928 21
811 1889 1098 1937 διαφθαρέντων
1108 1892 1136 1926 Τ

177 1976 252 2009 tate
267 1971 461 2007 laboratum
484 1974 550 2015 est,
577 1970 668 2010 adeo
683 1974 724 2006 ut
744 1983 790 2006 ne
808 1982 866 2006 ros
885 1969 1025 2016 quidem
1045 1969 1134 2013 ullus
1153 1980 1197 2004 ex
1212 1969 1297 2004 aere
1313 1973 1527 2016 suppeteret,
1544 1970 1629 2005 sub-

176 2019 372 2054 sidentibus
396 2018 527 2052 adhaec
552 2016 700 2051 fontium
721 2017 842 2062 aquis,
878 2028 947 2061 qua
964 2028 1008 2049 ex
1025 2027 1066 2049 re
1082 2017 1210 2050 factum
1232 2021 1286 2049 est
1308 2021 1347 2050 ut
1370 2016 1548 2050 exhaustis
1568 2027 1628 2050 re-

176 2064 367 2111 ceptaculis
402 2063 550 2098 balneae
574 2063 862 2104 conticescerent.
910 2062 1160 2102 Constantinus
1184 2073 1227 2095 ea
1248 2073 1289 2102 re
1311 2061 1553 2096 animadversa
1573 2061 1629 2094 in-

175 2117 338 2146 staurare
358 2110 610 2155 aquaeductum
632 2107 726 2144 illum
746 2107 914 2151 instituit,
933 2119 1034 2152 quem
1055 2106 1322 2148 Valentinianus
1343 2107 1534 2153 imperator
1550 2106 1631 2143 olim

178 2161 416 2200 exstruxerat,
455 2155 520 2189 sed
548 2154 683 2189 Avares
713 2160 839 2200 postea
870 2153 1029 2189 Heraclii
1049 2153 1262 2198 temporibus
1287 2158 1498 2187 everterant.
1546 2163 1631 2197 ergo

177 2202 335 2248 pluribus
360 2202 404 2236 ad
420 2200 458 2236 id
483 2201 557 2235 eius
582 2199 715 2246 opificii
735 2200 852 2246 guaris
877 2211 921 2234 ex
938 2205 1013 2234 toto
1035 2199 1185 2244 imperio
1206 2198 1414 2243 contractis,
1447 2197 1633 2243 multisque

180 2260 224 2281 ex
250 2246 384 2280 aerario
409 2246 547 2299 publico
568 2245 733 2292 impensis
757 2245 933 2292 pecuniis,
968 2249 1066 2279 tanto
1087 2244 1191 2291 ,operi
1217 2245 1320 2285 finem
1344 2243 1523 2290 imposuit.
1568 2243 1634 2277 sed

179 2304 257 2327 cum
281 2292 358 2326 auri
383 2303 506 2326 nurum
523 2292 561 2326 in
580 2293 716 2327 modum
737 2292 774 2326 in
795 2291 855 2326 illo
879 2290 1016 2325 Christi
1031 2291 1131 2325 hoste
1153 2290 1325 2335 cupiditas
1349 2291 1533 2334 flagraret,
1565 2300 1630 2323 no-

178 2350 261 2373 vum
288 2349 367 2372 sese
396 2337 527 2378 Midam
561 2337 718 2372 exhibuit
748 2343 786 2372 et
816 2348 936 2372 aurum
970 2349 1069 2371 omne
1092 2336 1130 2370 in
1150 2337 1334 2378 thesauros
1356 2348 1438 2370 suos
1462 2333 1630 2370 condidit.

179 2385 272 2419 unde
296 2382 426 2417 coactis
450 2384 495 2417 ad
516 2382 639 2416 tributi
661 2383 929 2428 pensitationem
951 2382 1124 2417 violenter
1146 2382 1302 2428 populis,
1335 2393 1464 2415 summa
1494 2381 1528 2414 fr

180 2442 223 2464 ac
245 2440 408 2474 pecorum
429 2428 547 2462 vilitas
563 2428 651 2471 fuit,
683 2439 794 2473 usque
819 2440 861 2462 eo
883 2434 923 2463 ut
939 2428 1048 2462 tritici
1066 2428 1173 2461 modii
1192 2427 1394 2471 sexaginta,
1429 2426 1551 2460 hordei
1572 2437 1630 2459 se-

179 2475 360 2522 ptuaginta
379 2474 489 2508 numis
508 2472 654 2517 singulis
673 2473 803 2508 addicti
826 2473 917 2517 sint,
946 2485 987 2507 ac
1010 2474 1175 2518 pleraque
1196 2473 1320 2516 exiguo
1345 2473 1524 2506 admodum
1547 2483 1630 2517 pre-v

179 2522 231 2555 tio
250 2520 484 2554 constiterint.
510 2519 603 2563 quod
620 2518 732 2563 ipsum
748 2520 792 2553 ad
810 2530 969 2563 agrorum
982 2519 1198 2553 fertilitatem
1217 2524 1253 2552 et
1271 2529 1387 2552 rerum
1405 2517 1539 2563 copiam
1555 2523 1630 2551 tra-

179 2566 344 2600 hentibus
365 2565 550 2611 imperitis,
574 2564 817 2610 prudentiores
835 2565 964 2610 quique
983 2564 1130 2599 hominis
1147 2563 1326 2608 tyrannidi
1344 2569 1381 2598 et
1402 2562 1573 2598 avaritiae
1590 2573 1633 2596 ac

181 2611 381 2645 crudelitati
396 2611 611 2645 tribuebant.

272 2655 468 2690 Indictione
491 2656 618 2690 deinde
638 2655 786 2702 septima
808 2655 1039 2690 Constantino
1062 2654 1153 2689 filius
1177 2653 1350 2698 nascitur,
1385 2665 1486 2700 quem
1506 2652 1630 2689 Anthi-

183 2713 274 2736 mum
297 2701 466 2736 nominat.
512 2704 577 2736 sub
596 2702 687 2736 idem
708 2707 843 2748 tempus
868 2701 1013 2736 Nicetas
1036 2700 1236 2746 patriarcha
1257 2699 1447 2735 catholicae
1466 2699 1634 2734 ecclesiae
1656 2700 1690 2725 8·
1714 2688 1783 2725 768

184 2747 347 2782 aedificia
365 2747 554 2794 quaedam,
588 2759 679 2792 quae
708 2751 884 2782 vetustate
906 2747 1058 2792 collapsa
1086 2746 1239 2790 fuerant,
1270 2745 1454 2780 instaurat.
1503 2750 1573 2779 tum
1595 2744 1633 2777 in

185 2792 414 2828 attinentibus
445 2793 650 2838 domiciliis,
682 2793 743 2828 ubi
763 2793 933 2827 stationes
960 2792 998 2827 in
1025 2791 1246 2837 processibus
1267 2791 1359 2825 obiri
1380 2792 1512 2834 solent,
1544 2801 1633 2834 quae

186 2839 334 2874 Romani
357 2840 505 2875 Secreta
526 2845 672 2886 vocant,
694 2844 765 2875 tam
782 2838 820 2872 in
836 2839 968 2874 maiore
987 2849 1087 2883 quam
1109 2837 1261 2881 minore,
1285 2837 1418 2872 Christi
1442 2835 1571 2871 domini
1594 2847 1636 2870 ac
