1890 3224
253 174 374 205 xxm*
859 162 1089 217 QUERGII

257 273 300 310 in
321 285 398 326 quo
418 270 574 312 Pisidae
597 273 645 310 de
661 264 1086 325 gestis-'imperatorum
1109 273 1405 325 Cpolitanorzcm
1423 272 1588 315 historia
1602 270 1706 315 *con-

258 341 418 378 tinetur.
473 339 669 379 Iohannes
698 347 830 378 autem
859 343 1051 394 Georgius
1081 345 1306 380 Herwartus
1338 341 1390 379 ad
1420 343 1647 395 Hoemberg
1663 345 1706 381 in

259 408 340 446 suis
367 408 414 445 de
441 422 483 445 re
512 407 790 460 chronologica
820 411 1035 462 capitibus,
1063 410 1244 448 Usserius
1274 411 1421 462 aliique
1444 424 1526 449 nou
1549 410 1708 449 dubita-

258 482 350 512 runt
385 475 553 526 Georgio
592 481 725 513 nostro
763 477 972 515 attribuere
991 466 1309 515 'celeberrimum
1347 476 1450 514 illud
1483 476 1706 527 chronicon,

260 539 368 593 quod
392 543 567 593 primum
598 542 806 580 Fastorum
833 544 1057 582 Siculorum
1084 557 1130 581 ac
1157 543 1300 581 deinde
1328 543 1512 582 Chmnici
1528 546 1708 583 Alexan-

201 657 207 659 ·
262 606 364 645 drini
394 614 433 645 et
461 607 661 647 Paschalis
690 610 878 648 lemmate
903 612 1111 663 vulgatum
1140 618 1211 650 est.
1269 610 1341 649 sed
1367 611 1475 664 quod
1494 611 1546 649 ad
1562 613 1710 650 biblio-

259 672 416 712 thecam
432 676 734 715 Vauiceuauam
753 685 903 729 spectat
915 708 925 728 ,
958 692 1079 731 quam
1097 686 1256 730 patrum
1277 680 1444 717 Oratorii
1463 678 1709 716 humanitate

259 755 377 793 saepe
398 741 505 781 adire
526 751 565 781 et
580 751 704 782 totam
722 746 960 796 perlustrare
975 745 1077 784 mihi
1094 747 1217 794 licuit,
1244 746 1361 797 plane
1379 748 1570 785 assentior
1584 747 1710 784 Leoni

260 810 427 860 Annio,
458 812 527 863 qui
544 813 750 851 Possevini
771 815 1043 851 auctoritatem
1060 815 1112 851 ita
1135 814 1333 851 convellit.
1385 809 1505 852 “licet
1522 815 1640 851 anxie
1657 814 1711 850 li-

260 877 375 915 brum
409 878 695 931 quaesiverim,
739 892 936 932 saepeque
966 878 1141 917 indicem
1171 866 1210 917 et
1237 882 1488 932 potissimam
1520 882 1711 919 librorum

259 951 412 994 partem
429 947 711 997 pervolverim,
742 946 793 985 ad
809 946 915 984 hunc
934 954 1069 984 tamen
1089 946 1195 985 diem
1211 961 1410 1000 nusquam
1425 949 1505 986 tale
1523 961 1620 998 opus
1642 961 1711 986 oc-

262 1015 393 1053 currit.
453 1027 476 1053 o
497 1015 668 1064 utinam,
700 1010 808 1067 quod
825 1027 906 1052 non
927 1013 1065 1063 credo,
1097 1022 1212 1053 esset.
1272 1029 1445 1053 errorem
1464 1015 1558 1053 inde
1572 1022 1712 1053 natum

263 1082 470 1120 existimo:
499 1094 593 1119 nam
620 1083 688 1135 qui
711 1083 903 1120 librorum
934 1082 1174 1119 Graecorum
1201 1081 1376 1120 indicem
1402 1084 1592 1132 confecit,
1621 1097 1712 1121 cum

262 1150 304 1186 in
322 1148 406 1187 cod.
425 1151 470 1189 B.
494 1151 572 1190 112
585 1178 595 1198 ,
625 1150 787 1201 antiquo
806 1149 900 1186 satis
921 1156 959 1186 et
980 1150 1153 1200 optimae
1171 1156 1288 1188 notae
1302 1179 1312 1199 ‚
1346 1149 1417 1189 sed
1433 1163 1579 1202 parvae
1594 1151 1712 1188 molis

262 1215 384 1265 libro,
413 1214 620 1254 historiam
649 1215 698 1254 de
727 1216 1031 1267 imperatoribus
1063 1217 1281 1268 Cpolitanis
1307 1218 1350 1255 in
1376 1219 1570 1270 principio
1595 1232 1713 1270 repe-

262 1284 398 1331 risset,
430 1296 518 1320 eam
539 1289 673 1320 tamen
701 1279 904 1333 ἇκὲφαλον
929 1284 1193 1334 plurimarum
1219 1286 1456 1336 paginarum
1487 1287 1713 1335 amissione,

265 1362 386 1401 quam
411 1357 550 1401 postea
572 1363 672 1401 opus
704 1351 747 1388 in
786 1352 1065 1388 Hexaemeron
1099 1352 1259 1403 Georgii
1284 1351 1444 1390 Pisidae
1479 1354 1715 1405 excipiebat,

263 1429 358 1466 nec,
388 1424 433 1455 ut
457 1430 530 1469 par
550 1424 660 1466 (erat,
691 1416 1033 1463 animadvertisset
1051 1416 1258 1457 historiam
1277 1421 1449 1471 primam
1473 1419 1522 1458 de
1540 1422 1716 1473 impeta-

263 1485 412 1522 toribus
439 1485 685 1542 Cous-tantini
711 1486 917 1523 Manassae
942 1484 1156 1538 Synopsim
1173 1501 1278 1537 esse,
1309 1501 1398 1525 eam
1417 1490 1586 1540 Georgio
1608 1490 1715 1527 Pisi-

265 1549 360 1599 dae,
390 1551 593 1608 sequentis
622 1553 751 1602 operis
781 1552 952 1600 auctori,
983 1551 1055 1590 sed
1081 1555 1293 1592 oscitanter
1316 1557 1457 1605 nimis,
1489 1556 1649 1594 donavit
1676 1563 1715 1594 et

265 1615 408 1655 harum
437 1623 570 1655 reru'm
599 1619 730 1654 anxiis
759 1618 897 1654 fucum
930 1614 1070 1655 fecit.''
1126 1621 1234 1672 quod
1256 1629 1388 1660 autem
1410 1625 1636 1662 Herwartus
1662 1637 1715 1662 ex

264 1682 388 1720 Suida
416 1684 582 1735 probare
616 1683 839 1733 contendit,
889 1683 1063 1723 chronici
1094 1687 1298 1727 Paschalis
1331 1692 1561 1742 scriptorem
1591 1693 1714 1731 fuisse

263 1747 461 1799 Pisidam,
491 1752 582 1802 qui,
611 1759 655 1789 ut
672 1753 757 1803 ipse
779 1754 854 1800 ait,
885 1765 982 1790 aevo
1000 1755 1174 1791 Heraclii
1194 1756 1357 1794 florebat
1375 1759 1537 1811 eiusque
1560 1774 1622 1799 res
1643 1774 1716 1812 ge-

263 1822 364 1865 stas,
394 1823 434 1854 et
459 1818 618 1855 Persica
646 1819 752 1856 bella
778 1820 953 1856 oratione
975 1820 1102 1858 libera
1127 1825 1368 1874 composuit,
1402 1838 1523 1878 quam
1544 1829 1595 1865 sit
1617 1828 1718 1866 ridi-

63 1888 99 1922 ι)-
122 1876 243 1915 XXIII
265 1882 419 1932 culum,
450 1891 613 1935 apparet
641 1899 694 1923 ex
725 1887 775 1924 iis
801 1900 902 1939 quae
924 1887 973 1925 de
991 1890 1217 1928 testimonio
1241 1891 1387 1929 Suidae
1413 1896 1593 1945 superius
1613 1895 1718 1934 dicta

264 1955 368 1989 sunt.
404 1963 500 1988 nam
522 1954 749 2006 Herwartus
771 1967 817 1992 ea
839 1956 925 2006 ipsa
946 1956 1093 1994 Suidae
1113 1958 1253 2007 verba,
1279 1956 1522 2014 Ἑξαήμερον
1545 1958 1603 2003 δι’
1618 1961 1716 2016 ἰάμ-

263 2016 350 2068 βων
382 2016 438 2064 εἰς
467 2016 543 2071 ἔπη
570 2020 782 2072 τρισχίλια·
822 2022 879 2070 εἰς
901 2021 1133 2077 Ἡράκλειον
1159 2022 1231 2065 τόν
1257 2026 1437 2078 βασιλέα,
1467 2027 1535 2069 καὶ
1565 2029 1621 2078 εἰς
1643 2029 1716 2072 τόν

262 2079 363 2122 navo?
386 2086 556 2137 Περσῶν
573 2083 770 2138 πόλεμον,
798 2088 851 2125 ad
868 2088 946 2127 hoc
967 2090 1182 2129 chronicon
1199 2093 1502 2143 significandum
1518 2097 1630 2140 inani
1645 2112 1715 2137 co-

263 2157 360 2187 natu
385 2149 616 2204 detorquet,
648 2156 762 2205 quasi
789 2155 924 2194 Pisida
952 2171 1031 2196 uno
1060 2165 1216 2197 tantum
1240 2173 1358 2211 opere
1380 2170 1539 2214 coeptos
1554 2165 1602 2203 ab
1620 2167 1714 2205 orbe

266 2215 423 2254 condito
442 2231 569 2270 usque
587 2219 638 2256 ad
653 2222 883 2259 Heraclium
901 2231 939 2260 et
956 2225 1160 2263 Persicum
1183 2227 1334 2266 bellum
1352 2231 1526 2269 Heraclii
1540 2234 1714 2272 Annales

261 2290 492 2334 prosecutus
523 2287 587 2324 sit.
644 2288 699 2324 'ita
727 2290 835 2325 enim
856 2287 902 2330 το“
927 2291 984 2339 εἰς
1008 2294 1306 2346 interpretatur,
1335 2304 1379 2334 ut
1406 2298 1538 2336 valeat
1562 2313 1642 2338 non
1666 2300 1715 2338 de

262 2351 454 2388 Heraclio
468 2351 540 2390 sed
555 2366 681 2406 usque
698 2355 757 2392 ad
768 2357 1025 2406 Heracliam,
1041 2361 1354 2413 interpunctione
1373 2372 1464 2402 ante
1481 2366 1538 2414 εἰς
1553 2368 1713 2406 omnino

263 2418 431 2456 sublata.
487 2418 564 2458 hoc
596 2429 729 2460 autem
757 2437 904 2462 vanum
932 2439 1018 2465 esse
1046 2431 1242 2467 Herwarti
1263 2439 1530 2470 colmnentum
1547 2432 1715 2473 demon-

261 2486 399 2523 stravit
428 2486 651 2527 Matthaeus
677 2489 855 2529 Raderus
888 2494 930 2530 in
966 2495 1107 2547 Praefl
1145 2495 1197 2534 ad
1223 2496 1300 2537 hoc
1325 2500 1458 2550 ipsum
1487 2498 1713 2552 chronicon,

262 2551 370 2603 quod
397 2554 715 2594 Alexandrinum
741 2559 941 2611 inscripsit
970 2568 1089 2614 atque
1113 2563 1262 2615 edidit,
1293 2579 1346 2603 ex
1363 2568 1451 2618 ipso
1473 2567 1598 2606 Suida
1618 2571 1713 2607 satis

262 2625 395 2669 aperte
423 2622 607 2660 evincens
636 2626 912 2664 Hexaemeron
940 2629 1099 2667 Pisidae
1129 2645 1214 2670 esse
1242 2646 1339 2684 opus
1364 2647 1386 2670 a
1409 2636 1547 2672 ceteris
1570 2633 1712 2673 distin-

261 2691 381 2725 ctum.
440 2688 512 2726 sed
535 2696 574 2726 et
595 2687 772 2730 Raderus
790 2695 875 2745 ipse
898 2693 947 2732 de
964 2696 1121 2735 Pisidae
1138 2700 1292 2750 scriptis
1309 2701 1476 2753 loquens
1493 2702 1712 2739 aluciuatus

259 2758 337 2790 est:
366 2766 460 2792 nam
480 2757 654 2808 primum
672 2773 725 2798 ex
742 2774 803 2800 ms
821 2761 908 2800 cod.
928 2765 976 2801 A.
994 2764 1255 2804 bibliothecae
1273 2769 1540 2819 Augustanae,
1569 2770 1611 2810 in
1632 2782 1711 2822 quo
