1838 3210
541 180 875 227 DESCRIPTIO
910 183 953 226 S.
987 183 1236 227 SOPHIAE.
1516 184 1611 229 125

382 293 503 331 insita
523 292 624 330 cella
639 291 800 343 procul,
829 295 946 344 quasi
954 294 1056 342 filia
1073 293 1259 332 culminis
1277 294 1379 340 eius,

381 349 536 387 stellato
560 351 734 400 spatiosa
753 348 872 386 tholo.

166 419 260 444 nam
278 404 470 444 concham
489 413 527 443 et
547 407 663 444 bema
682 406 835 443 caelum
850 413 1142 458 repraesentare
1164 405 1267 444 dixit
1284 406 1458 458 Symeon
1477 403 1611 442 Thes-

166 464 253 511 sal„
280 469 325 500 ut
343 476 461 514 supm
482 463 731 500 observatum
746 469 818 500 est.
874 462 980 515 quod
1001 476 1093 501 vero
1114 462 1162 500 de
1180 476 1292 500 cruce
1313 463 1459 499 ciborio
1478 463 1612 512 impo-

167 521 242 557 sita
262 518 456 568 diximus,
486 520 663 557 firmatur
680 526 882 570 praeterea
906 532 958 557 ex
978 521 1184 558 Anastasio
1212 521 1255 557 in
1278 521 1411 557 Leone
1432 530 1503 557 lv·
1543 531 1611 555 sa—

167 590 279 613 crum
302 576 468 632 desuper
486 575 701 613 construxit
717 576 863 622 altare,
886 583 924 612 et
941 575 1131 614 ciborium
1151 590 1243 614 cum
1261 589 1375 613 cruce
1391 582 1463 612 etc.
1505 580 1544 611 et
1562 586 1615 611 ex

167 624 316 670 eodem
326 633 494 670 Paulino
512 633 541 670 l.
558 635 586 674 2
605 634 729 684 epigr.
750 635 789 681 2,
808 632 877 670 ubi
895 639 1023 671 totum
1039 633 1175 671 ciborii
1191 639 1423 685 apparatum
1440 638 1478 669 et
1497 643 1613 669 orna-

166 696 252 726 tum
269 688 473 727 describit:

299 771 302 774 ·
334 745 515 784 divinum
529 744 754 782 veneranda
774 751 913 796 tegunt
926 745 1075 783 altaria
1087 745 1256 797 foedus,

383 802 679 852 compositisque
695 814 810 838 sacra
831 815 920 838 cum
938 816 1052 839 cruce
1070 802 1310 853 martyribus

331 865 474 894 cuncta
490 857 690 908 salutiferi
711 864 850 894 coeunt
867 859 1043 909 insignia
1066 858 1229 904 Christi,

383 927 497 959 crux,
526 926 685 964 corpus,
713 915 880 965 sanguis
901 916 1103 965 martyris,
1131 916 1213 965 ipse
1226 914 1334 952 deus.

167 967 361 1023 quaedam
375 969 440 1008 his
461 977 722 1008 consentanea
742 969 863 1008 habet
879 973 992 1022 epist.
1017 974 1069 1012 12
1087 970 1138 1008 ad
1154 972 1367 1010 Severum:

324 1026 447 1077 pleno
465 1033 643 1063 coruscat
661 1028 818 1064 trinitas
835 1029 1014 1077 mysterio
1027 1042 1039 1064 .-

333 1090 414 1120 stat
438 1083 617 1120 Christus
628 1096 756 1135 agno,
794 1096 870 1121 vox
880 1085 1013 1134 patris
1031 1083 1138 1121 caelo
1157 1090 1286 1130 tonat,

332 1146 370 1176 et
378 1152 456 1190 per
471 1138 697 1176 columbam
714 1140 878 1189 spiritus
892 1147 1053 1177 sanctus
1060 1141 1177 1190 fluit.

331 1209 486 1233 crucem
506 1209 649 1233 corona
669 1196 800 1233 lucido
816 1197 945 1247 cingit
959 1196 1098 1248 globo,-

332 1253 400 1289 cui
415 1266 580 1290 coronae
599 1260 695 1290 sunt
710 1266 853 1290 corona
871 1253 1058 1303 apostoli,

334 1309 653 1360 quorumfigura
671 1316 730 1345 est
749 1310 792 1345 in
808 1309 1081 1347 columbarum
1099 1309 1228 1347 choro.

167 1362 259 1402 vide
279 1365 449 1402 eundem
468 1366 572 1402 infra
590 1379 630 1416 p.
652 1365 732 1406 155
750 1371 790 1402 et
806 1367 1025 1403 Honorium
1043 1362 1444 1417 Augustodunensem
1464 1365 1487 1404 1
1519 1364 1614 1405 135.

278 1423 345 1463 62.
402 1421 603 1458 ciborium
623 1417 779 1474 πύργου
798 1434 869 1459 seu
886 1423 1002 1460 turris
1021 1424 1182 1460 nomine
1203 1420 1371 1459 donatur
1385 1433 1408 1458 a
1425 1421 1615 1459 Silentia-

168 1476 227 1515 rio
246 1484 346 1528 part.
366 1479 392 1517 2
414 1490 452 1514 v.
470 1480 570 1518 203:

333 1533 517 1586 χρυσείῃς
543 1528 586 1574 δ’
609 1529 816 1586 ἐφύπερθε
837 1530 1129 1602 παναχροὶντοιο
1154 1530 1346 1602 τραπέζης
1640 1534 1670 1569 Ρ
1695 1531 1763 1570 574

335 1587 504 1637 ασπετος
532 1585 822 1640 εὕρυκέλευθον
850 1590 890 1637 ἐς
915 1587 1016 1642 η’έρα
1042 1589 1196 1643 πύργος
1224 1586 1382 1641 ohtam.

167 1658 297 1697 neque
315 1645 430 1683 aliter
444 1653 607 1684 vocatur
623 1658 646 1682 a
667 1646 864 1684 Germano
884 1646 1107 1698 patriarcha
1125 1648 1208 1684 CP.
1245 1645 1276 1698 ἦ
1300 1661 1438 1715 κογχη
1444 1648 1519 1686 τοῦ
1537 1649 1619 1686 θυ-

168 1703 398 1754 σιαστηρίου
428 1698 641 1752 μεταθεσίς
667 1701 748 1743 ἔστι
777 1705 851 1743 τοῦ
875 1706 1069 1756 σταυροῦ,
1111 1703 1154 1743 οἱ
1170 1700 1313 1770 πύργοι
1330 1700 1374 1743 δὲ
1394 1699 1443 1743 τὰ
1465 1706 1620 1755 σημεῖα,

168 1755 235 1798 δια
265 1761 383 1799 τοῦτο
414 1755 456 1798 δ’
486 1754 687 1810 ἀμφότερα
713 1761 1021 1811 λογοθετοῦνται
1047 1760 1104 1807 εἰς
1126 1755 1340 1812 πρόσωπον
1361 1761 1443 1799 τῶν
1461 1759 1620 1811 ἱερουρ-

166 1809 359 1866 γούντων.
416 1815 487 1850 vix
505 1815 611 1851 enim
627 1815 756 1851 Goaro
779 1817 971 1852 assentiar
988 1814 1064 1853 hoc
1081 1817 1168 1853 loco
1190 1821 1374 1867 quattuor
1393 1815 1530 1852 ciborii
1550 1828 1618 1852 co—

167 1870 324 1908 lumnas
347 1867 544 1920 designari
563 1871 820 1918 existimanti,
850 1873 1080 1922 praesertim
1101 1884 1192 1908 cum
1214 1872 1331 1909 turris
1351 1871 1618 1922 appellatione

168 1925 274 1977 apud
295 1926 504 1978 plerosque
526 1940 579 1964 ex
598 1928 749 1963 Latinis
769 1928 977 1978 scriptores
1000 1930 1084 1965 sive
1105 1929 1236 1964 maius
1257 1928 1340 1965 sive
1358 1929 1490 1964 minus
1508 1926 1617 1964 cibo-

166 1985 272 2020 rium
293 1982 532 2033 designetur.
574 1984 706 2019 minus
725 1984 831 2020 enim
846 1983 1038 2021 ciborium
1055 1985 1260 2032 vocabant,
1292 1983 1398 2035 quod
1419 1990 1502 2020 erat
1520 1996 1615 2035 por—

167 2040 278 2076 tatile
297 2046 335 2077 et
353 2038 527 2077 adinstar
543 2041 701 2077 maioris
719 2040 893 2077 effictum
914 2048 1016 2088 erat,
1057 2048 1100 2078 ut
1130 2054 1228 2078 mox
1250 2039 1526 2088 ostendemus3
1571 2046 1615 2077 ut

168 2097 314 2142 maius,
354 2095 460 2147 quod
489 2097 610 2133 altare
642 2097 854 2147 operiebat.
922 2096 1144 2135 Chronicon
1174 2097 1374 2134 Abbatum
1397 2098 1543 2134 Montis
1572 2097 1615 2134 S.

165 2151 395 2190 Michaelis:
434 2166 473 2189 a.
504 2152 612 2193 1103
643 2152 834 2190 ciborium
870 2155 1002 2190 maius
1040 2153 1242 2199 ecclesiae,
1285 2153 1392 2204 quod
1420 2154 1618 2205 Roget-ius

165 2208 464 2256 aedificaverat,
492 2210 650 2246 corruit.
713 2216 751 2246 et
768 2210 915 2247 Paulus
934 2210 1214 2249 Warnefridus
1234 2209 1283 2247 de
1308 2210 1416 2247 Gest.
1440 2210 1619 2261 Langob.

167 2267 193 2306 3
222 2266 276 2306 25
308 2272 347 2302 et
378 2278 430 2301 ex
462 2278 507 2302 eo
533 2266 742 2303 Aimoinus
770 2268 871 2304 Hist.
898 2268 963 2304 Fr.
991 2270 1016 2309 3
1047 2269 1095 2307 ὃς
1128 2267 1185 2311 „de
1211 2281 1288 2318 quo
1313 2280 1414 2304 auro
1441 2268 1523 2317 ipse
1554 2280 1620 2303 rex

160 2321 415 2371 postmodum
442 2320 632 2358 ciborium
654 2322 825 2359 solidum
850 2324 975 2361 mirae
1004 2324 1296 2375 magnitudinis
1311 2330 1348 2360 et
1363 2325 1505 2375 magni
1513 2337 1622 2373 pon-

167 2377 271 2414 deris
278 2378 402 2428 ficit,
436 2378 648 2429 multisque
676 2378 784 2416 illud
803 2382 971 2431 gemmis
993 2381 1287 2430 pretiosissimis
1314 2380 1542 2417 decoratum
1567 2379 1624 2417 ad

166 2433 392 2484 sepulcrum
413 2433 565 2471 domini
582 2435 902 2486 IIierosolymam
917 2438 1180 2474 transmittere
1197 2437 1335 2474 voluit.
1382 2449 1455 2487 per
1472 2444 1622 2474 turrem

165 2490 287 2540 igitur
314 2491 506 2528 ciborium
533 2492 733 2528 intellexit
756 2493 991 2531 Fortunatus
1019 2494 1276 2531 Pictaviensis
1295 2493 1324 2530 l.
1349 2494 1373 2533 3
1404 2494 1528 2544 epigr.
1551 2496 1619 2541 23,

168 2545 275 2598 quod
292 2547 517 2584 inscribitur
539 2546 591 2584 ad
612 2548 785 2586 Felicem
808 2551 1047 2601 episcopum,
1069 2551 1108 2586 in
1130 2557 1278 2587 turrem
1296 2550 1402 2587 eius:

335 2616 457 2654 quam
476 2602 571 2640 bene
589 2605 726 2641 iuncta
747 2606 886 2643 docent
903 2608 1052 2643 sacrati
1070 2614 1115 2643 ut
1135 2607 1306 2657 corporis
1328 2607 1429 2657 agni

383 2661 647 2711 margaritum
665 2662 806 2713 ingens
827 2666 950 2699 αιίνεα
970 2663 1074 2700 dona
1082 2663 1227 2714 serant
1246 2669 1320 2700 etc.

168 2719 207 2751 et
226 2710 467 2753 Flodoardus
488 2718 588 2754 Hist.
607 2718 721 2754 Rem.
744 2721 770 2759 2
801 2720 851 2759 6:
882 2721 1023 2756 turrim
1043 2732 1198 2771 quoque
1217 2732 1399 2766 auream,
1428 2729 1550 2770 quam
1563 2715 1622 2753 ad

166 2776 301 2807 votum
328 2783 444 2807 suum
459 2771 667 2822 fabricari
680 2774 856 2825 fecerat,
888 2790 1006 2827 super
1032 2775 1160 2813 altare
1182 2776 1318 2826 posuit
1340 2776 1384 2813 S.
1412 2773 1619 2811 Rememis

167 2826 364 2864 ecclesiae.
425 2829 656 2868 Anastasius
681 2831 723 2867 in
750 2832 791 2870 S.
820 2833 1050 2871 Innocentio
1077 2833 1166 2870 ΡΡ.
1215 2839 1360 2869 turrem
1389 2837 1619 2881 argenteam
