1890 3224
423 213 498 257 DE
530 212 913 257 EXPEDITIONE
944 212 1170 258 PERSIGA
1201 212 1323 258 ACR.
1356 212 1410 256 Π.
1573 214 1643 260 ,21

309 327 388 371 185
422 328 605 371 ἐντεῦθεν
620 326 729 383 ἡμᾶς
749 327 798 370 οὗ
819 325 1062 384 ταράττουσι
1085 326 1222 385 φόβοι,

422 396 470 438 οὗ
496 398 704 453 φροντίδες
717 401 913 451 χαυνοῧσι
932 396 1006 451 τὴν
1029 398 1277 453 προθυμίαν,

422 464 470 506 οὗ
492 466 700 521 συμφοραὶ
719 463 931 506 δάκνουσιν
938 495 952 515 ,
983 464 1029 505 οὗ
1050 466 1183 518 θλιβει
1206 463 1348 515 κόπος·

419 531 521 590 ἴρως
541 533 617 589 γὰρ
638 530 748 587 ἡμᾶς
771 531 936 587 εὐσεβὴς
960 533 1199 589 περιτρέχων

421 602 477 651 εἷς
499 601 571 651 τὰς
592 599 769 656 ἀνάγκας
790 602 858 642 καὶ
876 599 1125 657 περιστάσεις
1145 600 1264 642 πλέον

260 683 271 703 ’-
308 672 390 714 190
421 673 571 726 νευρῶν
587 673 759 728 -συνιστᾷ
781 668 876 718 τοὺς
895 667 1036 718 τόνους
1053 673 1127 711 τοῦ
1150 669 1332 726 σαρκίον.

416 736 472 788 ὥς
494 731 565 779 οὖν
586 737 782 795 σοφιστὴς
799 743 883 787 τοῖς
902 739 1093 793 ἰατρικοῖς
1108 735 1241 792 λόγοις

415 812 556 862 πεῖραν
576 803 766 859 συνάψας
786 805 858 847 οὐκ
881 805 1010 861 ἀφῆκε
1028 805 1100 858 τὴν
1119 803 1237 846 νόσον

412 877 597 929 κρυπτῶς
615 869 930 926 ὖποσμῦχουσαν
948 874 1004 922 εἷς
1021 870 1159 926 βάθος
1172 870 1343 927 βλάβης,

411 940 505 984 ἀλλ’
531 940 655 990 εὐθὺς
675 941 863 994 ἐξέκοψεν
881 939 908 994 ἢ
929 941 1032 996 ξίφει
1048 938 1194 994 τεμών,

298 1009 377 1054 195
411 1008 439 1064 ἢ
456 1012 679 1059 καυστικῶς
697 1007 870 1065 ἔφλεξεν,
898 1007 926 1063 ἢ
942 1009 1159 1065 καθαρσίῳ

408 1077 483 1128 τὰς
501 1075 613 1118 ἔνδον
634 1076 760 1131 αὐτῆς
778 1077 1033 1132 ἐκκαθαίρων
1056 1077 1209 1127 αἰτίας,

409 1145 515 1188 οὕτω
533 1144 579 1187 τὸ
598 1149 718 1199 σῶμα
734 1149 808 1187 τοῦ
825 1142 1124 1201 στρατεύματος
1141 1142 1231 1186 τότε

407 1212 534 1270 εὗρὼν
553 1214 737 1255 κακωθέν
755 1213 798 1254 ἐκ
821 1216 1098 1270 φιλοβλαβοῦς
1121 1210 1242 1254 νόσου

407 1283 566 1335 ἐπέσχες
586 1280 733 1331 αὐτοὺς
753 1282 796 1322 ἔκ
817 1285 943 1335 κακῆς
959 1280 1205 1334 ἀπληστίας,

288 1354 372 1395 200
405 1348 509 1408 λόγῳ
526 1347 715 1406 καθάρας
732 1349 807 1399 τὰς
826 1349 972 1405 ὀρέξεις
991 1351 1062 1402 τῆς
1082 1346 1255 1402 βλάβης.

403 1425 562 1476 κρατεῖν
579 1417 657 1474 γὰρ
677 1417 797 1473 ἔγνως
818 1417 948 1477 ῥᾷστα
966 1421 1046 1458 τῶν
1064 1417 1251 1458 ἐναντίων
1298 1433 1304 1437 ·

405 1488 448 1528 ἐν
473 1486 652 1544 εὐσεβείᾳ
673 1485 744 1528 τὸν
765 1483 938 1541 στρατόν
960 1501 1033 1527 σου
1051 1483 1270 1541 ῥυθμίσας.

444 1553 666 1595 ἢἘντεῦθεν
684 1551 780 1607 ὖμῖν
801 1553 925 1603 εὐθὺς
943 1552 1194 1608 ἔπτερωμὲνη

401 1622 489 1677 νίκη
507 1625 715 1678 προσῆλθε
731 1623 945 1678 Περσικῶν
965 1617 1251 1674 σκυλευμάτων

281 1691 365 1732 205
399 1689 477 1746 πρὸ
499 1694 571 1743 τῆς
589 1688 725 1744 μάχης
748 1690 930 1747 φέρουσα
949 1686 1174 1744 νικητήρια.

400 1759 483 1800 ἐπεὶ
503 1758 580 1813 γὰρ
603 1755 709 1812 εἶχες
725 1757 842 1800 οὐδὲν
865 1756 1114 1812 ἠμελημένον

399 1825 495 1867 ἀλλ’
522 1825 732 1878 ἐξέπεμπες
753 1825 954 1881 ἐκδρομὰς
974 1823 1261 1872 εὖσυνθέτους,

398 1893 528 1943 ἱππεῖς
547 1893 617 1934 ἐπ”
638 1892 765 1949 ἄγραν
785 1895 994 1946 πανταχοῦ
1015 1887 1297 1946 ταχυὸρόμους
1308 1921 1322 1942 ,

394 1965 582 2018 παρῆσαν
601 1961 640 2003 οἱ
659 1961 846 2021 φέροντες
866 1961 907 2002 ἓν
928 1964 1080 2016 βραχεῖ
1088 1956 1224 2016 χρόνῳ

278 2033 362 2072 210
395 2030 467 2072 οὐκ
489 2027 820 2086 εὐκαταφρόνητα
836 2029 994 2085 θηρίων
1012 2029 1103 2084 γένη

267 2147 333 2182 187
353 2146 483 2190 θλίψει
505 2147 535 2183 Ρ

173 2244 278 2291 (Ϊ85)
295 2247 374 2281 hinc
388 2259 450 2282 nos
465 2259 533 2283 non
547 2249 649 2283 timor
667 2248 841 2293 exagitat,
874 2259 940 2282 non
961 2258 1062 2282 curae
1086 2247 1247 2289 frangunt
1269 2243 1367 2278 animi
1390 2243 1626 2289 praesentiam,

172 2303 241 2326 non
257 2296 388 2327 terrent
404 2304 513 2337 casus,
530 2306 596 2328 non
611 2295 773 2339 opprimit
786 2294 951 2329 molestia.
997 2304 1092 2327 amor
1106 2292 1191 2326 enim
1207 2290 1345 2336 pietatis
1359 2301 1434 2324 sese
1450 2290 1547 2322 nobis
1564 2291 1627 2323 ob-

171 2348 313 2372 versans
329 2338 364 2372 in
379 2340 481 2374 rebus
496 2340 611 2373 arduis
628 2345 664 2373 et
676 2340 760 2384 ipsis
772 2339 807 2373 in
822 2339 981 2386 periculis
995 2339 1101 2382 magis
1128 2338 1228 2381 (190)
1254 2345 1378 2370 nervos
1392 2340 1560 2380 tonosque
1574 2335 1628 2370 in·-

171 2383 283 2417 tendit
296 2384 458 2428 corporis.
506 2385 662 2429 utigitur
675 2385 827 2430 sophista
838 2411 849 2426 ‚
874 2385 932 2430 qui
948 2385 1098 2419 medicae
1112 2382 1274 2416 scientiae
1289 2380 1528 2426 experientiam
1545 2392 1628 2415 cou-

170 2427 298 2473 iunxit,
329 2441 395 2463 non
411 2429 534 2464 dimisit
548 2431 700 2465 morbum
714 2431 799 2464 clam
813 2431 904 2465 intus
919 2430 1117 2464 exedentem
1133 2428 1302 2474 profundo
1318 2427 1451 2468 ulcere,
1481 2426 1539 2459 sed
1554 2432 1627 2459 sta-

170 2473 231 2507 tim
247 2474 392 2508 abscidit
406 2480 466 2509 aut
481 2478 572 2509 ferro
587 2480 764 2521 amputans
788 2477 887 2520 (195)
904 2481 964 2510 aut
984 2476 1130 2509 adurens
1152 2474 1320 2516 caustico,
1352 2475 1413 2505 aut
1426 2472 1626 2517 purgatione

171 2519 280 2552 morbi
294 2520 441 2555 latentes
457 2522 614 2555 auferens
630 2532 748 2555 causas
759 2547 769 2562 ,
801 2521 851 2555 ita
865 2533 939 2556 cum
954 2522 1004 2555 tui
1019 2527 1101 2555 tunc
1116 2530 1238 2564 corpus
1253 2517 1423 2552 exercitus
1439 2517 1624 2551 inhumani-

170 2564 252 2598 tatis
267 2566 383 2599 morbo
399 2567 486 2600 male
501 2567 659 2601 affectum
677 2566 884 2608 invenisses,
912 2567 1030 2601 malam
1055 2564 1238 2600 coercuisti
1254 2563 1390 2598 militum
1407 2562 1623 2606 inexplebili-

169 2612 285 2652 tatem,
310 2611 414 2655 (200)
428 2623 582 2646 sermone
598 2612 781 2648 emundans
796 2612 980 2658 appetitum
995 2612 1130 2646 noxium
1188 2621 1307 2653 regere
1323 2608 1410 2642 enim
1427 2608 1542 2641 melius
1560 2619 1623 2641 no-

169 2665 271 2688 veras
286 2666 385 2699 quum
399 2657 513 2691 hostes
523 2683 534 2700 ‚
557 2658 742 2692 exercitum
753 2684 764 2701 ‚
797 2669 895 2703 quem
911 2659 954 2692 ad
970 2658 1130 2703 pietatem
1145 2653 1371 2689 conformasti.
1416 2653 1493 2688 hinc
1507 2654 1623 2688 statim

169 2699 231 2733 tibi
247 2700 409 2735 advolans
433 2702 568 2737 obviam
590 2703 686 2738 venit
706 2703 869 2746 victoria,
904 2716 947 2738 ex
961 2703 1107 2738 Persicis
1123 2700 1238 2745 spoliis
1261 2699 1361 2742 (205)
1378 2705 1458 2732 ante
1473 2709 1618 2744 pugnam

167 2744 325 2779 adferens
339 2749 494 2791 tropaea.
539 2748 622 2782 nihil
636 2749 743 2794 enim,
767 2749 857 2794 quod
874 2750 968 2783 factu
986 2759 1071 2793 opus
1087 2749 1188 2787 esset,
1211 2745 1421 2790 neglexeras,
1442 2745 1501 2779 sed
1518 2744 1618 2777 mise-

165 2801 224 2823 ras
239 2796 448 2836 opportunos
464 2804 673 2836 excursores,
695 2795 825 2839 equites
838 2794 880 2828 ad
895 2793 1124 2840 praedandum
1139 2790 1414 2836 expeditissimos.
1469 2789 1516 2822 illi
1533 2800 1616 2824 vero

166 2835 370 2873 adstiterunt
393 2837 490 2874 brevi
511 2839 660 2875 serentes
682 2843 837 2885 tempore
863 2841 966 2887 (210)
981 2851 1050 2876 non
1071 2837 1173 2884 plane
1194 2835 1410 2883 despicienda
1431 2834 1614 2872 belluarum
