1890 3224
325 153 419 200 162
666 153 943 208 QUERCIUS
976 154 1035 197 IN
1069 154 1429 200 HERACLIADIS

320 265 400 302 nici
417 262 621 302 Paschalis
634 278 680 314 p.
700 265 781 306 399
801 263 1198 316 Dastagerchosaris,
1228 278 1251 302 a
1268 263 1446 303 cedreno
1464 272 1596 304 autem
1617 267 1769 318 Dysta-

315 321 444 372 gerda
467 321 700 371 appellatur.
757 326 798 358 at
815 320 951 360 Pisida
967 323 1203 361 Artaxerxis
1230 320 1297 360 vel
1328 323 1532 361 ArtaxarIs
1561 337 1707 361 nomen
1726 325 1768 360 in

320 380 544 415 Artaserem
586 379 863 427 commutavit,
908 385 1027 431 atque
1060 380 1117 416 ita
1154 392 1207 417 ex
1238 377 1391 416 duabus
1417 379 1578 418 vocibus
1603 381 1771 422 Persicis

318 446 440 470 unam
457 434 606 471 Graeco
626 447 736 471 more
757 435 948 472 inflexam
966 435 1133 484 effinxit,
1162 434 1238 474 hoc
1255 441 1326 483 est,
1354 435 1629 482 Darartasim,
1657 437 1771 489 quasi

319 488 467 527 diceret
487 491 648 528 Daram
666 490 886 529 Artas-eris.

431 547 526 588 172.
582 553 626 585 ut
652 560 770 598 saepe
796 546 848 585 ad
874 549 1161 599 aurigationes,
1188 561 1289 600 quae
1316 549 1359 586 in
1385 546 1491 591 ludis
1524 547 1770 589 Circensibus

317 602 477 650 fiebant,
509 602 763 656 ἀλληγορίζει.
821 617 916 642 113111
934 601 1132 657 καμπτήρ,
1162 617 1185 642 a
1201 602 1368 656 κάμπτω
1378 605 1521 655 fleetO,
1550 610 1609 642 051
1616 604 1770 653 flexus,

316 672 438 711 quem
461 660 562 697 circa
581 667 730 698 metam
748 661 851 699 Circi
871 661 936 700 vel
956 660 1211 713 hippodromi
1235 662 1365 698 facere
1393 661 1574 699 solebant
1597 661 1770 711 aurigae,

316 717 462 753 iterum
479 717 702 769 iterumque
723 730 745 754 a
766 730 919 756 carcere
938 725 1192 756 excurrentes
1211 716 1428 769 eodemque
1450 723 1702 754 revertentes.

430 775 524 814 173.
581 772 648 811 hic
682 780 741 811 est
772 775 1017 812 Artaxerxes
1049 775 1114 813 vel
1146 776 1381 822 Artaxeres‚
1426 775 1629 824 gregarius
1654 773 1771 813 miles

316 830 460 877 Persa,
491 830 562 881 qui
591 830 719 868 occiso
747 831 948 869 Artabano
978 832 1027 879 4,
1059 844 1151 882 rege
1168 830 1408 869 Parthorum
1429 830 1590 878 ultimo,
1619 830 1771 880 primus

318 887 525 938 antiquum
545 887 756 924 Persarum
776 889 817 924 in
841 889 1000 925 Oriente
1019 889 1250 939 imperium,
1282 886 1390 939 quod
1404 888 1446 923 in
1463 887 1582 924 Dario
1603 885 1770 934 finierat,

317 943 542 990 renovavit,
571 944 721 980 Romae
752 945 973 994 imperante
999 943 1230 981 Alexandro
1261 945 1521 980 Mammaeae.
1578 942 1693 994 plura
1721 939 1771 980 de

317 1012 363 1035 eo
393 997 643 1036 Herodianus
668 998 739 1036 lib.
763 1003 788 1041 6
812 1007 851 1037 et
871 998 1065 1050 Agathias
1084 998 1154 1036 lib.
1179 999 1220 1039 4.
1276 1012 1426 1037 novum
1453 1005 1587 1036 autem
1606 997 1682 1035 hoc
1706 1011 1772 1035 re-

315 1067 441 1105 gnan
463 1055 510 1091 ab
535 1067 637 1092 311110
660 1053 806 1092 Christi
826 1057 908 1096 226
928 1056 995 1093 vel
1014 1058 1095 1096 227
1116 1054 1168 1092 ad
1188 1068 1337 1092 3111111111
1354 1068 1480 1107 usque
1501 1057 1583 1096 632
1605 1055 1672 1092 vel
1690 1052 1773 1096 645

315 1110 494 1148 duravit:
526 1112 629 1148 mira
653 1113 761 1147 enim
782 1117 841 1149 est
858 1111 902 1147 in
921 1110 999 1149 hoc
1017 1112 1168 1148 Persici
1187 1113 1300 1161 regni
1318 1111 1396 1148 fine
1415 1109 1651 1148 stabiliendo
1673 1111 1772 1148 scri-

315 1174 475 1218 ptorum
506 1165 720 1215 dissensio,
751 1179 922 1218 quorum
953 1168 1158 1218 opiniones
1187 1166 1238 1204 ad
1267 1180 1438 1204 examen
1463 1173 1621 1204 revocat
1641 1173 1680 1204 et
1698 1179 1772 1204 ex·-

313 1222 453 1274 pendit
478 1224 722 1260 Assemanus
750 1221 947 1260 Biblioth.
980 1223 1128 1260 Orient.
1153 1229 1245 1260 tom.
1268 1226 1293 1264 3
1309 1230 1420 1273 part.
1446 1226 1466 1264 1
1483 1237 1532 1273 p.
1552 1221 1648 1264 425.
1706 1236 1772 1260 re·-

313 1292 410 1330 gum
435 1285 527 1330 post
552 1285 785 1316 renovatum
815 1279 1028 1329 imperium
1050 1280 1255 1317 Persicum
1282 1279 1560 1330 genealogiam
1581 1285 1621 1322 et
1643 1277 1773 1317 histo-

315 1337 416 1372 riam
438 1336 566 1374 obiter
591 1334 797 1386 descripsit
816 1333 1008 1386 Agathias
1029 1336 1073 1372 in
1094 1335 1171 1373 fine
1189 1335 1260 1372 lib.
1284 1336 1330 1384 4,
1361 1337 1431 1387 qui
1447 1342 1583 1373 tamen
1602 1348 1650 1372 ea
1669 1347 1772 1387 quae

314 1392 434 1429 refert
462 1391 506 1432 ἐκ
537 1393 861 1443 τοῖν..Περσικῶν
889 1392 1057 1443 βιβλίων
1082 1391 1408 1443 μεταληφθέντα,
1444 1405 1490 1431 ex
1507 1392 1680 1431 Persicis
1701 1405 1772 1429 ar-

313 1448 442 1486 chivis
465 1448 674 1498 desumpta
695 1461 775 1485 esse
803 1447 989 1485 affirmat.
1048 1461 1186 1486 verum
1215 1461 1306 1486 011111
1335 1449 1405 1485 1110
1431 1461 1546 1486 5113111
1574 1448 1771 1486 narratio—-

312 1517 407 1541 nem
434 1502 486 1541 ad
512 1502 731 1541 chosroam
762 1505 785 1544 1
815 1516 942 1556 usque
976 1502 1164 1553 deducat,
1197 1506 1307 1542 cuius
1331 1505 1461 1543 obitus
1480 1503 1532 1542 ad
1549 1517 1586 1541 a.
1605 1503 1687 1546 579
1706 1517 1772 1541 re-

310 1561 458 1609 fertur,
489 1561 524 1597 si
543 1561 631 1612 quis
647 1561 913 1610 posteriorum
930 1573 1071 1610 regum
1090 1563 1236 1599 seriem
1252 1573 1369 1598 nosse
1390 1562 1535 1611 cupiat,
1563 1558 1772 1599 laudatum

309 1618 442 1654 virum
469 1618 547 1653 Ios.
575 1616 782 1653 Simonem
809 1617 1093 1653 Assemanium
1119 1614 1235 1653 adeat
1265 1616 1349 1653 loco
1375 1617 1464 1662 cit„
1494 1617 1563 1668 qui
1585 1628 1637 1653 ex
1659 1616 1771 1667 Syris

310 1672 566 1723 scriptoribus
594 1670 763 1711 eandem
790 1670 1088 1722 chronologiam
1113 1671 1166 1708 ad
1188 1670 1470 1722 Iezdegerdem
1488 1684 1614 1723 usque
1633 1685 1771 1722 perse-

309 1731 463 1781 quitur,
495 1735 613 1780 atque
633 1726 741 1766 hunc
759 1728 892 1779 ipsum
909 1728 1097 1765 ultimum
1114 1729 1237 1766 fuisse
1256 1730 1466 1765 Persarum
1481 1740 1619 1778 regem
1637 1734 1771 1767 contra

309 1783 625 1835 Theophanem,
669 1797 694 1821 a
722 1796 802 1835 quo
828 1797 903 1821 rex
928 1784 1048 1833 alter,
1086 1783 1299 1822 Hormisda
1326 1785 1392 1822 vel
1416 1786 1675 1823 Hormizanes
1704 1785 1771 1823 vel

310 1840 582 1879 Hormisdates
600 1841 762 1878 nomine
774 1869 785 1889 ,
818 1847 909 1890 post
925 1839 1206 1891 Iezdegerdem
1225 1840 1439 1890 sufficitur,
1469 1842 1564 1884 satis
1583 1841 1742 1879 evincit.

424 1896 523 1938 175.
580 1895 773 1947 Agathias
800 1896 870 1934 lib.
895 1899 922 1937 2
940 1911 985 1947 p.
1013 1897 1093 1938 122
1123 1900 1148 1938 6
1177 1899 1305 1935 Βο1111.

427 1955 522 1995 178.
579 1951 684 1990 113110
709 1951 868 1991 Pisidae
901 1954 1223 2004 supputationem
1251 1966 1342 1991 cum
1374 1952 1629 2003 chronologia
1657 1954 1768 2003 Aga-

312 2009 421 2048 thiae
443 2016 483 2046 et
502 2010 713 2048 Assemani
735 2010 944 2047 conciliare
962 2016 1229 2059 tentaveram,
1259 2008 1331 2048 sed
1349 2010 1481 2047 irritus
1501 2010 1630 2047 omnis
1648 2021 1769 2047 00113-

314 2073 377 2104 tus
404 2066 494 2104 fuit.
553 2078 650 2103 nam
676 2064 1031 2118 quomodocunque
1054 2064 1158 2103 hanc
1177 2069 1231 2108 76
1251 2079 1445 2103 annorum
1463 2063 1672 2116 periodum
1693 2077 1768 2102 ex-

312 2121 487 2174 pendas,
519 2135 661 2174 quam,
695 2129 739 2159 ut
766 2121 940 2170 videtur,
972 2129 1150 2159 auctores
1174 2122 1250 2160 sibi
1276 2134 1440 2160 coaevos
1457 2129 1614 2159 secutus
1634 2121 1770 2159 statuit
1823 2138 1830 2143 ·

313 2185 468 2226 noster,
501 2178 729 2215 nullatenus
750 2180 958 2215 convenire
979 2176 1271 2228 deprehendes,
1300 2177 1500 2231 siquidem
1516 2178 1587 2215 ille
1603 2176 1768 2215 huiusce

312 2235 589 2286 sanguinariae
611 2232 764 2284 periodi
784 2247 943 2272 cursum
962 2233 1013 2271 ad
1030 2247 1178 2271 annum
1196 2247 1323 2286 usque
1343 2237 1423 2276 628
1442 2232 1654 2286 protrahit,
1688 2245 1767 2285 quo

311 2290 505 2329 chosroes
529 2302 553 2326 a
577 2290 730 2327 iuniore
760 2288 841 2327 filio
874 2290 988 2327 Siroa
1015 2296 1074 2327 est
1099 2292 1380 2342 interemptus,
1416 2297 1461 2328 ut
1487 2296 1597 2342 patet
1622 2302 1676 2327 ex
1700 2302 1767 2327 se·-

310 2348 450 2399 quenti
481 2358 599 2385 versu
626 2346 720 2388 199.
780 2359 832 2383 ex
850 2352 932 2384 toto
954 2347 1061 2383 enim
1082 2345 1201 2385 huius
1218 2348 1413 2398 po'e‘matis
1433 2353 1622 2384 contextu
1641 2357 1766 2398 appa-

310 2411 370 2440 ret
391 2402 492 2441 haec
513 2403 715 2453 scripsisse
735 2400 913 2439 Pisidam
942 2404 1075 2440 statim
1107 2416 1153 2441 ac
1179 2406 1342 2444 nuntius
1362 2401 1411 2441 de
1430 2401 1549 2440 caede
1568 2400 1766 2441 Chosroae

310 2459 453 2509 Cpolin
474 2459 616 2496 allatus
639 2465 711 2497 est.
767 2459 902 2511 itaque
922 2460 957 2497 si
975 2472 1124 2497 annum
1143 2461 1480 2526 septuagesimum
1496 2465 1656 2496 sextum
1673 2463 1766 2495 ante

309 2522 479 2553 mortem
508 2513 705 2553 Ghosroae
733 2522 919 2552 exactum
939 2517 1139 2568 inquiras,
1168 2518 1211 2554 in
1232 2529 1381 2554 annum
1399 2515 1673 2553 dominicum·
1661 2514 1765 2551 mci-

306 2569 378 2609 des
404 2570 506 2619 551,
538 2573 606 2623 qui
636 2572 711 2609 fuit
738 2574 850 2622 regni
882 2570 1078 2610 Chosroae
1106 2574 1272 2610 senioris
1296 2573 1513 2623 ,vigesimus
1541 2568 1764 2610 secundus·

307 2625 415 2666 hunc
435 2629 544 2665 0111111
563 2629 673 2665 3111111
689 2630 862 2666 1011111550
882 2641 1050 2679 regnum
1073 2641 1197 2667 annos
1221 2627 1289 2670 48.
1349 2635 1388 2666 at
1414 2630 1560 2667 seniori
1578 2625 1764 2666 successit

307 2682 540 2722 Hormisdas
570 2685 636 2722 vel
665 2684 940 2723 Hormisdares
974 2685 1102 2734 filius,
1145 2683 1380 2723 Hosmisdae
1408 2692 1541 2723 autem
1568 2682 1781 2722 chosroes?

307 2741 458 2789 iunior,
490 2753 658 2792 quorum
673 2742 742 2779 ille
762 2753 884 2779 annos
908 2745 978 2790 12,
1008 2740 1075 2779 hic
1096 2754 1189 2779 vero
1209 2743 1263 2783 38
1280 2754 1466 2793 regnasse
1490 2742 1628 2778 fertur.
1682 2735 1763 2775 ho-

308 2809 397 2836 rum
423 2798 545 2848 igitur
578 2798 698 2835 trium
730 2810 871 2850 regum
899 2796 1173 2836 tantummodo
1208 2799 1454 2837 successione
1482 2799 1536 2839 76
1568 2805 1763 2834 annorum
1831 2820 1837 2826 -
