1890 3224
352 168 431 212 DE
458 168 640 214 REBUS
666 168 815 214 POST
841 168 1156 215 mmmcmlii
1183 168 1391 215 GESTIS.
1542 170 1608 216 59

155 283 292 327 δοσίου
317 281 501 341 ἀπειρίαν
507 314 522 336 ,
553 285 622 327 καὶ
646 282 701 335 ὧς
721 282 795 340 οὔχ
815 284 963 336 ἱκανῶς
984 282 1063 340 ἔχει
1084 283 1139 328 τὰ
1162 282 1265 342 πρὸς
1283 283 1380 335 τοῦς
1396 284 1610 338 πολεμίους

155 354 526 396 ἀντικαθίστασθαι
533 383 548 405 ,
589 353 826 410 ἐφίστανται
857 353 966 412 αύτῷ
995 357 1281 411 παραινοῦντες
1301 353 1376 407 τὴν
1398 354 1609 407 βασιλείαν

155 420 492 479 παραιτήσασθαι
525 423 594 463 καὶ
628 421 822 475 ἀβλαβῶς
851 423 1092 465 ἰδιωτεῦσαι.
1156 423 1224 465 καὶ
1255 421 1377 471 αὐτὸς
1399 419 1609 478 ὑπεχώρει,

156 490 336 533 ἐνιαυτὸν
360 491 430 533 ἕνα
461 491 504 532 ἐν
523 494 573 546 τῇ
601 491 788 549 βασιλείᾳ
818 491 1046 548 διαρκέσας.
1113 488 1197 533 εἶτα
1224 492 1280 540 εἷς
1298 494 1442 548 ψῆφον
1462 491 1607 544 ἔληλυ-
1629 502 1661 537 c

124 558 293 602 5θότων
323 563 397 602 τοῦ
423 557 736 612 βασιλεύσοντος
762 556 894 616 ᾑρέθη
923 561 1050 602 Λέων
1077 556 1100 602 ὃ
1126 560 1361 616 πατρίκιος,
1395 563 1617 614 τηνικαῦτα

156 627 379 684 στρατηγὸς
407 626 466 669 ὢν
496 631 567 668 τοῦ
597 631 679 670 τῶν
707 627 951 670 ἀνατολικῶν
974 627 1187 684 λεγομένου
1208 631 1398 685 στρατοῦ.
1467 629 1533 669 καὶ
1559 625 1616 678 ὥς

155 691 206 751 ἦν
226 694 324 746 ἔθος
336 699 566 750 βασιλεῦσι,
601 695 670 738 διὰ
691 697 948 753 προπομπίου
971 699 1095 752 δοχῆς
1114 696 1184 739 διὰ
1201 702 1273 751 τῆς
1286 700 1445 753 χρυσῆς
1464 700 1614 738 καλου-

155 764 278 819 με’νης
292 763 421 819 πύλης
440 766 496 815 εἷς
511 764 558 807 τὸ
574 762 797 817 Βυζάντιον
816 763 1031 809 εἰσελαύνει
1041 797 1054 817 ,
1079 767 1147 807 καὶ
1166 766 1207 808 ἐν
1227 770 1278 822 τῇ
1294 763 1448 822 μεγάλῃ
1470 766 1615 820 ἐκκλη-

157 833 227 894 σία
246 831 454 889 γενόμενος
471 833 592 875 ἐκεῖσε
613 833 683 876 τὸν
705 838 779 887 τῆς
794 836 1003 887 βασιλείας
1022 832 1243 889 ἀνεδήσατο
1265 834 1476 891 στέφανον.

104 907 150 942 10
286 899 338 944 Ὅ
359 903 405 944 δὲ
421 906 502 944 τῶν
519 905 768 959 Σαρακηνῶν
789 902 888 953 λαὸς
912 907 1079 946 πλεῖστα
1098 907 1180 945 τῶν
1197 900 1407 956 Ῥωμαίων
1425 901 1614 944 καθελών

155 968 386 1023 πολίσματα
415 969 717 1024 καταλαμβάνει
741 971 816 1025 τὴν
841 971 1063 1028 Πέργαμον
1087 971 1337 1026 καλουμένην
1362 968 1505 1022 πόλιν,
1546 971 1616 1013 καὶ

126 1044 131 1050 ’
156 1036 237 1092 ἤδη
255 1042 328 1092 τῆς
344 1037 447 1095 πρὸς
465 1038 592 1093 αὐτὴν
613 1040 846 1091 πολιορκίας
863 1039 1030 1093 ajano.
1097 1041 1166 1081 καὶ
1193 1038 1344 1094 ταύτην
1364 1039 1548 1095 αἱροῦσιν
1571 1040 1615 1088 ἐξ

157 1106 289 1156 αι’τίας
308 1108 483 1149 τοιᾶσδε.
546 1106 590 1149 ἕκ
608 1124 716 1158 τινος
739 1109 972 1162 δαιμονικῆς
987 1108 1161 1157 ἐπινοίας
1177 1107 1215 1150 οἳ
1231 1111 1304 1162 τῆς
1323 1105 1478 1157 πόλεως
1497 1105 1611 1149 ἴνδον
1633 1114 1665 1148 D

158 1173 414 1231 πρωτοτόκον
440 1172 565 1230 κόρην
588 1174 780 1229 λαβόντες
804 1176 1102 1231 ἓγκυμονοῦσαν
1123 1177 1190 1217 καὶ
1211 1174 1290 1229 ἤδη
1312 1175 1414 1231 πρὸς
1429 1174 1475 1217 τὸ
1492 1182 1618 1217 τεκεῖν

106 1251 149 1288 15
161 1243 390 1298 ἐγγίζουσαν
399 1274 412 1294 ,
447 1244 515 1285 καὶ
539 1242 689 1298 ταύτην
708 1260 752 1286 τε
774 1243 962 1298 ἀνέτεμσν
980 1245 1048 1285 καὶ
1066 1242 1112 1286 τὸ
1133 1244 1176 1285 ἓν
1197 1243 1302 1299 αύτῇ
1315 1243 1470 1299 βρέφος
1488 1242 1617 1300 ἄραν-

159 1327 224 1360 τες
256 1312 320 1353 ἒπὶ
354 1312 521 1366 λε’βητος
547 1311 668 1354 ὕδατι
694 1310 885 1366 ἕψοῦσιν,
919 1311 993 1369 ἔφ’-
1021 1305 1071 1354 οὗ
1089 1311 1127 1353 οἳ
1146 1310 1247 1367 πρὸς
1265 1310 1311 1353 τὸ
1327 1314 1513 1364 πολεμεῖν
1533 1318 1619 1362 τοῖς

154 1380 326 1435 ’ἐχθροῖς
350 1381 715 1436 παρεσκευασμένοι
735 1380 810 1430 τὰς
822 1381 1004 1437 χειρίδας
1022 1384 1104 1422 τῶν
1124 1382 1264 1430 δεξιῶν
1279 1385 1426 1435 χειρῶν
1444 1379 1619 1433 κατεβά-

159 1464 321 1490 πτισαν.
388 1448 540 1491 ἐκεῖθέν
560 1464 603 1491 τε
624 1448 676 1492 τὰ
697 1450 739 1500 ἐξ
759 1448 882 1504 ὀργῆς
901 1452 976 1491 τοῦ
993 1452 1097 1491 θεοῦ
1118 1446 1441 1502 κατελάμβανεν·
1473 1448 1515 1489 αἶ
1539 1448 1618 1504 γὰρ

157 1522 289 1572 χεῖρες
318 1514 575 1573 ἐφάπτεσθαι
598 1515 729 1575 ιὸπλου
751 1518 1007 1574 διείργοντο,
1026 1518 1094 1559 καὶ
1116 1514 1427 1574 ἀπρακτούντων
1446 1516 1485 1558 οἶ
1500 1516 1620 1558 πολέ-

105 1591 248 1639 2ομιοι
263 1585 338 1638 τὴν
355 1584 472 1626 πόλιν
493 1582 600 1627 εἷλον
615 1586 804 1639 ἀμαχητί.
851 1586 1004 1627 ἐκεῖθεν
1024 1584 1194 1641 ἄραντες
1212 1585 1250 1627 οἶ
1268 1586 1499 1641 Σαρακηνοὶ
1518 1584 1620 1640 πρὸς

160 1656 220 1710 τῷ
241 1656 368 1709 στενῷ
382 1656 456 1707 τῆς
467 1652 642 1707 Ἀβύδου
663 1652 1020 1707 καταλαμβάνουσι
1040 1656 1108 1695 καὶ
1129 1655 1185 1703 εἲς
1202 1653 1256 1696 τὰ
1275 1654 1338 1694 ἐπὶ
1362 1651 1529 1712 Θρᾴκης
1546 1653 1619 1695 ἄν·-

160 1725 470 1777 τιπεραιοῧνται.
511 1723 581 1764 καὶ
599 1724 766 1764 πλεῖστα
783 1719 934 1776 ταύτης
950 1719 1106 1772 ἑλόντες
1122 1723 1350 1774 πολίσματα
1370 1722 1434 1762 ἐπὶ
1450 1721 1523 1775 τὴν
1537 1726 1621 1774 βα»

161 1787 401 1832 σιλεύουσαν
428 1788 643 1846 ἀφίκοντο,
676 1791 744 1831 καὶ
763 1787 929 1845 χάρακα
955 1788 1082 1845 ταύτῃ
1110 1788 1423 1845 περιβάλλουσι,
1454 1790 1522 1830 καὶ
1546 1793 1620 1844 τῆς
1639 1802 1669 1836 Ρ
1691 1801 1738 1838 35

252 1883 275 1919 5
298 1880 435 1928 εὑρέθη
453 1883 484 1918 Ρ
647 1884 692 1920 13
712 1883 956 1928 δαιμονιακῆς
978 1882 1101 1924 αἰτίας
1121 1882 1246 1918 lemma
1264 1888 1369 1919 uotae
1388 1883 1618 1920 Petavianae.

254 1941 300 1965 an
317 1928 539 1970 ἐπιπνοίας7

160 2008 209 2044 sii
234 2008 443 2055 imperitiam
472 2007 791 2044 animadverterent
809 2020 854 2044 ne
879 2020 925 2044 ue
946 2008 1055 2043 tantis
1078 2007 1229 2042 hosfium
1250 2007 1386 2043 viribus
1409 2007 1622 2045 sustinendis

161 2066 282 2101 parem
308 2067 387 2089 esse
409 2055 557 2099 scirent,
585 2055 718 2089 instare
738 2062 844 2101 atque
892 2055 1001 2089 ortari
1022 2060 1213 2100 coeperunt
1234 2058 1272 2088 ut
1294 2054 1442 2100 imperio
1460 2066 1540 2089 sese
1558 2057 1623 2090 ab-

163 2101 299 2135 dicaret
329 2113 371 2135 ac
400 2105 476 2135 tuto
508 2112 548 2135 se
570 2100 607 2135 iu
632 2102 786 2136 ordinem
806 2100 886 2146 cogi
907 2106 1101 2147 pateretur.
1149 2112 1214 2135 nec
1243 2100 1482 2135 condicionem
1503 2101 1626 2136 abnuit

162 2146 244 2190 ille,
277 2148 341 2181 sed
358 2159 449 2181 anno
469 2147 610 2192 imperii
629 2152 790 2182 vertente
806 2154 932 2193 sponte
956 2159 996 2182 se
1014 2146 1204 2181 abdicavit.
1250 2146 1333 2180 inde
1356 2147 1401 2180 de
1422 2158 1625 2181 successore

163 2192 349 2237 deligendo
367 2193 547 2227 consilium
563 2193 698 2238 ineunt,
718 2206 760 2240 a‚c
777 2198 850 2228 tum
866 2194 962 2229 forte
977 2194 1052 2228 Leo
1070 2192 1238 2238 patricius
1256 2192 1390 2226 oblatus
1408 2197 1475 2236 est,
1491 2193 1622 2227 Orien-

163 2237 292 2272 talibus
310 2238 425 2283 copiis
441 2250 483 2273 ea
499 2245 706 2284 tempestate
723 2241 935 2285 praefectus.
980 2239 1040 2273 hic
1055 2238 1176 2283 igitur,
1196 2243 1236 2272 ut
1251 2238 1481 2283 imperatores
1498 2238 1623 2283 solent,

165 2283 301 2318 solenni
324 2295 451 2329 pompa
481 2290 664 2330 susceptus
691 2297 799 2321 aurea
829 2292 934 2332 porta
963 2285 1173 2329 Byzantium
1201 2284 1420 2330 ingreditur,
1458 2290 1566 2331 atque
1586 2284 1626 2319 iu

164 2329 296 2365 maiore
319 2329 469 2363 ecclesia
489 2330 746 2375 imperatoriam
768 2343 930 2366 coronam
950 2331 1093 2376 aecipit-

254 2375 304 2410 At
336 2375 504 2409 Saraceni
533 2376 649 2411 multis
676 2379 907 2413 Romanorum
935 2378 1075 2424 oppidis
1098 2375 1233 2411 eversis
1255 2376 1460 2420 Pergamum
1479 2376 1624 2422 insuper
1646 2388 1680 2411 a.
1702 2377 1771 2413 717

166 2426 359 2467 occupant3
390 2433 493 2467 quam
523 2433 609 2456 cum·
622 2422 831 2468 aliquamdiu
855 2424 1095 2467 obsedissent,
1128 2423 1219 2456 hanc
1243 2423 1288 2456 ob
1311 2433 1449 2455 causam
1469 2423 1507 2456 iu
1529 2434 1626 2457 suam

164 2472 375 2512 potestatem
407 2467 585 2512 redigunt.
632 2469 798 2514 oppidani
828 2470 949 2504 furore
979 2470 1130 2515 quodam
1159 2467 1243 2502 mali
1272 2467 1450 2501 daemonis
1474 2469 1628 2514 correpti

165 2518 416 2558 praegnantem
446 2513 616 2559 puellam,
650 2525 742 2559 quae
769 2519 842 2549 tum
863 2515 1012 2560 primum
1032 2521 1170 2550 uterum
1192 2514 1354 2556 ferebat,
1386 2513 1454 2548 iam
1477 2513 1628 2549 vicinam

166 2559 286 2603 partui
313 2565 516 2603 consecant,
554 2571 595 2594 ac
627 2561 818 2595 detractum
846 2566 947 2596 utero
972 2562 1080 2596 fetum
1109 2560 1147 2594 in
1177 2571 1289 2603 aquae
1321 2558 1472 2594 caldario
1499 2572 1625 2605 perco-

167 2609 299 2648 quunt3
333 2605 460 2641 dehinc
482 2606 610 2640 milites
629 2618 747 2640 omnes
769 2607 914 2641 dextrae
935 2618 1055 2642 manus
1077 2606 1207 2650 digitos
1232 2604 1270 2638 iu
1292 2616 1356 2639 vas
1378 2605 1463 2640 illud
1486 2606 1626 2640 immer-

169 2655 269 2693 gunt.
315 2661 437 2684 verum
462 2657 534 2686 tam
559 2652 706 2687 immane
727 2652 862 2687 facinus
887 2659 1034 2698 repente
1057 2653 1178 2687 divina
1199 2650 1254 2684 ira
1275 2652 1514 2697 consequitur:
1547 2664 1624 2686 nam

169 2706 285 2740 neque
306 2707 427 2730 manus
449 2703 667 2733 contrectare
688 2710 783 2733 arma
801 2704 1001 2744 potuerunt,
1023 2704 1060 2733 et
1082 2697 1300 2732 cessantibus
1315 2696 1384 2732 illis
1402 2698 1520 2732 hostes
1537 2699 1626 2731 urbe

167 2740 246 2775 sine
291 2742 402 2776 raelio
424 2743 529 2787 potiti
555 2750 648 2780 sunt.
694 2745 774 2779 hinc
801 2745 955 2790 profecti
976 2743 1145 2780 Saraceni
1169 2743 1214 2777 ad
1237 2743 1359 2777 fauces
1380 2743 1498 2787 Abydi
1519 2748 1626 2787 atque

167 2785 207 2820 in
228 2787 263 2821 T
329 2787 415 2822 ciam
437 2794 613 2834 postremo
635 2790 743 2826 delati
765 2795 859 2825 suut.
905 2803 971 2826 nec
993 2790 1114 2837 paucis
1133 2788 1206 2823 illic
1228 2789 1367 2835 oppidis
1388 2789 1543 2824 subactis
1564 2799 1623 2822 re-

167 2832 261 2878 giam
287 2834 334 2869 ad
362 2835 484 2870 urbem
505 2838 732 2874 contendunt.
778 2848 880 2883 quam
907 2849 983 2873 cum
1012 2835 1180 2882 operibus
1209 2835 1423 2881 cinxissent,
1458 2833 1624 2870 tredecim
