1838 3210
553 177 886 230 DESCRIPTIO
920 180 965 225 S.
1002 180 1254 227 SOPHIAE.
1527 184 1624 231 115

181 283 233 323 de
249 286 431 326 fenestris
450 286 676 328 absidarum
696 290 778 340 agit
797 291 1029 330 Anastasius
1050 292 1093 330 in
1109 294 1244 331 Leone
1261 305 1312 332 111
1331 292 1420 331 1³1²:
1448 293 1572 332 simul
1587 302 1626 333 et

167 342 374 393 fines-tras
393 344 441 385 de
459 344 600 383 absida
626 359 673 383 ex
695 349 796 384 vitro
815 347 978 385 diversis·
1000 349 1194 388 coloribus
1210 351 1403 389 conclusit
1420 357 1538 403 atque
1554 352 1624 391 de-

180 400 342 438 coravit.
403 407 444 438 et
458 403 646 441 Paulinus
663 405 752 441 Nat.
771 406 819 445 9:

882 467 921 497 et
937 468 1076 511 aperta
1089 474 1165 512 per
1181 474 1300 499 arcus
1350 492 1353 494 μ

391 510 528 552 lucida
538 514 662 566 frons
680 514 823 566 bisbres
832 517 1092 568 perfunderet
1109 520 1250 555 intima
1267 518 1382 570 largo

393 570 560 616 lumine,
579 573 781 622 conspicui
795 573 1014 624 adfaciem
1030 588 1217 612 conversa
1238 575 1427 625 sepulcri,

394 640 472 678 quo
489 629 634 679 tegitur
645 629 774 678 posito
794 631 944 679 sopitus
963 645 1121 681 corpore
1143 633 1317 681 Martyr.

176 691 293 730 porro
309 680 523 722 vitrearum
541 684 823 733 fenestrarum,
868 699 969 738 quae
990 690 1091 726 vitro
1113 689 1155 725 in
1179 695 1319 726 tenues
1341 688 1509 727 laminas
1532 689 1622 728 fuso

176 735 369 774 obductae
387 747 497 777 erant
508 769 519 789 ‚
547 742 776 780 meminisse
794 743 1082 795 Hieronymum
1098 743 1255 796 pridem
1275 745 1531 783 observarunt
1549 748 1624 784 viri

176 790 296 831 docti.
324 795 405 834 Leo
427 797 508 834 Ost.
530 798 555 837 3
585 798 640 836 29
670 804 710 835 et
738 801 814 839 32:
830 799 1034 849 finestras
1054 823 1104 829 —
1123 800 1292 851 plumbo
1314 802 1439 839 simul
1458 816 1508 839 ac
1522 803 1624 840 vitm

174 852 390 899 compactis
407 851 556 889 tabulis
559 853 752 904 ferroque
765 857 950 893 connexis
964 856 1140 894 inclusit.
1200 856 1343 894 harum
1359 871 1476 895 usum
1496 860 1623 897 serius

174 903 227 942 ad
253 907 462 946 Britannos
488 910 688 947 transiisse
715 909 834 948 tradit
851 911 960 950 Beda
983 913 1052 950 lib.
1073 914 1096 954 1
1121 911 1171 949 de
1193 912 1513 953 Wiremuthensi
1531 928 1621 954 mo-

172 964 358 1012 nasterio,
388 977 458 1002 seu
477 965 519 1001 in
539 966 628 1003 Vita
648 966 690 1004 S.
709 965 915 1006 Benedicti
936 970 1096 1021 Biscopi
1115 982 1148 1007 c.
1168 968 1210 1010 5.

283 1019 352 1061 53.
409 1023 454 1058 In
474 1020 606 1058 media
624 1035 669 1060 ac
690 1024 832 1061 maiori
854 1023 1003 1063 concha
1025 1032 1109 1063 erat
1133 1023 1227 1077 ἁγία
1245 1021 1416 1076 τράπεζα
1438 1039 1508 1063 seu
1529 1039 1623 1064 san-

166 1080 236 1129 2⁰t3²
260 1087 411 1115 mensa.
467 1076 715 1129 Epiphanius
743 1081 995 1132 Hagiopolita
1028 1081 1077 1120 de
1098 1083 1214 1120 Locis
1236 1082 1319 1121 SS:
1351 1079 1455 1133 πρός
1481 1079 1622 1124 ἄνατο-

170 1127 248 1181 lviv
275 1130 319 1171 δὲ
346 1136 430 1173 ταῖν
446 1131 609 1175 κιόνων
637 1133 692 1183 οἷς
715 1130 797 1176 οἷπὸ
826 1133 1091 1189 διαστήματος
1118 1135 1252 1191 ὀλίγον
1275 1138 1355 1178 ἔστι
1372 1133 1514 1191 κόγὴη,
1553 1139 1624 1180 καὶ

169 1186 324 1228 ἵσταται
343 1186 534 1242 τράπεζα,
567 1190 669 1231 ἔνθα
685 1194 905 1246 λειτουργεῖ
921 1193 947 1234 o‘
969 1191 1224 1246 πατριάρχης.
1252 1195 1310 1232 sic
1327 1201 1462 1232 autem
1481 1197 1622 1246 appel-

171 1243 314 1287 labant*
326 1246 466 1284 Graeci
496 1247 620 1284 altare
645 1250 920 1299 praecipuum,
966 1263 1085 1302 super
1104 1263 1184 1303 quo
1203 1247 1251 1290 τὰ
1270 1247 1363 1303 ἅγια
1382 1250 1528 1288 fiebant
1551 1266 1623 1290 seu

171 1298 319 1339 Christi
336 1315 475 1354 corpus
497 1304 792 1342 conficiebatur:
821 1307 954 1343 Latini
973 1313 1154 1345 sanctum
1169 1321 1346 1344 mensam
1364 1314 1518 1344 vocant.
1547 1310 1622 1346 Ni-

171 1357 304 1395 colans
325 1371 341 1395 1
368 1372 472 1410 papa
501 1362 614 1410 epist.
636 1363 685 1400 2:
725 1361 854 1398 altare
880 1370 1063 1401 sanctum
1088 1365 1132 1400 in
1161 1378 1238 1414 quo
1267 1363 1338 1400 deo
1367 1365 1624 1414 omnipotenti

169 1413 456 1461 sacrificiorum
476 1422 568 1452 vota
587 1416 869 1466 persolvimus,
905 1418 1011 1469 lapis
1038 1427 1094 1456 est
1119 1419 1357 1456 naturaliter
1384 1423 1620 1467 communis,

171 1490 224 1496 —-·
243 1472 339 1520 quia
359 1484 448 1508 vero
468 1479 672 1510 sacratum
691 1480 748 1510 est
765 1473 830 1510 dei
842 1474 1038 1512 adiutorio
1056 1483 1094 1513 et
1111 1474 1408 1513 benedictionem
1432 1479 1620 1527 suscepit,

169 1539 305 1563 mensa
325 1534 465 1564 sancta
482 1529 661 1578 efficitur.
719 1531 945 1568 Amalarius
974 1533 1212 1570 Fortunatus
1239 1531 1288 1569 de
1318 1533 1469 1573 Eccles.
1502 1534 1619 1571 Offic.

168 1585 194 1623 3
222 1585 274 1624 21
301 1584 357 1620 ita
378 1582 524 1620 dictam
543 1592 688 1632 censet,
718 1586 827 1636 quod
842 1588 895 1623 sit
915 1600 1050 1624 mensa
1069 1588 1237 1633 domini,
1266 1590 1309 1625 in
1329 1602 1410 1639 qua
1430 1590 1620 1627 conviva-

167 1637 287 1676 batur
297 1653 387 1677 cum
398 1639 619 1691 discipulis.
652 1643 715 1679 cui
730 1643 894 1679 succinit
907 1644 1127 1682 Germanus
1145 1642 1365 1695 patriarcha
1375 1645 1459 1682 CP:
1478 1643 1508 1697 ἤ
1525 1644 1619 1699 ἁγία

165 1692 339 1748 τράπεζά
355 1695 461 1737 ἔστιν
481 1697 568 1736 ἀντὶ
585 1699 657 1748 τῆς
672 1697 863 1750 τραπέζης
875 1702 950 1739 τοῦ
962 1702 1139 1751 Χριστοῦ
1157 1698 1234 1741 σῦν
1249 1704 1332 1748 τοῖς
1350 1697 1531 1752 μύσταις.
1561 1703 1618 1740 ait

164 1759 370 1802 praeterea
381 1765 534 1790 sacram
542 1766 722 1791 mensam
732 1756 958 1806 sepulcrum
967 1755 1112 1794 Christi
1124 1764 1437 1808 repraesentare:
1476 1756 1507 1809 ἦ
1522 1757 1618 1811 ἁγία

153 1804 338 1860 ,τράπεζά
356 1807 461 1848 ἐστιν
480 1805 571 1848 ἀντὶ
586 1812 659 1849 τοῦ
671 1805 798 1849 τόπου
814 1813 886 1862 τῆς
902 1814 1036 1862 ταφῆς
1053 1812 1096 1852 ἐν
1112 1807 1142 1866 ᾖ
1156 1812 1274 1864 ἐτέθη
1294 1811 1319 1853 o‘
1330 1809 1509 1864 Χριστός,
1527 1813 1571 1854 ἐν
1585 1809 1617 1871 ᾗ

165 1860 371 1916 πρόκειται
389 1862 412 1905 ὁ
430 1860 621 1916 ἀληθινὸς
637 1863 705 1904 καὶ
726 1861 915 1918 οὐράνιος
933 1863 1069 1919 ὅῖρτος,
1105 1867 1136 1920 η’
1155 1865 1324 1919 μυστική
1343 1867 1413 1908 καὶ
1438 1865 1616 1921 ἀναίμα-

164 1934 232 1967 τος
252 1921 392 1960 θυσία.
449 1928 488 1958 et
507 1927 610 1958 certe
627 1934 808 1960 mensam
825 1923 1021 1961 veteribus
1040 1923 1119 1961 dici
1139 1925 1385 1976 sepulcrum,
1417 1926 1483 1963 vel
1506 1925 1615 1978 quod

163 1978 400 2028 posteriores
421 1977 599 2015 tumbam
617 1979 878 2030 appellavere,
903 1978 1016 2018 docet
1034 1987 1148 2018 vetus
1169 1982 1385 2032 inscriptio,
1417 1993 1518 2033 quae
1536 1995 1613 2020 ex-

164 2039 242 2071 stat
259 2032 476 2071 Mediolani
496 2036 539 2072 in
559 2036 797 2073 monasterio
817 2036 859 2073 S.
878 2037 1103 2075 Ambrosii:
1133 2038 1252 2075 MM.
1277 2038 1473 2074 Minio-me
1487 2039 1612 2087 Rufi-

164 2102 258 2135 nae,
291 2104 394 2140 quae
413 2091 513 2128 vixit
527 2092 646 2128 annis
663 2093 719 2131 22
743 2105 873 2129 mense
901 2106 980 2130 uno
1004 2093 1140 2130 diebus
1162 2092 1218 2134 24
1229 2122 1244 2139 ,
1273 2094 1448 2130 Minicia
1465 2094 1612 2132 Domi-

165 2146 230 2182 οἱα
248 2148 372 2183 sorori
383 2148 521 2196 posuit
540 2161 717 2185 mensam
736 2155 872 2185 contra
888 2156 1035 2187 votum.
1097 2150 1175 2187 alia
1193 2151 1354 2187 Brixiae
1373 2148 1424 2187 ad
1440 2150 1483 2188 S.
1505 2152 1613 2189 Fau-

163 2203 334 2240 stiuam:
363 2203 479 2240 Attio
499 2204 672 2240 Proculo
689 2205 864 2250 Lectori,
895 2206 991 2253 filio
1011 2206 1255 2252 dulcissimo,
1293 2208 1364 2257 qui
1387 2208 1487 2244 m'xit
1506 2222 1605 2246 ann.

165 2257 220 2298 18
235 2272 288 2295 m.
310 2260 355 2304 8,
383 2258 513 2296 Fabia
540 2260 724 2297 Secunda
741 2269 877 2298 contra
896 2269 1031 2299 votum
1046 2275 1222 2300 mensam
1233 2265 1368 2313 posuit
1386 2262 1423 2300 b.
1447 2277 1501 2300 m.
1535 2263 1609 2301 de-

162 2315 284 2366 nique
300 2329 456 2352 mensae
471 2318 631 2354 nomine
650 2318 787 2368 priscis
807 2316 1037 2357 Christianis
1055 2318 1211 2356 videtur
1230 2326 1479 2370 nuncupatus
1499 2321 1610 2359 locus

162 2371 207 2407 iu
229 2383 308 2422 quo
328 2373 454 2409 sancti
471 2380 663 2423 martyres
686 2372 977 2425 quodammodo
994 2376 1322 2423 immolabantur,
1363 2375 1459 2413 dum
1486 2378 1611 2414 vitam

161 2439 234 2477 pro
255 2426 409 2466 Christo
434 2428 706 2478 effundebant,
747 2430 1084 2482 quemadmodum
1113 2430 1290 2470 Christus
1316 2433 1402 2482 ipse
1430 2433 1473 2469 in
1499 2445 1610 2470 sacra

161 2494 300 2520 mensa
330 2497 352 2521 a
376 2483 642 2523 sacerdotibus
663 2487 706 2522 iu
730 2489 985 2526 sacrosanctis
1010 2490 1222 2526 missarum
1240 2489 1409 2539 liturgiis
1432 2488 1610 2540 quotidie

161 2538 400 2578 immolatur.
431 2554 509 2593 qua
528 2541 689 2594 quidem
706 2544 989 2593 significatione
1008 2544 1245 2596 Carthagine
1266 2558 1402 2582 mensa
1421 2545 1611 2595 Qypriaui

162 2596 435 2644 appellabatur
451 2598 561 2635 locus
584 2599 652 2636 ubi
671 2601 904 2649 martyrium
926 2603 1214 2638 consummavit
1235 2601 1277 2638 S.
1298 2602 1516 2652 Cyprianus
1529 2631 1538 2648 ‚
1570 2608 1610 2637 et

163 2651 234 2687 ubi
252 2652 504 2701 postmodum
530 2655 573 2691 in
599 2658 833 2693 memoriam
863 2670 1003 2695 mensa
1023 2664 1151 2695 erecta
1178 2663 1260 2705 est,
1290 2671 1388 2703 non,
1415 2658 1544 2708 inquit
1564 2657 1608 2694 S.

164 2708 407 2757 Augustinus
426 2710 553 2747 Serm-
574 2712 654 2752 113
674 2710 722 2749 de
747 2712 912 2751 diversis
935 2727 968 2750 c.
991 2717 1040 2762 2,
1072 2716 1168 2765 quia
1186 2713 1244 2750 ibi
1258 2720 1316 2750 est
1331 2719 1510 2764 unquam
1532 2713 1611 2762 Cy-

156 2764 331 2813 prianus
348 2765 548 2813 epulatus,
576 2768 648 2804 sed
665 2767 835 2818 quia'ibi
852 2777 907 2806 est
921 2770 1162 2807 immolatus.
1223 2776 1382 2807 exstant
1408 2781 1611 2806 sermones

163 2820 315 2872 aliquot
333 2820 510 2860 eiusdem
530 2824 744 2875 Augustini
771 2824 823 2882 ad
849 2823 952 2863 hanc
976 2838 1157 2864 mensam
1179 2823 1330 2875 habiti,
1372 2826 1482 2881 cuius
1502 2822 1612 2867 idem
