1890 3224
397 165 474 211 DE
506 167 687 213 REBUS
721 167 866 212 POST
894 167 1211 214 MAURIGIUM
1239 169 1448 216 GESTIS.
1581 171 1647 219 71

195 277 380 337 γοῦμενοι
398 283 473 324 καῖ
487 280 625 332 ἀλλοις
643 277 836 338 φάσμασί
847 299 951 326 τισιν
971 280 1318 338 ἐκδειματοῦμενοι
1335 282 1480 342 εὔρουν
1495 283 1649 344 ’ξίφεσιν

194 349 397 404 ἀλλήλους
424 349 536 400 τινὰς
563 347 802 404 βάλλοντας.
870 353 938 394 καὶ
968 351 1018 407 δὴ
1051 351 1157 395 οὕτω
1176 353 1228 395 τὰ
1251 355 1416 396 πλεῖστα
1436 352 1648 407 ἐξέβαινεν.

193 419 240 460 ’ἐν
259 418 390 461 οὐδενὶ
408 418 451 461 δ’
473 416 555 461 οἶοί
571 435 614 461 τε
635 413 740 474 ἦσαν
761 419 800 462 οἳ
818 418 1124 477 περισωζόμενοι
1141 425 1222 464 τῶν
1242 420 1516 477 ἀποιχομένων
1532 425 1645 478 ταφῇ

195 485 467 544 παραδιδόναι
485 487 537 530 τὰ
554 484 725 541 σώματα
743 490 811 531 καὶ
828 488 902 544 τὴν
923 487 1035 532 ὁσίαν
1055 490 1121 532 ἐπ’
1146 490 1282 540 αὐτοῖς
1304 494 1534 542 ποιεῖσθαι,
1559 486 1645 531 ἃλι-

159 561 183 596 5
196 557 332 611 γοστοὶ
350 555 462 610 μάλα
481 556 691 606 πλείστους
702 555 811 613 ἄγαν
830 558 1111 612 ἐκκομίζοντες.
1179 557 1241 600 διὸ
1266 557 1454 614 μηχανὰς
1472 558 1515 601 ἔκ
1537 574 1645 608 τινος

194 625 396 680 περινοίας
414 623 700 677 κατεσκεύαζον
719 623 985 683 ἀπαγόμενοι,
1018 634 1102 678 τοῖς
1122 625 1376 684 ἀχθοφόροις
1397 625 1518 685 ζῴοις
1529 627 1644 668 σανί-

195 693 271 742 δας
291 691 624 750 ἐπιστρωννύντες
645 695 711 736 καὶ
744 695 808 736 ἐπὶ
838 695 942 751 μέγα
962 713 1002 744 τι
1020 697 1173 753 χωρίον
1192 693 1477 753 ἀπευρύνοντες
1496 695 1541 737 τὸ
1561 712 1644 750 μη-

187 758 355 815 χάνημα
364 793 377 813 ,
423 760 529 805 οὕτω
556 779 600 805 τε
624 761 677 804 τὰ
695 766 861 806 πλεῖστα
881 768 961 806 τῶν
979 763 1208 818 πτωμάτων
1226 763 1414 819 ἀκόσμως
1429 766 1495 806 καὶ
1515 762 1571 813 ὥς
1592 762 1642 805 ἂν
1664 774 1696 810 Β

194 827 328 882 ἔτυχεν
348 830 596 874 ἐπετίθεσαν.
619 829 698 886 ἤδη
719 833 764 874 δὲ
786 833 853 874 καὶ
872 831 1025 886 ἅμαξαι
1043 832 1148 890 πρὸς
1162 833 1236 888 τὴν
1251 832 1429 890 ἐκφορὰν
1448 836 1522 875 τοῦ
1540 829 1644 887 πλή-

140 905 186 939 10
194 901 300 947 θους
325 902 406 940 τῶν
430 903 580 956 νεκρῶν
601 897 848 956 φορούμεναι
873 899 1119 957 ὑπηρέτουν,
1163 905 1244 944 τῶν
1264 896 1485 957 ὖποζυγίων
1503 901 1645 950 αὐταῖς

191 965 250 1019 μὴ
272 967 455 1023 ἐπαρκεῖν
483 967 540 1010 ἔτι
556 969 801 1021 δυναμένων.
869 969 1136 1013 ἐπιλελοίπασι
1158 970 1202 1012 δὲ
1223 971 1278 1020 εἷς
1299 969 1406 1020 ἅπαξ
1423 970 1491 1012 καὶ
1510 968 1548 1010 οἶ
1568 966 1644 1011 τά·

187 1050 286 1090 φοι,
321 1032 423 1077 ὥστε
452 1037 520 1077 καὶ
538 1034 613 1085 τὰς
634 1034 834 1094 ἀνύδρους
852 1041 933 1079 τῶν
952 1039 1177 1092 δεξαμενῶν
1194 1041 1343 1094 νεκρῶν
1362 1038 1645 1095 ἐμπλησθῆναι

189 1100 404 1156 σωμάτων.
473 1102 646 1160 ἄρουραι
677 1105 721 1146 δὲ
748 1103 1005 1159 ἀνετὲμνοντο
1027 1106 1097 1148 καὶ
1124 1106 1354 1160 ἀμπελῶνες
1373 1103 1643 1162 διωρύσσοντο

192 1171 259 1211 καὶ
287 1175 407 1225 κῆποι
434 1169 718 1214 διεσκάπτοντο
747 1171 850 1229 πρὸς
878 1173 952 1228 τὴν
977 1178 1058 1216 τῶν
1090 1173 1263 1230 ἀπείρων
1290 1172 1490 1227 σωμάτων
1510 1172 1646 1230 ταφὴν

138 1247 181 1283 15
191 1237 560 1293 καινοτομούμενοι.
601 1240 644 1290 ἐξ
665 1233 721 1282 ὧν
739 1241 945 1294 συνέβαινε
965 1241 1060 1292 τοὺς
1077 1243 1262 1292 πλείονας
1278 1246 1359 1284 τῶν
1380 1241 1500 1283 οἴκων
1519 1257 1647 1283 κατα-

189 1308 397 1358 κλειστοῦς
416 1307 586 1363 πάμπαν
603 1309 803 1364 γίνεσθαι.
831 1310 1033 1366 παρέτεινε
1054 1310 1098 1352 δέ
1116 1309 1162 1351 τὸ
1183 1313 1259 1364 τῆς
1275 1308 1491 1366 θραύσεως
1507 1309 1647 1365 μέχρις

189 1376 392 1428 ἐνιαυτοῦ,
427 1378 494 1418 καὶ
525 1377 568 1428 ἐξ
597 1377 745 1419 ἐκείνου
774 1378 950 1420 ἐνεδίδου
977 1377 1030 1420 τὰ
1050 1367 1243 1430 πλεῖστα,
1274 1379 1342 1420 καὶ
1366 1377 1474 1420 κατὰ
1486 1375 1645 1435 μικρόν,

189 1443 325 1500 ὥσπερ
345 1444 419 1500 τὴν
441 1443 570 1503 ἀρχὴν
585 1444 772 1501 ηὔξανεν,
790 1445 895 1489 οὕτω
915 1447 958 1489 δέ
973 1447 1044 1488 καὶ
1062 1445 1269 1503 ἐλώφησεν
1287 1444 1314 1501 ἦ
1331 1443 1488 1503 φθορά.
1513 1449 1643 1488 ταῦτα
1665 1455 1698 1491 C

190 1513 362 1569 ἐκρίνετο
394 1519 478 1564 τοῖς
505 1513 617 1571 ὀρθὰ
653 1520 815 1571 φρονεῖν
847 1513 994 1558 εῗδόσιν
1029 1515 1072 1556 ἐκ
1094 1516 1213 1566 θείας
1233 1512 1487 1570 ἐπισκήπτειν
1509 1514 1645 1570 ὀργῆς,

133 1579 309 1635 Ξθῆνίκα
325 1579 346 1622 ὅ
363 1579 452 1624 τότε
470 1582 607 1632 ἀθέως
625 1583 692 1624 καὶ
711 1584 919 1637 δυσσεβῶς
933 1587 1108 1640 κρατῶν,
1127 1585 1194 1625 καὶ
1210 1582 1298 1626 ὅσοι
1319 1583 1428 1641 αὐτῷ
1451 1581 1647 1639 συνῄνουν

189 1653 249 1708 τῷ
272 1649 443 1708 ἀθέσμου
473 1648 731 1707 φρονήματι,
771 1650 845 1702 τὰς
867 1657 1015 1708 χεῖρας·
1036 1651 1246 1709 ἐπαφεῖναι
1275 1650 1381 1694 κατὰ
1412 1654 1493 1694 τῶν
1525 1648 1647 1707 ἁγίων

191 1716 537 1772 ἀπεικονισμάτων
557 1721 613 1769 εἷς
632 1717 752 1776 ὕβριν
772 1723 845 1774 τῆς
864 1723 938 1761 τοῦ
955 1722 1059 1762 θεοῦ
1080 1721 1291 1775 ἐκκλησίας
1312 1718 1616 1774 τετολμήκασιν.

280 1819 452 1906 ῗδὲιέρῗν
468 1823 656 1860 Petu-im
787 1825 814 1860 2
832 1822 1031 1871 ἐξέβαινεν.
1056 1822 1259 1870 οὖδαμοῦθ
1391 1825 1414 1862 5
1431 1826 1595 1861 πλεῖστοι
1616 1825 1646 1858 P

371 1882 394 1914 ⁷1

189 1961 228 1996 in
246 1961 306 1996 via
323 1960 394 1997 sibi
412 1961 563 1996 invicem
582 1961 861 2007 occursantibus,
873 1961 1004 1996 usitata
1024 1961 1144 1997 officia
1162 1961 1434 2008 praestiterant,
1450 1962 1570 1996 eadem
1588 1960 1649 1997 illa

190 2007 267 2042 aliis
287 2013 412 2061 postea
431 2008 647 2042 referebant.
694 2007 738 2042 iis
757 2013 862 2052 atque
883 2007 960 2041 aliis
979 2008 1016 2042 id
1039 2019 1149 2052 genus
1171 2007 1321 2052 spectris
1345 2007 1515 2053 exagitati
1536 2007 1646 2053 pleri-

189 2065 260 2099 que
288 2053 426 2088 mrestis
456 2054 494 2088 in
524 2065 566 2088 se
591 2053 717 2098 gladiis
747 2053 988 2088 incurrebant.
1034 2059 1140 2098 atque
1163 2065 1205 2087 eo
1224 2059 1400 2098 postremo
1422 2064 1480 2087 res
1498 2053 1648 2088 adducta

191 2104 247 2134 est
264 2105 304 2134 ut
321 2099 442 2144 paucis
459 2100 719 2144 superstitibus,
743 2111 819 2134 cum
842 2099 1062 2134 morientium
1084 2111 1226 2134 numero
1249 2110 1358 2144 pares
1375 2110 1455 2133 esse
1475 2109 1544 2133 non
1560 2110 1647 2144 pos-

189 2150 270 2180 sent
300 2157 414 2191 neque
444 2157 563 2179 eorum
590 2145 740 2191 sepelire
761 2157 909 2190 corpora
932 2151 994 2180 aut
1014 2145 1108 2179 iusta
1129 2145 1355 2191 persolvere,
1384 2144 1551 2190 quasdam
1572 2156 1646 2179 ma-

190 2191 312 2225 chinas
333 2192 546 2226 conficerent
563 2203 605 2226 ac
622 2191 784 2226 iumentis
801 2192 1032 2237 imponerent.
1067 2190 1187 2226 horum
1206 2192 1311 2225 dorso
1334 2189 1491 2224 instratis
1515 2190 1645 2224 asscri-

190 2238 268 2280 bus,
288 2242 470 2290 postquam
488 2238 532 2271 ad
549 2237 660 2272 locum
678 2239 850 2283 quendam
870 2249 1031 2283 capacem
1049 2249 1091 2272 ac
1108 2243 1244 2272 vastum
1261 2241 1508 2282 pervenerant,
1530 2235 1647 2272 laxata

190 2282 351 2317 machina
379 2282 433 2317 ita
460 2282 625 2329 pleraque
656 2285 830 2318 cadavera
853 2283 929 2318 sine
949 2295 1050 2318 more
1068 2295 1111 2318 ac
1131 2289 1264 2318 temere
1287 2283 1535 2327 congerebant.
1580 2281 1646 2316 dc-

189 2328 274 2363 inde
295 2328 399 2362 etiam
421 2327 576 2373 plaustra
598 2330 644 2364 ad.
666 2330 863 2365 efferendos
886 2334 1040 2363 mortuos
1061 2340 1149 2375 prae
1171 2329 1400 2363 iumentorum]
1422 2327 1544 2372 inopia
1563 2338 1645 2361 suc·

190 2374 374 2409 collabant-
423 2386 465 2408 ac
486 2374 621 2409 demum
643 2375 804 2421 sepulcra
824 2375 904 2421 ipsa
926 2376 1142 2410 defecerunt.
1191 2386 1301 2420 quare
1332 2379 1368 2408 et
1387 2372 1558 2407 cisternas
1581 2383 1646 2408 ex—

189 2420 342 2455 siccatas
367 2425 579 2454 mortuorum
601 2421 805 2466 corporibus
826 2421 1068 2466 complebant,
1106 2427 1143 2455 et
1163 2431 1266 2465 agros
1291 2419 1582 2465 proscindebant,
1607 2422 1645 2453 et

191 2466 314 2501 vineas
345 2471 451 2519 atque
479 2465 599 2500 hortos
627 2466 828 2511 fodiebant,
859 2468 983 2512 quibus
1015 2472 1157 2512 praeter
1183 2465 1322 2500 solitum
1345 2465 1391 2499 ad
1414 2464 1644 2499 tumulandam

188 2512 475 2547 innumerabilem
506 2523 690 2566 corporum
719 2518 850 2546 struem
878 2514 1122 2547 abutebantur.
1170 2523 1214 2546 ex
1236 2523 1304 2556 quo
1327 2510 1458 2545 accidit
1477 2515 1518 2545 ut
1537 2511 1644 2545 aedes

191 2558 463 2604 quamplurimae
494 2564 634 2603 penitus
666 2559 866 2593 obstructae
895 2563 1001 2603 atque
1028 2557 1236 2593 interclusae
1268 2557 1412 2591 fuerint.
1458 2556 1574 2591 tenuit
1603 2567 1647 2590 ea

192 2603 275 2638 mali
295 2605 351 2639 vis
373 2605 418 2639 ad
439 2616 565 2638 annum
587 2616 709 2649 usque,
731 2615 801 2649 quo
818 2609 980 2638 vertente
997 2615 1121 2649 magna
1142 2615 1186 2638 ex
1203 2608 1305 2647 parte
1319 2601 1466 2646 remisit,
1493 2614 1535 2637 ac
1557 2613 1646 2647 pau-

193 2649 290 2684 latim
321 2655 361 2684 ut
391 2650 544 2685 excitata
572 2649 674 2684 initio
697 2651 834 2694 fuerat,
873 2649 925 2685 ita
943 2651 1082 2685 tandem
1105 2649 1273 2696 pestifera
1295 2648 1370 2684 lues
1390 2648 1508 2683 desiit.
1556 2657 1647 2691 quae

194 2695 310 2730 omnia
339 2696 570 2741 prudentibus
598 2696 686 2731 viris
714 2697 759 2731 ad
787 2695 876 2730 iram
905 2696 964 2731 dei
993 2702 1155 2742 spectare
1183 2694 1275 2730 haud
1300 2694 1405 2730 dubie
1422 2693 1645 2734 videbantur,

195 2752 273 2776 cum
294 2741 448 2787 perfidus
467 2747 574 2788 atque
592 2742 718 2789 impius
735 2741 911 2788 princeps,
929 2742 1108 2787 ceterique
1124 2740 1184 2786 qui
1198 2740 1368 2776 scelerato
1383 2739 1477 2774 illius
1492 2736 1645 2783 dogmati

195 2792 456 2842 consenserant,
478 2788 613 2843 violare
632 2799 751 2825 sacrae
771 2787 939 2834 imagines
962 2800 1027 2835 per
1046 2798 1208 2824 summam
1229 2791 1349 2824 esseut
1361 2785 1530 2823 ecclesiae
1544 2785 1643 2829 igno-

196 2845 335 2869 numam
358 2845 528 2880 aggressi.
