1890 3224
281 180 347 227 68
637 178 993 224 NICEPHORUS
1029 178 1371 228 CPOLITANUS

279 294 526 347 Βυζαντίους
555 291 762 335 ἀνέπειθεν
791 289 848 343 ὧς
872 293 1177 343 Κωνσταντῖνος
1203 289 1402 348 τεθνήκει.
1467 291 1537 338 τὸν
1568 295 1614 339 δὲ
1644 294 1733 338 υἱὸν

280 360 518 419 Νικηφόρον
548 359 727 415 τοῦνομα
755 361 862 403 κατὰ
879 361 965 418 ’τὴν
990 359 1157 421 Θρᾴκην
1174 358 1263 404 τότε
1290 365 1589 420 στρατηγοῦντα
1604 380 1731 417 μετα-

280 449 310 473 π
328 446 474 485 μπεται
484 460 498 481 ,
544 431 612 471 καὶ
632 429 708 472 σὺν
728 434 784 488 τῷ
805 430 895 487 περὶ
917 428 1040 472 αὐτὸν
1060 433 1220 488 στρατῷ
1238 429 1340 486 πρὸς
1359 429 1544 486 φυλακὴν
1563 435 1635 485 τῆς
1654 429 1737 474 7115--

279 503 381 549 λεως
400 498 673 554 ε’γκαθίστησι.
699 502 780 540 τῶν
794 501 1016 552 βασιλικῶν
1035 498 1078 540 δὲ
1093 496 1299 555 ὑπηρετῶν
1319 496 1390 548 οὓς
1407 499 1481 552 μὲν
1500 497 1730 556 ἀπετύφλου

228 575 260 609 c
284 566 354 617 οὓς
377 566 421 608 δὲ
449 567 517 608 καὶ
538 564 681 623 ἑτέρως
700 563 898 623 κατῄκιζε.
965 568 1032 609 καὶ
1057 565 1304 624 Ἀρτάβαζος
1336 566 1461 616 εὐθὺς
1485 570 1543 625 τῷ
1573 566 1769 613 amam&

280 635 368 690 ἅμα
399 638 484 693 λαῷ
516 638 568 691 τῇ
596 632 708 678 πόλει
736 635 948 693 ἐφίσταται
955 666 970 687 ,
1012 636 1080 678 καὶ
1102 634 1246 678 αὐτίκα
1267 639 1348 677 τῶν
1368 632 1489 690 ἆγίων
1510 634 1654 690 ἀνέστη
1679 634 1739 678 τὰ,

280 703 369 761 ἶεριὶ
390 702 716 757 ἀπεικονίσματα.
784 701 929 746 τούτου
962 703 1006 746 δὲ
1033 701 1200 746 κατόπιν
1228 703 1299 746 ἰὼν
1326 704 1629 753 Κωνσταντΐνος
1659 703 1732 757 τὴν

279 769 542 829 Χρυσόπολιν
562 771 810 827 καλουμένην
829 770 1131 826 καταλαμβάνει
1144 785 1155 796 ·
1182 772 1348 814 ἐπίνειον
1366 772 1411 813 δὲ
1428 776 1546 813 τοῦτο
1568 770 1736 827 ἄντικρυ

280 841 504 892 Βυζαντίου
515 839 620 897 πρὸς
631 844 682 897 τῇ
693 839 888 883 Ἀσιάτιὸι
898 845 950 898 γῇ
960 842 1217 895 διακείμενον.
1244 839 1458 882 κάνταῦθα
1469 839 1628 897 βραχὺν
1641 841 1733 881 δια-

278 909 431 966 τρίψας
445 906 592 965 χρόνον
603 906 822 960 ὑπενόστει,
847 910 915 951 καὶ
935 909 1037 966 πρὸς
1056 909 1131 964 τὴν
1148 907 1264 950 πόλιν
1284 907 1336 963 ἣν
1352 908 1545 964 Ἀμορίαν
1565 911 1732 950 καλοῦσι
1745 913 1789 948 1.0

279 978 512 1031 διεχείμαζε.
553 981 611 1035 τῷ
625 977 669 1019 δὲ
680 975 770 1031 ἑξῆς
782 977 1040 1034 ἕπιγενομένῳ
1053 977 1220 1034 ἐνιαυτῷ
1232 976 1300 1018 τὸν
1313 977 1446 1032 ἕτερον
1455 980 1536 1018 τῶν
1544 975 1642 1018 υἱῶν
1650 978 1739 1018 Νι·-

278 1043 403 1099 κήταν
421 1045 645 1100 στρατηγὸν
665 1049 739 1086 τοῦ
757 1045 1003 1098 καλουμένου
1023 1048 1103 1087 τῶν
1118 1044 1386 1100 Ἀρμενιακῶν
1399 1047 1575 1100 στρατοῦ
1585 1042 1732 1100 Ἀρτάψ

277 1114 403 1168 βαζος
426 1112 672 1163 ἀποστέλλει,
697 1112 766 1154 τὸν
786 1112 831 1154 δ’
858 1107 910 1154 αὖ
933 1113 1065 1168 ἕτερον
1075 1110 1314 1168 Νικηφόρον
1327 1113 1383 1160 εἷς
1393 1111 1564 1164 βασιλέα
1583 1111 1733 1167 στίφει.

279 1178 550 1237 ἐπιστρατεύει
565 1179 722 1222 ὁὲκατὰ
735 1183 807 1232 τῆς
819 1183 900 1221 τῶν
909 1179 1102 1221 Ἀσιανῶν
1116 1178 1270 1235 χώρας,
1292 1180 1358 1221 καὶ
1373 1178 1423 1220 τὰ
1441 1179 1588 1233 ἐκείνης
1599 1179 1740 1237 χωρία·

221 1252 254 1286 D
280 1249 516 1302 ἓπημαίνετο
539 1251 703 1304 πικρῶς.
771 1241 875 1307 κᾷτα
893 1247 1113 1290 ἐπιτίθεται
1130 1248 1434 1296 Κωνσταντΐνος
1454 1247 1522 1289 καὶ
1540 1245 1641 1303 πρὸς
1658 1246 1732 1297 τὰς
1744 1254 1787 1292 15

278 1315 451 1372 Σάρδεις
472 1313 699 1367 ὑπαντιάζει
710 1346 724 1366 ,
767 1315 930 1373 πολέμῳ
959 1332 1001 1358 τε
1037 1315 1148 1373 αὐτῷ
1169 1315 1373 1370 συμμίξας
1393 1318 1595 1372 κραταιῶς
1617 1315 1733 1372 ἐτρο-

278 1383 458 1436 πῶσατο,
482 1382 551 1426 τόν
570 1400 611 1426 τε
630 1381 784 1426 ὑπόντα
802 1383 900 1426 λαὸν
921 1382 1226 1437 δουλωσάμενος
1246 1382 1319 1439 τήν
1335 1400 1376 1426 τε
1397 1381 1579 1425 ὑποῦσαν
1597 1383 1736 1432 αὐτοῖς,

278 1452 503 1507 ἀποσκευὴν
528 1450 867 1506 εἰσποιησάμενος.
929 1451 1176 1509 Ἀρτάβαζος
1192 1452 1236 1494 δὲ
1257 1452 1388 1508 φυγὰς
1409 1450 1509 1508 πρὸς
1525 1451 1598 1506 τὴν
1617 1449 1732 1492 πόλιν

278 1520 456 1573 Κύζικον
475 1520 717 1573 καταλαβών
735 1520 922 1562 κάκεῖθεν
936 1518 1192 1570 ἀποπλεύσας
1208 1521 1270 1562 ἐπὶ
1288 1520 1334 1562 τὸ
1353 1517 1575 1571 ,Βυζάντιον
1590 1518 1731 1577 ᾤχετο.

276 1587 461 1643 Νικήτας
476 1589 524 1630 δὲ
546 1586 566 1629 ὅ
589 1588 714 1630 αὐτοῦ
733 1587 821 1636 υἱὸς
840 1588 945 1630 κατὰ
966 1589 1272 1630 Κωνσταντίνου
1303 1587 1378 1641 τὴν
1397 1585 1529 1643 ὁρμὴν
1549 1588 1789 1629 ἔποιεΐτο.20

277 1654 299 1698 ὅ
319 1658 366 1699 δὲ
385 1653 487 1711 πρός
503 1673 540 1698 τι
552 1656 704 1711 χωρίον
724 1655 836 1711 αὐτῷ
853 1653 964 1711 μάχῃ
986 1653 1242 1711 προσβαλών,
1268 1654 1496 1711 Μωδρινὴν
1515 1658 1566 1710 τῇ
1586 1655 1733 1709 ἐπιχω-

278 1726 353 1781 ρίῳ
371 1727 489 1780 φωνῇ
509 1720 904 1779 προσαγορευόμενον
912 1755 926 1774 ,
958 1722 1083 1765 αὐτὸν
1101 1723 1184 1777 μὲν
1201 1721 1382 1777 Νικήταν
1403 1722 1626 1779 ἐτρέψατο,
1659 1725 1734 1767 τοῦ

277 1794 322 1834 δὲ
338 1790 528 1842 συνόντος
549 1794 651 1833 λαοῦ
669 1791 879 1842 πλείστους
898 1791 1066 1849 ἀναιρεῖ.
1135 1791 1319 1834 ἐντεῦθεν
1340 1791 1381 1833 ἐν
1400 1792 1607 1846 μεγίσταις
1625 1806 1733 1845 συμ-

370 1956 390 1989 1
413 1938 619 1999 staminei?
731 1957 756 1990 4
776 1951 986 1999 ἑπετύφλου
1005 1954 1053 1989 P:
1077 1954 1124 1990 cf.
1149 1966 1186 2001 p.
1209 1953 1253 1990 55
1271 1955 1331 1990 21.
1425 1953 1468 1989 15
1490 1950 1732 1998 ἐλυμαίνετοῗ

275 2112 345 2147 que
374 2104 412 2136 et
441 2099 685 2147 imperatorem
707 2101 942 2148 salutaverat,
966 2105 1003 2137 et
1019 2101 1200 2147 Byzantiis
1222 2104 1446 2147 persuaserat
1466 2099 1731 2136 Constantinum

276 2159 354 2182 esse
377 2154 559 2182 mortuum.
605 2148 698 2183 idem
719 2148 956 2195 Nicephorum
979 2148 1099 2192 filium,
1122 2148 1184 2193 qui
1204 2152 1276 2182 tum
1297 2147 1335 2180 in
1356 2146 1510 2181 Thracia
1533 2147 1652 2191 copias
1669 2157 1728 2181 re·-⁴

272 2194 392 2237 gebat,
423 2194 467 2227 ad
494 2204 572 2227 sese
601 2195 751 2228 advocat
780 2201 817 2228 et
838 2195 884 2228 ad
907 2194 1003 2228 urbis
1027 2194 1216 2228 custodiam
1239 2204 1315 2227 cnm
1338 2192 1392 2226 his
1416 2204 1502 2238 quos
1525 2203 1642 2227 secum
1664 2191 1727 2226 ha-

270 2240 380 2273 bebat
396 2238 563 2273 militibus
583 2238 758 2283 disponit:
791 2240 853 2284 qui
872 2252 915 2273 ex
939 2239 1055 2273 officio
1077 2239 1298 2283 imperatoris
1323 2243 1440 2281 erant,
1465 2238 1591 2282 partim
1614 2238 1728 2272 caeci-

272 2290 347 2319 tate
377 2284 503 2328 partim
535 2283 612 2317 aliis
645 2283 768 2328 poenis
800 2296 841 2318 ac
863 2284 1079 2318 contumeliis
1103 2284 1227 2318 afficit.
1275 2285 1469 2318 Artabazus
1493 2283 1631 2318 interim
1653 2294 1729 2317 cum

273 2329 345 2364 suis
370 2330 416 2364 ad
438 2330 557 2363 urbem
577 2328 739 2372 accedit,
772 2329 869 2363 cuius
893 2330 1044 2364 adventu
1062 2335 1258 2364 sanctorum
1281 2329 1449 2374 imagines
1467 2328 1560 2363 illico
1583 2328 1728 2363 restitu-

272 2382 331 2409 tae
353 2378 446 2409 sunt.
494 2375 585 2409 hunc
604 2386 697 2429 pone
717 2380 856 2409 secutus
881 2375 1131 2410 Constantinus
1152 2375 1389 2421 Chrysopolin
1410 2379 1578 2420 occupat,
1606 2373 1730 2408 navale

274 2432 318 2454 ex
341 2422 489 2455 adverso
513 2419 634 2465 Cpohs
663 2421 700 2454 in
720 2419 806 2455 Asia
826 2421 990 2466 positum.
1037 2422 1097 2456 ubi
1121 2421 1294 2467 paululum
1317 2426 1544 2456 commoratus
1567 2419 1729 2463 regredi-

273 2471 351 2508 tur,
387 2471 423 2500 et
446 2466 490 2500 ad
512 2468 631 2506 urbem
653 2465 825 2501 Amoriam
847 2466 989 2502 hiemat.
1037 2479 1126 2503 anno
1154 2467 1230 2501 inse
1257 2467 1353 2501 uenti
1373 2466 1565 2501 Artabazus
1582 2464 1728 2500 alterum

274 2523 295 2545 e
312 2510 394 2544 filiis
415 2512 577 2546 Nicetam
595 2511 833 2546 Armeniorum
850 2513 972 2547 ducem
991 2514 1107 2557 mittit,
1126 2513 1240 2559 Nicep
1266 2523 1362 2547 orum
1381 2522 1466 2546 vero
1484 2510 1530 2545 im
1558 2516 1729 2545 oratorem

275 2561 430 2590 coronat.
478 2557 556 2602 ipse
578 2557 615 2591 in
637 2557 754 2592 Asiam
785 2568 861 2592 cum
894 2558 1006 2603 copiis
1028 2559 1173 2594 trajicit.
1209 2569 1321 2604 quam
1345 2568 1421 2592 cum
1445 2567 1540 2604 popu
1551 2556 1727 2591 ationibus

274 2601 437 2636 infestam
460 2602 616 2647 haberet,
638 2603 890 2638 Constantinus
912 2604 1051 2639 obviam
1075 2606 1109 2639 ei
1132 2606 1177 2639 ad
1199 2603 1329 2638 Sardes
1350 2602 1522 2644 occurrit;
1557 2607 1595 2636 et
1616 2601 1727 2647 signis

274 2646 408 2682 collatis
436 2646 539 2692 longe
570 2649 730 2693 superior
761 2649 842 2683 fuit.
889 2650 939 2685 ita
972 2650 1128 2685 exercitu
1159 2649 1248 2683 illius
1272 2649 1309 2684 in
1339 2652 1549 2694 potestatem
1571 2647 1738 2691 redacto,-

271 2692 430 2727 omnibus
443 2704 580 2739 quoque
602 2694 854 2740 impedimentis
872 2697 1004 2741 potitus
1017 2701 1083 2731 est.
1103 2695 1296 2730 Artabazus
1315 2694 1483 2738 Cyzicum
1504 2692 1628 2738 primo,
1647 2693 1729 2728 ind·

275 2737 411 2783 Cpolim
439 2739 523 2783 fuga
552 2740 667 2783 petiit.
716 2741 860 2775 Nicetas
888 2741 962 2777 eius
986 2741 1078 2776 filius
1101 2741 1212 2776 aciem
1233 2740 1271 2774 in
1291 2739 1555 2775 Constantinum
1579 2749 1727 2773 conver-

274 2784 339 2829 tit,
371 2783 432 2830 qui
452 2785 498 2819 ad
524 2784 718 2820 Modrinam
753 2786 933 2822 commisso
967 2787 1098 2833 praelio
1133 2787 1292 2821 Nicetam
1325 2797 1401 2820 cum
1432 2795 1558 2829 magna
1583 2783 1728 2819 militum

275 2835 394 2876 strage
417 2829 547 2866 victum
566 2830 603 2865 in
630 2832 746 2877 fugam
771 2832 925 2869 coniicit.
973 2845 1096 2880 magna
1116 2832 1283 2878 deinceps
1307 2831 1445 2878 imperii
1462 2829 1610 2866 Romani
1627 2828 1737 2863 cala—.-
