1838 3210
239 185 304 231 90
800 188 895 232 -DU
929 186 1112 232 GANGII

894 295 976 338 ὑπο
993 298 1185 365 προβλῆτι
1208 294 1251 337 δὲ
1272 292 1409 354 κόσμω

455 351 654 421 ἒκκρεμέες
677 349 833 420 λοῖίγγες
855 350 1141 422 ἕστερνωσαντο
1159 354 1325 421 πορείην

457 406 639 461 στεινήν,
666 406 943 477 τερμιόεσσαν,
975 408 1055 480 όπῃ
1081 409 1148 450 καὶ
1170 405 1388 475 φωσφόρος
1411 406 1515 462 α’νηρ

454 463 624 516 ι’ίτρομος
650 460 861 517 οἷμφιθέων
888 464 1019 520 ἱερους
1044 469 1273 519 λαμπτῆρας
1295 461 1471 506 vivarum.

91 522 120 556 Ρ
145 521 211 558 547
346 522 413 560 33.
471 523 584 559 Muro
625 519 908 573 hemisphaerii
946 523 1101 561 testudo
1142 522 1378 570 orbiculata,
1417 523 1461 558 in
1491 518 1682 572 sphaerae

232 573 396 612 modum
430 584 651 628 compacta,
681 579 887 617 incumbit.
944 578 1048 616 hanc
1075 580 1194 629 vulgo
1221 573 1349 618 θόλον
1373 583 1514 614 vocant
1544 577 1682 613 Graeci

232 633 453 682 scriptores.
514 640 572 671 est
599 641 729 671 autem
757 631 901 685 θόλος,
931 642 975 672 ut
999 642 1057 673 est
1076 634 1181 686 apud
1202 632 1465 685 Hesychium,
1496 644 1684 684 στρογγυ-

232 686 388 738 λοειδὴς
414 686 542 737 οἶκος,
575 703 646 727 seu
668 698 711 728 ut
731 698 789 728 est
809 691 915 742 apud
934 690 1131 729 Isidorum
1154 697 1192 729 et
1213 692 1398 741 Papiam,
1429 690 1598 726 eminens
1620 701 1685 724 ro-

232 744 409 781 tunditas
427 753 463 782 et
470 746 692 797 fastigium
709 747 857 798 templi.
919 749 1106 799 Ugutioni
1127 748 1283 799 proprie
1303 745 1465 798 quidem
1484 744 1613 782 tholus
1629 751 1686 781 est

231 800 340 837 velat
355 809 510 839 scutum,
531 802 660 849 breve,
690 805 798 854 quod
811 805 854 841 in
873 805 997 843 medio
1018 805 1108 840 tecti
1126 811 1197 849 est,
1227 805 1271 840 in
1287 816 1364 853 quo
1385 801 1512 838 trabes
1529 807 1680 838 coeunt.

233 858 344 894 cuius
375 858 537 910 quidem
554 861 662 897 vocis
682 862 864 897 meminit
883 862 1082 899 Vitruvius
1103 859 1129 900 4
1159 863 1206 908 7,
1236 860 1392 896 tametsi
1415 857 1462 895 de
1486 856 1685 907 significa-

233 914 341 950 tione
362 915 464 952 inter
482 928 524 953 se
545 914 776 953 dissentiant
795 917 903 955 illius
922 919 1167 967 interpretes.
1227 915 1331 952 tholo
1341 915 1602 966 fizstigiatam
1621 912 1685 949 di-

231 971 296 1006 xit
333 971 546 1008 Paulinus:
587 979 625 1009 et
665 979 777 1010 vetus
821 975 1064 1024 epigramma
1094 975 1136 1010 in
1168 970 1491 1022 Asclepiodotum
1519 967 1685 1007 Anthol.

222 1026 302 1062 ‘Gr-
333 1025 361 1065 4
388 1028 441 1067 28
471 1031 606 1067 κοῖλον
633 1027 790 1080 ἔρεισμα
822 1025 951 1069 θόλου
984 1030 1184 1080 eleganter
1207 1028 1421 1079 appellavit
1448 1027 1616 1077 parietes
1641 1027 1685 1061 in

234 1081 371 1118 orbem
410 1084 573 1121 interius
614 1084 922 1133 circumductos,
967 1087 1036 1138 qui
1047 1059 1309 1122 0testudinem
1339 1081 1584 1134 sphaericam
1613 1094 1685 1118 seu

233 1136 390 1174 tholum
426 1141 633 1178 sustinent.
704 1141 751 1178 ab
791 1140 986 1179 eiusmodi
1013 1140 1132 1179 tholis
1162 1139 1313 1177 dictum
1340 1136 1524 1179 θολωτόν
1549 1137 1685 1188 magui

233 1194 373 1244 palatii
410 1196 644 1244 triclinium,
685 1197 732 1234 ab
761 1199 969 1235 Anastasio
1004 1199 1146 1235 Dicoro
1184 1202 1447 1243 exstructum,
1489 1201 1534 1231 ut
1566 1193 1686 1231 refert

231 1252 428 1299 Zonaras3
460 1251 568 1303 quod
584 1251 694 1289 idem
710 1266 794 1291 esse
814 1261 965 1291 constat
987 1267 1077 1291 cum
1096 1254 1228 1300 trullo,
1258 1254 1301 1289 in
1319 1265 1396 1304 quo
1415 1250 1550 1288 habita
1570 1256 1686 1288 sexta

233 1305 421 1357 synodum,
452 1307 494 1348 έν
511 1311 566 1362 τῷ
583 1307 747 1363 σεκρέτῳ
771 1313 843 1350 τοῦ
864 1311 981 1349 θείου
999 1310 1191 1349 παλατίου
1210 1311 1266 1362 τῷ
1282 1307 1476 1361 λεγομένῳ
1496 1304 1685 1359 τρούλλῳ,

232 1369 277 1399 ut
307 1361 454 1401 habent
487 1366 586 1402 Acta
614 1365 791 1403 eiusdem
815 1365 979 1417 synodi3
1012 1365 1119 1417 quod
1141 1364 1303 1417 quidem
1320 1365 1535 1401 triclinium
1554 1376 1577 1399 a
1595 1364 1685 1398 Ma-

234 1420 338 1456 cario
360 1421 569 1471 Ancyrano
592 1420 734 1459 dicitur
753 1422 874 1460 fuisse
900 1418 1008 1468 οἶκος
1033 1436 1256 1474 περιφανης
1278 1419 1320 1460 ἐν
1343 1422 1452 1473 καλῷ
1474 1421 1555 1458 τῶν
1576 1419 1687 1470 βασι-

234 1474 335 1514 λέων
363 1479 445 1515 ΚΠ
470 1478 644 1532 παλατίῳ
677 1478 866 1529 κείμενος.
927 1477 1095 1515 basilica
1122 1483 1371 1543 nuncupatur
1401 1476 1450 1512 ab
1476 1476 1684 1512 Anastasio

233 1531 330 1567 bibl.
348 1533 390 1568 in
409 1519 628 1582 Agathone
634 1536 712 1571 ΡΡ.
731 1548 771 1584 p.
794 1534 861 1576 54.
906 1541 944 1570 et
956 1534 1161 1583 palatium
1185 1535 1228 1569 iu
1248 1535 1382 1569 Leone
1405 1545 1437 1569 11
1459 1546 1498 1582 p.
1518 1532 1585 1572 56.
1629 1532 1686 1568 ita

233 1587 282 1623 ab
319 1587 456 1624 eadem
488 1589 612 1638 figura
641 1588 804 1626 domum
833 1588 1034 1640 quandam
1065 1591 1107 1625 in
1139 1589 1245 1626 urbis
1266 1595 1475 1638 conspectu
1495 1583 1686 1638 τρούλλου

232 1645 395 1680 nomine
426 1643 613 1681 donatam
646 1646 780 1682 scribit
811 1647 893 1683 Leo
926 1646 1212 1682 Grammaticus
1233 1657 1274 1694 p.
1292 1643 1387 1684 453-
1445 1643 1564 1679 tradit
1585 1644 1686 1680 Pro-

235 1701 370 1765 copius
402 1698 685 1751 hemisphaerii
716 1700 954 1738 testudinem
986 1708 1146 1739 eatenus
1168 1699 1216 1737 de
1232 1699 1424 1737 industria
1445 1708 1600 1736 sursum
1622 1705 1686 1736 te·-

234 1757 351 1793 nuari
378 1769 422 1793 ac
450 1755 615 1794 deficere
646 1764 689 1795 ut
717 1771 789 1808 per
816 1759 939 1808 ipsius
961 1764 1161 1808 aperturas
1179 1757 1254 1793 lux
1275 1758 1394 1793 intret
1416 1755 1587 1792 affatim·
1617 1755 1687 1795 καὶ

240 1812 435 1851 διαλείπει
452 1810 495 1852 τὸ
514 1810 764 1878 οἰκοδόμημα
779 1810 878 1852 κατὰ
896 1810 1034 1864 βραχύ,
1054 1813 1273 1863 ἐξεπίτηδες
1289 1810 1525 1864 παρειμένον
1541 1813 1688 1851 τοσοῦ-

236 1881 307 1907 τον
342 1864 439 1908 όσον
468 1883 561 1916 τους
593 1865 762 1922 χώρους,
793 1863 843 1909 οὗ
862 1867 912 1919 δη
930 1867 974 1909 vd
973 1868 1234 1938 διῃρημένον
1253 1870 1325 1920 τῆς
1342 1867 1570 1919 οἰκοδομίας
1589 1868 1688 1920 ξὐμψ

237 1924 370 1975 βαίνει
398 1921 520 1973 εἶναι,
561 1924 732 1978 φέγγους
759 1926 931 1977 διαρκοῦς
959 1921 1138 1979 αγωγοΰς
1165 1921 1280 1965 εἶναι.
1337 1937 1422 1961 rem
1448 1923 1685 1973 mirandam,

238 1981 371 2032 inquit
394 1981 663 2030 Silentiarius‚
693 1984 838 2019 intueri
859 1983 974 2030 licet,
1005 1988 1050 2019 ut
1079 1982 1232 2018 inferne
1265 1981 1382 2017 latior
1411 1981 1559 2018 sensim
1586 1979 1687 2017 defi-

239 2038 340 2084 ciat,
382 2044 421 2074 et
450 2038 493 2074 in
523 2038 660 2075 orbem
688 2039 813 2076 veluti
845 2038 1000 2075 caelum
1036 2037 1290 2075 convolvatur
1314 2034 1491 2084 testudo,
1529 2043 1630 2087 part.
1657 2038 1686 2075 2

235 2105 275 2130 v.
304 2094 383 2134 78:

453 2147 534 2188 ἔστι
558 2144 598 2187 δ’
615 2148 715 2188 ἰδεῖν
736 2147 834 2201 μέγα
849 2144 1032 2200 θαμβος,
1063 2144 1170 2195 ὅπως
1187 2163 1287 2187 κατα
1308 2143 1425 2216 βαιὸν
1448 2147 1566 2188 ἰοῦσα

456 2200 641 2270 ενρυτέρη
664 2202 735 2255 μὲν
745 2205 943 2271 ε’νερθεν,
973 2201 1128 2258 ν’περθε
1153 2201 1195 2244 δὲ
1218 2206 1330 2256 μεῖον
1348 2199 1519 2258 οἶνέρπει,

457 2259 511 2306 ὥς
525 2256 646 2307 πόλος
662 2256 906 2311 ἠέρόφοιτος.

238 2318 294 2355 ita
326 2317 446 2354 etiam
479 2314 690 2366 Agathias,
720 2317 789 2353 ubi
818 2316 866 2353 de
891 2314 1204 2367 hemisphaerio.
1233 2314 1301 2355 καὶ
1319 2315 1478 2368 γέγονεν
1496 2315 1686 2356 ἐντεῦθεν

238 2369 400 2420 εἰκότως
419 2369 604 2438 ἰθύτερος
622 2370 694 2422 μὲν
713 2387 778 2411 και
799 2368 1082 2422 εὖεπίστροφος
1099 2372 1167 2412 καὶ
1184 2369 1436 2424 πανταχόθεν
1457 2375 1509 2427 τῇ
1525 2374 1687 2426 γραμμῇ

238 2425 446 2478 ἔξισαζων,
476 2425 707 2498 στενώτερος
736 2426 779 2468 δὲ
809 2444 876 2468 και
904 2424 1088 2480 ὄξυτενής
1108 2428 1175 2468 καὶ
1195 2425 1280 2475 οἷος
1299 2425 1371 2480 ου’χ
1394 2425 1497 2468 ου’τω
1518 2429 1606 2468 λίαν
1624 2428 1686 2467 έκ-

238 2481 424 2537 πληττειν
451 2481 544 2532 τοὺς
572 2483 802 2537 θεωμένους
834 2483 886 2531 ὦς
915 2481 1059 2532 πάλαι,
1087 2487 1220 2538 πολλῷ
1240 2481 1324 2524 δὲ’
1305 2500 1409 2535 ομως
1427 2483 1547 2523 πλέον
1566 2483 1608 2523 ἐν
1626 2499 1681 2538 τῳ

240 2538 411 2591 ασφαλεῖ
432 2539 654 2592 βεβηκέναι.
712 2542 767 2578 ita
788 2547 919 2577 autem
938 2542 1084 2579 sensim
1101 2547 1283 2578 tenuatur
1304 2547 1342 2577 et
1365 2539 1494 2577 deficit
1513 2525 1683 2587 testudo,

239 2605 281 2635 ut
312 2597 481 2649 cymbali
509 2596 675 2647 figuram
703 2597 863 2647 effingat
891 2603 929 2634 et
957 2598 1206 2649 κυμβαλικαῖς
1235 2597 1417 2633 circinata
1448 2597 1515 2644 sit,
1556 2602 1601 2632 ut
1625 2602 1684 2633 est

239 2654 345 2706 apud
377 2656 652 2704 Anonymum:
683 2655 738 2691 sic
766 2654 871 2690 enim
893 2653 1063 2691 secundo
1087 2659 1326 2690 exstructam
1348 2651 1497 2703 prodit,
1526 2665 1576 2689 ne
1595 2665 1684 2689 rur-

240 2724 329 2748 sum
353 2709 529 2758 caderet,
561 2709 629 2749 ‘t'voc
654 2708 707 2760 μή
730 2706 850 2748 πάλιν
869 2708 1012 2761 ταχέως
1029 2708 1155 2749 πέσοι.
1212 2721 1313 2760 quae
1343 2707 1505 2760 quidem
1533 2714 1683 2746 cetera—

242 2780 328 2804 rum
349 2767 557 2804 trullarum
574 2766 639 2803 vel
656 2765 853 2803 tholorum
880 2766 1007 2804 forma
1039 2767 1157 2802 etiam
1183 2765 1279 2813 fuit,
1308 2771 1352 2801 ut
1368 2777 1511 2816 nempe
1530 2764 1683 2802 inferne

246 2824 403 2862 latiores
433 2824 579 2862 sensim
607 2824 647 2860 in
677 2821 886 2875 sphaeram
916 2821 1138 2861 desinerent
1170 2828 1286 2875 atque
1310 2819 1408 2860 adeo
1429 2822 1493 2860 ovi
1514 2820 1684 2867 formam
