1838 3210
251 186 345 234 108
630 195 631 198 ’
817 186 897 232 DU
931 187 1116 233 GANGII

245 306 351 336 sunt.
412 296 613 337 descendit
630 310 772 349 nempe
790 298 838 335 ab
859 299 984 348 altari,
1013 298 1083 336 ubi
1099 310 1208 336 sacra
1229 298 1393 350 peragit,
1418 299 1461 337 in
1477 298 1686 351 presbyte-

244 357 360 403 rium,
391 363 435 392 ut
454 357 676 407 principum
700 361 738 391 et
757 353 935 393 fidelium
958 356 1174 393 oblationes
1197 357 1395 406 suscipiat,
1425 357 1491 394 vel
1511 362 1558 392 ut
1578 369 1686 392 com-

243 413 415 448 municet
433 425 497 448 eos
517 413 584 462 qui
607 417 698 447 sunt
715 412 756 447 in
776 412 1018 463 presbyterio
1031 442 1041 460 ,
1071 425 1214 463 nempe
1235 410 1476 462 sacerdotes,
1508 413 1683 459 clericos,

242 475 361 519 atque
381 466 478 505 adeo
497 467 688 518 populum
708 467 863 518 ipsum,
905 467 1013 520 quod
1032 467 1174 506 diserte
1194 469 1250 506 ibi
1270 467 1422 506 dicitur.
1477 481 1572 505 nam
1592 469 1686 505 licet

244 537 297 561 ex
318 525 480 561 concilio
500 524 694 561 Toletano
717 535 763 562 lv
782 537 920 563 canon.
945 526 996 565 18
1029 524 1209 563 sacerdos
1238 532 1274 563 et
1297 524 1417 562 levita
1444 532 1535 561 ante
1557 524 1686 561 altare

243 581 544 625 communicent,
574 581 617 617 in
637 579 752 617 choro
771 581 914 626 clerus,
944 587 1052 618 extra
1071 581 1232 619 chorum
1244 580 1438 631 populus,
1459 587 1607 617 certum
1626 586 1686 617 est

235 635 312 672 hac
342 638 384 672 in
412 649 455 672 re
484 637 612 674 varios
643 637 765 674 fuisse
787 638 1042 674 ecclesiarum
1062 638 1178 674 ritus:
1213 639 1359 688 quippe
1385 637 1482 674 olim
1510 636 1621 674 laicis
1646 642 1686 673 et

237 693 397 729 feminis
420 690 471 728 ad
491 692 862 731 communicandum
883 700 1044 744 patuere
1068 699 1202 733 sancta
1222 700 1466 740 sanctorum,
1506 699 1550 729 ut
1567 694 1685 729 estin

240 749 405 785 concilio
422 750 647 786 Turonensi
667 762 700 786 11
719 756 757 786 et
773 750 898 800 Capit.
919 750 1048 787 Caroli
1059 750 1195 800 Magni
1215 752 1241 790 7
1267 751 1364 791 203.
1394 747 1465 786 sed
1482 755 1526 786 ut
1544 761 1684 786 verum

237 805 378 853 fatear,
408 807 540 843 nescio
560 818 610 842 an
630 804 693 843 his
712 806 823 854 locis,
854 807 895 842 in
916 805 1053 844 ordine
1072 807 1251 843 Romano
1267 834 1278 854 ,
1317 805 1558 842 senatorium
1574 803 1685 842 idem

238 862 290 898 sit
313 863 472 899 omnino
502 860 609 913 quod
627 861 928 912 presbyterium.
990 861 1196 900 dubitandi
1216 874 1375 898 causam
1391 867 1545 909 movet,
1575 859 1682 912 quod

237 918 279 953 in
309 931 354 955 eo
382 917 491 954 locus
511 919 744 968 principum
772 918 894 956 fuisse
912 917 1072 956 dicitur:
1095 918 1278 969 pontifiex
1296 924 1428 955 autem
1443 923 1684 954 sustentatus

237 972 332 1010 hinc
359 974 450 1010 inde
478 973 614 1011 dextra
643 974 836 1026 laevaque
867 989 893 1011 α
906 976 1132 1025 primicerio
1149 975 1391 1014 notariorum
1409 973 1606 1011 descendit
1627 972 1687 1010 ad

237 1031 495 1076 senatorium,
537 1030 646 1081 qnod
673 1037 729 1069 est
754 1031 863 1068 locus
884 1032 1135 1081 principum,
1178 1038 1222 1067 ut
1248 1031 1440 1080 suscipiat
1468 1029 1684 1067 oblationes

237 1099 384 1123 eorum.
447 1093 485 1123 et
505 1087 630 1124 infrat
653 1087 836 1138 pontifex
853 1087 1051 1125 descendit
1070 1087 1128 1125 ad
1146 1087 1403 1131 senatorium,
1425 1087 1477 1115 -'—
1502 1092 1540 1122 et
1556 1086 1684 1122 susci-

231 1143 298 1192 pit
324 1141 538 1180 oblationes
558 1144 791 1194 principum
817 1157 891 1194 per
916 1143 1070 1182 ordines
1101 1157 1284 1182 arcuum.
1342 1141 1541 1194 siquidem
1575 1143 1683 1179 enim

236 1201 477 1235 senatorium
496 1200 606 1237 locus
624 1200 700 1237 fuit
719 1201 762 1237 in
782 1213 859 1252 quo
880 1200 1142 1238 consistebant
1155 1201 1355 1251 principes
1375 1212 1445 1237 seu
1463 1205 1681 1249 magnates,

223 1253 484 1292 dum-sacrae
501 1257 715 1293 intererant
732 1257 935 1306 liturgiae,
978 1255 1086 1294 idem
1104 1257 1172 1293 ille
1189 1256 1289 1293 forte
1305 1256 1424 1295 fuerit
1448 1268 1540 1292 cum
1557 1255 1679 1302 solea,

233 1309 284 1347 de
305 1323 383 1362 qua
403 1323 590 1362 agemus,
631 1325 702 1350 seu
728 1313 954 1363 pavimento
985 1312 1138 1350 editiori
1164 1319 1255 1349 ante
1283 1312 1478 1349 cancellos
1497 1312 1678 1358 bematis,

231 1368 288 1403 ita
307 1368 540 1418 appellatus,
570 1367 677 1420 quod
698 1369 755 1406 ibi
771 1375 966 1405 senatores
984 1382 1054 1406 seu
1065 1369 1268 1418 principes
1289 1370 1556 1405 consisterent.
1585 1379 1679 1403 nam

230 1423 484 1460 observatum
515 1437 632 1475 supra
660 1423 712 1461 ad
741 1437 870 1462 sacros
897 1425 1093 1462 cancellos
1110 1426 1349 1474 assignatam
1366 1424 1488 1461 fuisse
1506 1424 1679 1474 impera-

229 1480 380 1517 toribus
407 1482 449 1517 in
476 1481 642 1518 ecclesia
668 1480 804 1518 sedem
825 1481 872 1518 ab
894 1481 1116 1519 Ambrosio.
1174 1487 1369 1518 senatores
1387 1486 1518 1518 autem
1539 1479 1678 1530 appel-

228 1536 328 1573 latos
363 1543 568 1586 magnates
595 1536 702 1587 apud
727 1539 934 1587 scriptores
964 1536 1205 1574 Christianos
1230 1543 1382 1574 veteres
1397 1565 1407 1584 ,
1446 1542 1585 1573 notum
1604 1542 1677 1573 est.

227 1590 393 1642 proinde
426 1594 468 1628 in
495 1594 689 1629 senatorio
718 1593 902 1643 pontifex
931 1606 1011 1629 non
1044 1591 1163 1629 modo
1195 1593 1432 1642 suscipiebat
1459 1592 1677 1630 oblationes

226 1649 471 1698 principum,
515 1647 587 1686 sed
615 1655 653 1686 et
679 1649 872 1700 populum
893 1647 1043 1686 ibidem
1072 1649 1398 1685 communicabat.
1455 1647 1563 1684 idem
1580 1646 1677 1686 ordo

226 1705 450 1741 Romanus:
479 1718 568 1742 mox
586 1711 631 1741 ut
647 1704 827 1755 pontifex
846 1706 1010 1754 coeperit
1028 1705 1316 1741 communicare
1330 1704 1526 1754 populum
1548 1706 1591 1741 in
1614 1717 1678 1742 se—

227 1762 379 1797 natorio
401 1767 473 1798 etc.
532 1773 610 1812 quo
630 1767 732 1798 certe
748 1761 849 1808 loco,
875 1774 1019 1811 nempe
1038 1767 1127 1797 ante
1147 1761 1279 1798 altaris
1297 1761 1503 1807 cancellos,
1533 1762 1676 1798 etiam-

87 1821 116 1853 P
137 1818 203 1855 561
228 1830 326 1853 num
346 1818 389 1853 in
408 1815 572 1854 aedibus
593 1819 713 1854 sacris
730 1816 866 1854 fideles
888 1829 1040 1855 sacram
1063 1814 1340 1854 eucharIStiam
1360 1818 1567 1867 accipiunt.
1603 1816 1676 1855 de-

226 1875 348 1925 nique
364 1872 653 1923 presbyterium
674 1873 769 1910 alibi
789 1880 952 1924 usurpat
972 1886 1042 1924 pro
1062 1873 1150 1910 loco
1177 1874 1219 1910 in
1241 1885 1318 1924 quo
1338 1873 1558 1924 presbyteri
1578 1886 1675 1911 con-

193 1958 200 1967 .
226 1932 389 1977 sistunt3
413 1928 632 1980 presbyteri
649 1930 692 1966 in
703 1929 941 1980 presbyterio
962 1943 1093 1966 omnes
1102 1935 1339 1979 permanent
1355 1929 1554 1966 inclinati.
1611 1931 1675 1968 vi·-

227 1986 318 2023 deat
334 1987 457 2036 igitur
473 1987 596 2023 lector
615 1992 745 2023 utram
767 1985 910 2023 harum
929 1987 1239 2023 coniecturarum
1260 1985 1410 2036 probet.
1470 1986 1581 2037 βῆμα
1600 1998 1675 2023 au-

226 2050 310 2079 tem
337 2041 439 2079 hanc
468 2042 577 2080 aedis
605 2055 737 2080 sacrae
765 2049 917 2093 partem
937 2042 1185 2092 appellarunt
1203 2047 1354 2078 veteres
1373 2041 1421 2078 ab
1440 2041 1526 2092 ipso
1546 2042 1672 2091 altari,

226 2100 291 2135 cui
306 2098 349 2135 id
368 2100 539 2136 nominis
555 2097 795 2146 indiderunt,
818 2097 936 2150 quod,
954 2104 998 2135 ut
1017 2099 1070 2135 ait
1088 2099 1308 2135 Germanus
1325 2096 1547 2148 patriarcha
1565 2099 1670 2149 Opo—

223 2155 393 2202 litanus,
423 2150 574 2206 θρόνος
596 2155 668 2202 sit,
709 2153 753 2194 ἐν
775 2149 880 2209 ᾧπερ
899 2153 924 2194 ὅ
939 2150 1210 2206 παμβασιλεῦς
1232 2151 1401 2204 Χριστός
1416 2150 1672 2206 προκάθηται

222 2207 321 2263 μετὰ
339 2213 418 2249 τῶν
441 2206 567 2249 αὐτοῦ
588 2205 829 2250 ἀποστόλων.
857 2223 952 2247 nam
969 2217 1008 2247 et
1027 2211 1135 2261 βῆμα
1154 2223 1224 2260 pro
1242 2210 1431 2247 tribu-nali
1447 2223 1528 2248 nou
1545 2211 1671 2248 semel
1727 2220 1733 2224 “

221 2267 403 2317 usurpari
425 2266 679 2303 observarunt
703 2268 778 2303 viri
798 2265 915 2304 docti.
974 2267 1042 2303 alii
1060 2279 1081 2303 a
1105 2265 1313 2316 gradibus,
1343 2267 1485 2317 quibus
1502 2265 1552 2303 ad
1567 2266 1672 2305 illud

221 2321 466 2370 ascenditur,
506 2322 575 2359 alii
595 2320 765 2372 denique
787 2323 835 2359 ab
855 2323 986 2360 altaris
1007 2321 1215 2373 gradibus,
1256 2322 1364 2373 quod
1382 2321 1523 2360 editius
1546 2324 1669 2361 fuisse

220 2379 325 2416 infra
343 2377 615 2425 ostendemus,
644 2376 793 2415 dictum
811 2386 983 2417 censent.
1039 2392 1135 2416 nam
1160 2385 1198 2416 et
1227 2377 1356 2424 bema,
1385 2386 1428 2416 ut
1453 2386 1588 2417 auctor
1611 2386 1670 2417 est

219 2437 465 2486 Augustinus
497 2441 629 2472 contra
658 2435 771 2484 epist.
799 2435 967 2472 Manetis
996 2448 1030 2472 0.
1059 2438 1085 2477 8
1115 2442 1153 2472 et
1182 2441 1315 2472 contra
1340 2436 1528 2472 Faustum
1549 2435 1601 2475 18
1627 2435 1667 2483 4,

219 2490 442 2528 Manichaei
472 2490 579 2528 diem
603 2491 749 2528 festum
776 2498 965 2528 vocarunt
996 2504 1075 2543 quo
1098 2493 1235 2528 Manes
1257 2492 1407 2528 occisus
1428 2498 1511 2538 est,
1560 2490 1669 2543 quod

220 2550 396 2600 quinque
412 2547 598 2598 gradibus
617 2548 805 2584 instructo
823 2548 1023 2596 tribunali,
1054 2554 1093 2584 et
1110 2548 1290 2598 pretiosis
1312 2547 1448 2584 liuteis
1463 2546 1666 2596 adornato,

217 2605 335 2642 illum
355 2604 619 2651 celebrarent;
649 2602 754 2655 quod
781 2602 943 2655 quidem
968 2604 1115 2641 festum
1141 2616 1164 2640 a
1180 2601 1358 2641 Catharis
1386 2605 1448 2640 sui
1476 2605 1666 2655 temporis

220 2660 415 2698 flffalisola
436 2660 678 2710 appellatum
699 2659 821 2697 fuisse
848 2660 981 2697 scribit
997 2658 1195 2697 Ekbertus
1212 2657 1516 2698 Schonaviensis
1535 2660 1663 2698 Serm.

222 2718 243 2757 1
276 2723 408 2754 contra
442 2714 643 2754 Catharos.
701 2729 791 2753 cum
821 2717 942 2767 igitur
975 2717 1186 2767 praecipua
1219 2717 1470 2753 veneratione
1499 2714 1665 2755 colenda

218 2771 428 2811 haberetur
447 2785 555 2810 sacra
577 2771 674 2810 haec
695 2771 804 2810 aedis
821 2785 932 2824 pars,
969 2774 1013 2810 in
1031 2785 1077 2809 ea
1094 2770 1323 2810 exornanda
1342 2773 1564 2823 sumptibus
1581 2784 1665 2810 non

219 2831 393 2882 pepercit
415 2830 676 2868 Iustinianus:
714 2834 839 2868 totam
859 2830 965 2867 enim
986 2835 1148 2881 argento
1166 2827 1347 2867 obduxit.
1405 2830 1662 2882 Anonymus:
