1890 3224
359 177 436 220 DE
468 175 650 220 REBUS
681 174 827 218 POST
859 173 1176 221 MAURIGIUM
1207 172 1415 217 GESTIS.
1541 170 1608 220 45

160 277 558 344 vavra‘foepeaSnxffig
577 289 738 331 πλείονα
754 286 851 330 κατ’
871 286 997 330 αῧτοῦ
1014 287 1166 343 ἐκίνησε
1181 284 1368 341 πόλεμον,
1396 283 1453 329 δι’
1475 280 1524 328 οὗ
1541 287 1607 328 καὶ

160 359 232 401 τὸν
251 359 324 412 μὲν
340 356 525 412 Ἰωάννην
544 357 618 400 σὺν
638 343 697 414 τῷ
717 354 890 413 περιόντι
911 357 1020 413 αὐτῷ
1036 354 1246 414 Ῥωμαϊκῷ
1265 354 1393 413 στόλῳ
1412 353 1606 409 ἐξιόθησε,

162 429 229 469 καὶ
248 426 322 481 τὴν
344 423 590 483 Καρχηδόνα
614 422 922 480 παραλαμβάνει
944 423 1060 466 πόλιν
1084 426 1150 466 καὶ
1168 424 1220 467 τὰ
1240 425 1328 481 περὶ
1351 423 1475 478 αὐτὴν
1491 424 1608 466 πολί-

163 512 312 549 σματα.
380 493 402 536 ὃ
435 495 479 535 δὲ
502 491 688 546 Ἰωάννης
705 490 951 549 ἀφορμήσας
969 492 1071 549 πρὸς
1090 492 1260 546 βασιλέα
1279 491 1467 548 ἀνήγετο,
1496 492 1538 533 ἓν
1563 492 1609 533 δὲ

52 574 61 584 ”
128 569 210 620 5τῇ
231 562 341 619 νήσῳ
360 560 503 618 Κρήτῃ
523 559 729 616 γενόμενος
743 558 821 602 ὗπό
840 577 882 602 τε
903 565 984 603 τῶν
1001 559 1206 616 ἀρχόντων
1226 562 1291 603 καὶ
1312 565 1383 603 τοῦ
1408 577 1603 617 στρατιω-

159 635 272 674 τικοῦ
293 629 476 684 πλήθους
499 627 749 680 ἔστασιάζετο
760 660 774 680 ,
807 630 875 670 καὶ
902 629 1091 682 οὗὸαμῶς
1107 631 1328 684 βουληθεὶς
1349 627 1516 685 αἴσχόνῃ
1539 629 1607 670 καὶ

160 699 239 741 δέει
259 696 521 752 κατεχόμενος
539 697 641 754 πρὸς
659 697 830 751 βασιλέα
852 698 1161 755 παραγενέσθαι.
1232 697 1300 739 διὰ
1324 701 1444 739 τοῦτο
1470 695 1609 738 Λεόν-

158 784 244 809 τιον
263 767 336 820 μέν
355 768 658 822 δυσφημοῦντες
676 766 882 817 danaim,
904 767 1152 822 ψηφίζονται
1168 766 1213 807 δὲ
1223 765 1453 823 Ἀψίμαρον
1467 764 1610 818 ὄνομα,

159 838 335 891 στρατοῦ
369 833 544 890 ἄρχοντα
572 838 653 875 τῶν
683 835 968 889 Κονρικιωτῶν
989 832 1234 889 τυγχάνοντα
1258 839 1331 888 τῆς
1349 832 1427 876 ὑπὸ
1450 835 1611 889 Κιβυρ-

107 911 151 946 10
162 906 345 960 ραιωτῶν
357 900 517 958 χώρας,
552 900 597 943 ὃν
615 901 880 958 ὃρουγγάριον
890 899 1102 956 Ῥωμαίοις
1115 906 1248 944 καλεῖν
1266 901 1362 952 ἔθος
1370 934 1384 953 ,
1421 902 1610 958 Τιβέριον

161 970 282 1012 αὐτὸν
314 968 642 1023 ἐπονομάσαντες.
710 970 753 1010 ἐν
784 970 829 1011 δὲ
850 973 909 1026 τῷ
928 970 1078 1023 μεταξὺ
1100 968 1218 1020 νόσος
1240 970 1400 1025 λοιμικὴ
1422 974 1471 1025 τῇ
1494 969 1606 1011 πόλει
1627 981 1660 1015 D

159 1038 360 1092 ἐπέσκηψε
383 1039 449 1079 καὶ
473 1041 632 1091 πλῆθος
654 1040 754 1079 λαοῦ
773 1038 815 1079 ἓν
832 1039 932 1091 μησὶ
947 1038 1109 1093 τέτρασι
1132 1038 1371 1094 διέφθειρεν.
1432 1038 1614 1091 Ἀψίμα-

160 1123 231 1163 ρος
261 1107 306 1149 δέ
334 1104 408 1148 σὺν
425 1109 483 1162 τῷ
504 1103 662 1147 συνόντι
683 1105 792 1162 αὐτῷ
817 1104 949 1162 στόλῳ
971 1106 1028 1154 εἷς
1045 1103 1266 1157 Βυζάντιον
1287 1106 1479 1160 ἀναχθεὶς
1500 1104 1613 1147 ἄντι-

159 1191 235 1230 κρυ
260 1177 334 1228 τῆς
354 1171 507 1222 πόλεως
527 1174 568 1214 ἐν
591 1175 740 1223 Συκαῖς
762 1173 958 1229 λεγομένῳ
982 1175 1308 1230 παραθαλασσίῳ
1326 1175 1463 1229 χωρίῳ
1481 1190 1612 1229 προσ-

108 1248 150 1284 15
162 1243 374 1298 ορμίζεται.
440 1241 502 1282 ἐπὶ
522 1238 668 1297 χρόνον
689 1241 736 1282 δέ
753 1257 842 1282 τινα
861 1239 1035 1293 πόλεμον
1057 1240 1277 1293 συμβαλών
1299 1248 1383 1290 τοῖς
1402 1242 1444 1282 ἓν
1463 1246 1515 1298 τῇ
1534 1239 1612 1282 πό-

160 1314 240 1361 λει,
274 1311 387 1359 τέλος
414 1308 509 1358 τοὺς
536 1307 615 1350 ὕπὸ
647 1314 719 1350 τοῦ
749 1310 904 1363 τείχους
928 1310 1170 1364 Βλαχερνῶν
1201 1309 1407 1365 φρουροὺς
1427 1309 1612 1359 καὶτοὺς

159 1377 313 1421 τούτων
336 1376 535 1433 ἄρχοντας
552 1375 808 1434 ὖποφθείρας
833 1374 938 1433 δόλῳ
956 1374 1033 1417 ὕπ’
1058 1376 1189 1419 αὐτῶν
1208 1375 1515 1433 παραλαμβάνει
1536 1376 1611 1431 τὴν

159 1445 290 1489 πόλιν.
359 1446 426 1487 καὶ
457 1443 479 1487 ὅ
510 1446 585 1488 σὺν
615 1445 726 1503 αὐτῷ’
745 1444 918 1502 στρατὸς
940 1444 1133 1487 εἰσελθὼν
1153 1445 1204 1487 τὰ
1219 1443 1414 1501 χρήματα
1435 1449 1515 1488 τῶν
1534 1461 1612 1487 πο-
1667 1471 1670 1474 ·

161 1518 281 1556 λιτῶν
298 1511 506 1570 διήρπασε.
571 1511 773 1555 Λεόντιον
790 1514 834 1555 δὲ
845 1511 1142 1569 χειρωσάμενος
1158 1515 1291 1570 τρίτον
1307 1513 1394 1564 ἔτος
1409 1514 1452 1555 ἔν
1464 1518 1517 1571 τῇ
1529 1518 1612 1567 βα-

105 1584 289 1641 Ξθσιλεὲᾳ
307 1580 497 1637 διάγοντα
513 1580 588 1635 τὴν
603 1581 693 1637 ῥῖνα
712 1581 838 1623 αὐτοῦ
856 1582 1007 1634 ἐξέτεμε
1017 1612 1031 1632 ,
1066 1583 1133 1623 καὶ
1155 1582 1198 1622 ἓν
1212 1585 1271 1639 τῷ
1288 1583 1521 1641 καλουμένῳ
1540 1586 1613 1637 τῆς
1633 1593 1663 1628 Ρ
1686 1593 1733 1629 27

160 1648 379 1704 Δελμάτου
402 1650 658 1706 μοναστηρίῳ
682 1647 894 1703 ἡσυχάζειν
913 1649 1144 1705 προσέταξε.

295 1718 381 1760 ,Καὶ
400 1716 504 1759 οὕτω
524 1717 596 1770 μέν
613 1721 741 1759 ταῦτα
760 1717 825 1758 ἐπ’
845 1717 982 1766 αὗτοῒς
997 1718 1248 1770 συνέβαινεν·
1272 1716 1550 1766 Ἰουστινιανός
1568 1718 1613 1759 δὲ

161 1786 243 1829 ἐπεὶ
266 1786 368 1842 πρὸς
386 1789 437 1841 τῇ
456 1786 645 1842 Χερσῶνι
667 1785 861 1841 διέτριβε,
894 1782 1135 1841 συχνότερον
1159 1787 1401 1842 δημηγορῶν
1419 1783 1475 1836 ὥς
1491 1783 1612 1827 πάλιν

252 1881 276 1916 2
297 1878 487 1923 παρόντιῗ
620 1879 645 1914 3
663 1874 803 1914 πάλινῖ
865 1879 867 1881 ’
938 1879 982 1915 16
1008 1876 1099 1914 3212?

161 1963 357 2004 comperta,
385 1957 509 1992 maiori
529 1960 652 1992 eontra
673 1968 752 1991 eum
777 1956 860 1992 belli
884 1957 973 1992 mole
996 1961 1034 1992 et
1056 1961 1226 2004 apparatu
1249 1957 1439 1993 contendit.
1484 1969 1552 2003 quo
1577 1960 1615 1992 et

159 2007 325 2041 Ioannem
347 2015 423 2038 cum
449 2003 541 2037 omni
563 2015 653 2049 quae
674 2009 858 2048 supererat
878 2003 991 2038 classe
1013 2004 1244 2038 Romanorum
1266 2004 1408 2050 expellit
1421 2029 1431 2047 ‚
1464 2010 1501 2038 et
1523 2005 1613 2038 Car—

160 2050 338 2096 thaginem
361 2061 437 2084 cum
453 2048 579 2083 vicinis
604 2049 742 2094 oppidis
764 2049 802 2083 in
824 2054 1032 2095 potestatem
1051 2049 1191 2095 recipit.
1238 2061 1347 2095 quare
1368 2050 1517 2084 Ioannes
1534 2049 1617 2083 inde

163 2097 302 2132 solvens
326 2097 372 2130 ad
396 2095 640 2140 imperatorem
668 2095 871 2130 revertitur.
918 2096 979 2130 sed
1003 2107 1078 2129 cum
1102 2096 1145 2130 ad
1169 2097 1309 2130 Cretam
1331 2095 1476 2130 insulam
1504 2106 1617 2141 appu-

162 2143 282 2186 lisset,
305 2144 429 2177 ducum
452 2146 488 2175 et
508 2141 652 2175 militum
673 2147 795 2176 contra
818 2152 894 2175 eum
917 2141 1043 2176 seditio
1067 2153 1110 2175 ac
1133 2141 1296 2175 tumultus
1322 2142 1454 2185 oritur,
1481 2151 1558 2174 cum
1581 2145 1619 2174 et

164 2188 296 2233 alioqui
327 2188 436 2232 pudor
467 2186 560 2221 illum
583 2199 624 2221 ac
645 2192 757 2221 metus
788 2188 918 2222 offerre
942 2199 981 2221 se
1002 2187 1205 2232 imperatori
1232 2187 1448 2231 prohiberet.
1496 2197 1616 2231 quam—

164 2235 284 2270 obrem
317 2232 502 2266 Leontium
530 2233 644 2267 multis
678 2233 715 2267 in
748 2245 824 2267 eum
850 2232 1097 2267 contumeliose
1120 2233 1223 2267 dictis
1250 2233 1438 2276 abiiciunt,
1474 2231 1620 2276 eiusque
1640 2247 1673 2270 a.
1696 2235 1761 2269 697

163 2280 241 2315 loco
264 2278 479 2323 Apsimarum
503 2277 655 2322 eligunt,
689 2279 750 2323 qui
772 2284 843 2313 tum
866 2279 1119 2313 Curiciotarum
1144 2277 1255 2323 copiis
1277 2284 1440 2323 praeerat
1462 2289 1482 2311 e
1505 2278 1618 2321 ciby-

163 2330 361 2361 rueotarum
377 2323 542 2367 regione,
565 2335 666 2377 quem
688 2324 909 2369 drongarium
931 2324 1078 2359 Romani
1099 2328 1246 2367 vocant,
1268 2325 1482 2369 eundemque
1505 2323 1619 2357 Tibe·

163 2371 254 2406 rium
271 2369 527 2414 cognominant.
573 2375 710 2403 mterea
725 2370 762 2404 in
779 2372 865 2405 urbe
884 2370 1085 2415 pestilentia
1101 2370 1293 2404 laboratum
1312 2375 1384 2414 est,
1404 2381 1494 2414 quae
1514 2374 1618 2414 quat—

165 2421 246 2451 tuor
266 2415 442 2450 mensibus
465 2415 641 2459 ingentem
663 2414 734 2449 vim
759 2415 930 2450 hominum
953 2416 1155 2462 absumpsit.
1201 2415 1403 2459 Aps-imarus
1432 2426 1517 2448 vero
1542 2425 1619 2448 cum

166 2462 276 2496 classe
299 2473 362 2495 sna
383 2461 591 2504 Byzantium
608 2460 767 2495 invectus
790 2461 834 2495 ad
853 2461 964 2496 locum
982 2463 1150 2506 quendam
1168 2461 1263 2495 litori
1281 2461 1493 2505 proximum,
1517 2470 1618 2504 quem

168 2509 281 2552 sycas
305 2507 500 2552 appellant,
534 2519 577 2540 ex
599 2506 746 2540 adverso
774 2507 870 2541 urbis
892 2519 936 2553 ap
963 2507 1038 2543 ulit.
1085 2508 1167 2542 inde
1194 2511 1315 2540 contra
1337 2506 1528 2552 oppidanos
1551 2505 1616 2540 ali—

169 2553 333 2598 quamdiu
352 2563 523 2598 pugnans‚
546 2558 721 2598 postremo
744 2553 916 2597 corruptis
969 2553 1205 2588 lachernarum
1223 2551 1312 2585 muri
1335 2552 1536 2586 custodibus
1557 2563 1619 2585 eo-

169 2609 312 2642 rumque
338 2598 547 2643 praefectis‚
572 2597 650 2633 dolo
674 2599 792 2631 urbem
812 2597 987 2642 ingressus
1008 2605 1081 2642 est3
1107 2609 1242 2643 unaque
1263 2608 1339 2632 cum
1362 2610 1404 2632 eo
1424 2598 1619 2642 irrumpens

171 2644 344 2677 exercitus
368 2643 494 2677 civium
518 2645 611 2678 bona
635 2643 792 2689 diripuit.
838 2644 1021 2679 Leontium
1042 2657 1169 2690 porro,
1196 2642 1302 2677 tertio
1324 2654 1427 2688 quam
1447 2643 1619 2688 imperare

171 2694 335 2735 coeperat
362 2700 475 2733 anno,
507 2690 799 2735 comprehendens
833 2690 1018 2744 amputatis
1049 2691 1192 2724 naribus
1214 2688 1251 2722 in
1272 2689 1421 2725 Delmati
1443 2694 1619 2723 monaste-

170 2733 280 2777 rium,
301 2739 340 2768 ut
361 2734 412 2769 ibi
432 2734 590 2779 privatus
613 2740 750 2780 ageret,
773 2734 930 2770 includ1t.

262 2779 362 2820 Quae
383 2781 462 2815 dum
485 2787 671 2825 geruntur,
699 2780 909 2815 lastinianus
931 2781 1132 2815 Chersonae
1153 2781 1284 2824 degens
1306 2791 1381 2815 cum
1405 2781 1449 2815 de
1471 2789 1618 2822 recupe-

170 2826 279 2860 rando
297 2825 442 2870 imperio
461 2827 583 2860 erebro
601 2826 891 2861 sermocinaretur
908 2831 1013 2872 atque
1035 2826 1200 2861 audacius
1219 2831 1358 2871 ageret,
1384 2827 1459 2860 eius
1476 2824 1543 2858 looi
1562 2823 1618 2856 in-
