1838 3210
196 138 199 141 ¹
221 165 286 212 88
793 163 872 204 ου
906 159 1097 204 οΑΝοΠ

224 274 358 329 μένοις
376 269 553 320 διδόντες
570 271 626 318 εἰς
646 267 695 310 τὰ
715 265 946 322 τελούμενα.
1003 274 1094 306 sunt
1120 267 1240 319 igitur
1267 268 1365 305 istae
1386 268 1591 306 columnae
1613 280 1666 305 ex

223 345 419 370 marmore
446 328 700 375 Thessalico,
731 325 858 378 quod
869 332 908 362 et
934 323 1082 369 indicat
1104 324 1351 362 silentiarius
1374 326 1537 364 v.129:
1567 325 1667 363 Θεσ-

224 389 383 435 σαλίδος
405 385 546 438 πέτρης
566 380 839 435 ἀμαρύγματα.
897 388 1013 433 atque
1033 383 1074 418 in
1095 379 1223 428 hunc,
1255 381 1323 431 qui
1342 381 1555 417 etiamnum
1573 393 1667 430 per-

224 452 320 492 stat,
350 441 515 480 modum
531 441 700 491 parietes
716 441 811 477 istos
830 439 1017 475 excitavit
1037 436 1237 475 Isidorus
1226 437 1376 483 mmor,
1406 436 1566 484 Isidori,
1599 437 1668 488 qui
1704 440 1710 448 '

223 514 303 538 una
325 512 413 536 cum
434 496 648 535 Anthemio
670 494 810 532 aedem
833 493 1078 545 Sophianam
1098 495 1272 545 primum
1294 491 1583 539 aedificaverat,
1615 504 1668 528 ex

223 558 343 594 fratre
364 561 430 591 aut
449 566 580 591 sorore
600 565 735 604 nepos.
772 564 868 588 nam
885 563 975 587 cum
995 562 1096 587 anno
1116 552 1168 591 32
1186 549 1394 586 Iustiniani
1413 521 1669 599 hemispime-

224 614 274 650 rii
298 624 388 662 pars
412 609 612 648 orientalis
638 621 691 646 ex
716 614 842 645 terrae
859 614 972 644 motu
989 607 1162 657 collapsa
1179 612 1304 652 esset,
1335 617 1388 642 ex
1410 617 1456 642 eo
1478 603 1614 656 quod'
1604 617 1670 640 m·-

223 675 381 718 tegrum
400 671 660 712 remanserat,
692 663 911 711 defectum,
942 664 1010 714 qui
1031 670 1162 699 tantae
1185 663 1321 699 ruinae
1342 661 1575 712 praebuerat
1600 673 1670 698 oc-

226 725 447 770 casionem,
479 734 714 772 agnoscens,
746 732 879 757 arcum
898 719 1129 757 orientalem
1148 724 1186 755 et
1202 716 1484 755 occidentalem
1503 730 1596 764 suo,
1625 722 1671 754 ut

226 786 355 827 erant,
387 779 474 816 loco
499 778 677 829 reliquit,
707 775 1023 828 septentrionalis
1043 787 1136 812 vero
1160 780 1197 811 et
1215 772 1424 811 meridiani
1444 779 1671 810 curvaturae

227 837 491 874 substructum
508 836 699 885 parietem
715 835 927 870 introrsum
941 832 1130 883 porrexit,
1160 831 1359 882 pauloque
1373 831 1555 867 latiorem
1573 828 1672 866 effe-

227 894 301 940 cit,
340 898 385 928 ut
419 903 591 941 congrua
622 902 713 927 cum
746 889 882 926 ceteris
912 889 1163 939 proportione
1192 887 1348 925 ovalem
1377 883 1672 939 quodammodo

225 949 395 999 figuram
414 947 599 984 efficeret.
656 944 872 996 Agathias.
905 941 1099 1012 Ἰσίδωρος
1118 941 1202 983 δὲ’
1178 958 1199 984 ο
1219 942 1308 990 νέος
1323 941 1390 982 καὶ
1410 943 1452 982 οἱ
1467 940 1577 982 ἄλλοι
1595 956 1673 993 μη·-

225 1002 437 1057 χανοποιοὶ·
454 1019 497 1042 το
517 999 708 1070 πρότερον
732 1001 774 1042 ἐν
794 1000 948 1048 ἕαυτοΐς
968 996 1323 1065 αναθεωρήσαντες
1342 1001 1490 1050 σχῆμα,
1523 997 1591 1037 καὶ
1617 999 1674 1052 τῷ

226 1058 434 1112 σωζομένῳ
451 1056 494 1098 τὰ
514 1054 724 1106 πεπονθός
752 1053 890 1098 ὁποῖόν
907 1071 948 1096 τε
970 1057 1024 1108 ἦν
1044 1055 1111 1095 καὶ
1135 1051 1209 1102 ἐς
1198 1052 1218 1095 ό
1238 1070 1276 1094 τι
1297 1051 1350 1105 δή
1369 1070 1448 1094 που
1470 1050 1673 1106 ἡμάρτητο

225 1113 561 1182 ἕπιφρασοῖμενοι,
591 1112 665 1166 τὴν
686 1111 799 1166 ‘izv‘
781 1110 883 1168 εῴαν
903 1128 944 1152 τε
963 1111 1030 1152 καὶ
1052 1111 1237 1163 §saeelum
1260 1106 1392 1161 ἆψῐδα
1414 1107 1518 1151 οὕτω
1539 1108 1675 1160 μένειν

225 1186 325 1212 κατα
359 1167 489 1223 χώραν
518 1167 702 1222 ἐφῆκαν,
731 1172 802 1221 τῆς
805 1154 870 1209 δὲ
902 1165 1083 1223 αρκτῶας
1109 1182 1150 1208 τε
1177 1165 1246 1207 καὶ
1274 1167 1408 1214 νοτίας
1426 1164 1500 1218 τήν
1518 1165 1582 1206 ἐπὶ
1602 1167 1676 1206 τοῦ

226 1225 481 1295 κυρτώματος
509 1227 741 1277 οἰκοδομίαν
767 1223 865 1295 πρὸς
890 1241 936 1264 τα
964 1224 1080 1264 ε’νδον
1101 1224 1397 1291 προτείναντες,
1426 1222 1499 1262 καὶ*
1516 1217 1676 1274 εὐρυτέ-

227 1299 303 1336 ραν
321 1279 449 1335 ηρέμα
469 1280 753 1334 ποιησάμενοι,
785 1281 838 1329 ὥς
856 1283 1009 1349 μᾶλλον
1029 1276 1305 1332 ἁρμοδιώτατα
1321 1283 1406 1326 ταῖς
1425 1276 1561 1325 αλλαις
1580 1289 1677 1318 συν·

226 1338 456 1379 νενευκέναι
487 1337 554 1377 καὶ
586 1337 792 1407 ὁμολογεῖν
820 1334 896 1388 τὴν
930 1333 1162 1404 ἰσόπλευραν
1192 1334 1408 1387 ἁρμονίαν,
1438 1337 1677 1386 περιστεῖλαι

225 1392 358 1459 ταύτῃ
382 1391 620 1445 δεδύνηνται
648 1408 723 1445 την
754 1395 827 1433 τοῦ
853 1389 1078 1444 κενώματος
1109 1387 1319 1457 αμετρίαν,
1356 1389 1425 1430 καὶ
1452 1388 1678 1439 ὖποκλέψαι

230 1435 358 1504 ssoaiv'
400 1465 437 1490 τι
474 1453 545 1501 τῆς
583 1446 773 1496 ἔκτασεως
808 1447 949 1501 μέρος,
993 1445 1142 1489 ὁπόσον
1183 1442 1417 1516 ἑτερόμηκες
1456 1442 1676 1486 α’πετελεῖτο

229 1510 382 1559 σχῆμα,
422 1502 525 1547 ου’τω
549 1520 590 1546 τε
617 1502 685 1546 ἐπ’
712 1502 820 1559 αυτῷ
847 1504 1027 1557 ἥδρασαν
1050 1499 1171 1544 πάλιν
1195 1518 1268 1543 τον
1288 1502 1331 1542 ἐν
1349 1502 1467 1569 μέσῳ
1479 1500 1678 1569 ὑπερανέ-

229 1578 350 1631 χοντα
382 1562 456 1602 εἴτε
483 1559 632 1602 κύκλον
660 1561 736 1602 εἴτε
759 1559 1044 1612 ημισφαίριον,
1071 1558 1148 1599 εἴτε
1169 1554 1414 1612 ὅτῳδηοῦν’
1395 1553 1557 1610 ονόματι
1576 1552 1674 1610 παρ’

232 1614 369 1665 αυτοῖς
397 1615 716 1669 ἐπικεκλημένον.
773 1615 845 1653 sed
869 1614 1086 1653 audiendus
1108 1615 1288 1666 inprimis
1309 1615 1487 1665 Gyffius,
1520 1615 1589 1666 qui
1611 1621 1678 1652 to·-

230 1682 316 1712 tam
334 1673 437 1711 hanc
456 1673 564 1710 aedis
583 1679 736 1724 partem
758 1671 943 1723 graphice
964 1670 1159 1709 describit.
1217 1670 1403 1716 latitudo,
1431 1672 1579 1722 inquit,
1612 1670 1678 1708 di-

232 1731 386 1768 latatur
410 1729 517 1766 ultra
538 1729 648 1780 pilas
669 1727 842 1766 arcubus
861 1735 898 1765 et
917 1728 1109 1765 columnis
1130 1734 1168 1763 et
1176 1725 1416 1776 parietibus,
1447 1739 1492 1763 ex
1515 1733 1678 1778 utroque

232 1787 371 1831 latere,
398 1785 692 1836 septentrionali
713 1785 862 1822 scilicet
890 1791 927 1820 et
950 1782 1215 1828 meridionali,
1244 1796 1310 1819 sex
1335 1782 1443 1820 velut
1465 1781 1582 1819 aulas
1607 1796 1678 1819 ca·-

226 1844 361 1893 piens,
388 1848 463 1878 tres
486 1841 689 1892 inferiores
709 1848 746 1877 et
766 1840 924 1877 totidem
945 1841 1177 1890 superiores,
1211 1839 1322 1877 vario
1347 1851 1540 1875 marmore
1559 1839 1678 1876 vesti-

233 1905 312 1944 tas,
349 1904 657 1943 concameratas,
695 1897 862 1934 calculis
890 1897 1086 1934 inauratis
1116 1902 1154 1932 et
1168 1894 1364 1946 figuratis
1387 1901 1561 1933 ornatas.
1620 1896 1678 1932 ita

234 1955 338 1991 enim
368 1967 413 1990 ex
442 1954 612 2006 singulis
627 1952 728 2004 pilis
747 1953 923 2003 duplices
952 1966 1069 1989 arcus
1086 1958 1305 1988 nascuntur
1322 1951 1365 1986 in
1383 1950 1521 2000 templi
1537 1950 1678 1988 latitu-

234 2010 366 2048 dinem
378 2011 569 2059 porrecti,
606 2016 650 2046 ut
680 2022 811 2047 eorum
839 2009 1009 2046 alterum
1031 2009 1279 2059 conquiescat
1297 2007 1340 2043 in
1361 2019 1471 2043 muro
1492 2008 1678 2044 extrinse-

236 2080 305 2103 cus
330 2065 521 2103 obnitente
539 2065 755 2103 maioribus
766 2065 883 2115 pilis,
912 2078 939 2102 a
961 2063 1103 2115 quibus
1121 2069 1305 2113 quattuor
1327 2075 1445 2099 arcus
1461 2063 1505 2099 in
1521 2070 1677 2100 utrum-

235 2135 310 2172 que
329 2123 498 2171 parietis
521 2121 628 2158 latus
655 2122 900 2166 emittuntur,
943 2121 1021 2157 duo
1049 2119 1206 2170 quidem
1236 2118 1467 2169 infiriorum
1487 2118 1677 2156 aularum

235 2178 608 2214 concamerationem
631 2178 879 2222 sustinentes,
908 2176 1052 2227 reliqui
1069 2175 1146 2211 duo
1165 2175 1408 2224 superiorum
1425 2175 1583 2212 totidem
1599 2189 1677 2212 au-

93 2238 122 2271 P
147 2234 214 2272 546
237 2233 368 2270 larum
395 2233 620 2278 testudines,
649 2246 819 2283 quarum
847 2232 972 2269 latera
999 2230 1251 2282 singularum
1268 2232 1419 2280 partim
1440 2231 1677 2268 adnituntur

236 2289 295 2326 acl
314 2303 431 2325 arcus
443 2290 597 2338 partim
616 2289 674 2325 ad
689 2288 906 2326 columnas.
967 2287 1070 2325 unde
1082 2287 1141 2335 fit
1158 2293 1203 2323 ut
1214 2300 1315 2337 pars
1333 2287 1442 2323 aedis
1462 2288 1621 2324 interior
1640 2294 1679 2324 et

237 2344 367 2382 media
394 2344 469 2381 illa
496 2345 634 2395 ingens
657 2357 804 2389 vacua,
834 2345 869 2381 si
895 2343 980 2380 sola
1000 2343 1261 2381 consideretur
1280 2343 1555 2392 comprehensa
1569 2344 1677 2380 intra

231 2401 342 2451 pilas
360 2407 397 2436 et
415 2400 635 2445 columnas,
664 2401 715 2437 sit
722 2400 864 2450 forma
879 2406 1014 2445 ovata,
1039 2401 1075 2437 si
1094 2413 1183 2436 vero
1200 2406 1282 2436 tam
1299 2400 1405 2436 intra
1423 2412 1545 2450 quam
1567 2406 1676 2436 extra
1711 2407 1717 2410 '

231 2456 342 2507 pilas
357 2457 636 2506 perspiciatur,
664 2457 715 2492 sit
734 2456 945 2507 quadrata.
988 2457 1045 2492 ita
1064 2457 1165 2492 enim
1185 2469 1229 2492 ex
1250 2462 1413 2506 utroque
1431 2455 1550 2491 latere
1568 2455 1677 2492 velut

239 2513 331 2549 alae
359 2525 554 2562 appensae
581 2518 672 2549 sunt
688 2519 764 2549 tres
783 2512 902 2549 aulae
921 2512 1123 2562 inferiores
1141 2518 1178 2548 et
1198 2511 1356 2548 totidem
1371 2512 1601 2560 superiores,
1631 2518 1677 2549 ut

239 2568 291 2606 ab
311 2570 387 2605 imo
403 2569 628 2618 pavimento
642 2568 832 2618 procedat
847 2568 1044 2619 quadrata
1070 2580 1193 2619 usque
1211 2567 1269 2604 ad
1284 2574 1537 2605 curvaturam
1557 2581 1676 2618 supe-

240 2625 387 2662 riorum
405 2624 591 2661 aularum
593 2652 609 2670 ,
641 2624 779 2661 deinde
793 2626 899 2661 intra
920 2631 1002 2661 octo
1012 2624 1124 2674 pilas
1146 2625 1188 2660 in
1210 2630 1370 2661 ovatam
1378 2623 1562 2674 sormam
1581 2637 1675 2660 con-

241 2680 422 2717 trahatur
439 2694 561 2732 usque
581 2679 639 2718 ad
655 2687 908 2718 curvaturam
930 2687 1115 2732 quattuor
1132 2693 1298 2716 arcuum
1314 2680 1588 2717 sustinentium
1604 2679 1675 2717 he-

240 2737 532 2788 misphaerium.
592 2735 664 2775 has
695 2737 804 2775 aulas
831 2743 869 2774 et
893 2738 935 2774 in
963 2737 1117 2774 evalem
1138 2736 1306 2773 formam
1328 2742 1566 2774 contractam
1586 2748 1674 2773 me-

244 2792 349 2830 diam
367 2792 474 2832 aedis
494 2799 644 2845 partem
662 2794 793 2833 nescio
811 2805 861 2831 an
879 2793 1075 2844 intelligat
1091 2793 1337 2831 Silentiarius
1354 2799 1453 2846 part.
1471 2794 1498 2833 2
1517 2804 1556 2831 v.
1574 2792 1672 2834 129:
