1838 3210
496 176 830 222 DESCRIPTIO
863 177 908 223 S.
944 177 1195 224 SOPHIAE.
1541 180 1635 228 151

188 284 331 324 clesiae
365 298 461 324 vasa
497 292 537 324 et
573 285 834 327 sacerdotales
870 293 999 328 vestes
1029 294 1228 340 spectant,
1265 288 1499 342 priusquam
1525 303 1636 329 sacra

185 349 439 394 perageretur
453 342 613 394 liturgia
636 357 708 382 seu
727 343 907 383 divinum
924 357 971 382 ac
994 346 1302 384 ecclesiasticum
1316 346 1510 395 officium,
1540 360 1635 385 mu-

184 401 253 436 nia
271 399 432 437 obibant
449 400 636 450 Diaconi,
664 399 738 440 sed
759 407 799 439 et
816 401 1073 440 considebant
1094 415 1167 454 pro
1187 404 1364 441 muneris
1385 404 1447 441 sui
1467 404 1634 442 ratione.

185 468 237 493 an
255 468 349 494 vero
370 454 618 494 diaconicum
635 458 824 495 ecclesiae
842 456 952 495 idem
969 458 1090 496 fuerit
1106 472 1198 496 cum
1218 472 1264 497 eo
1281 472 1433 497 carcere
1451 461 1522 512 qui
1538 473 1634 511 per-

182 510 277 549 inde
302 510 497 551 diaconici
521 526 668 551 nomen
690 512 852 563 habuit,
890 513 1008 553 video
1038 516 1295 565 controverti,
1326 517 1400 554 etsi
1425 516 1631 567 probabile

182 569 234 605 sit
258 567 427 606 eandem
450 568 640 607 exedram
659 571 797 609 fuisse.
853 583 949 609 nam
973 584 1064 609 cum
1083 572 1197 610 nefas
1219 571 1407 610 ducerent
1423 574 1544 624 prisci
1561 586 1630 611 ec-
1651 572 1682 608 P
1705 573 1773 611 594

183 625 325 663 clesiae
355 625 561 677 pontifices
590 640 679 666 reos
711 627 873 665 clericos
904 640 986 665 una
1014 641 1105 666 cum
1126 629 1203 666 reis
1226 629 1469 668 secularibus
1490 627 1632 668 eodem
1657 644 1659 646 ·

182 694 336 719 carcere
366 681 553 732 detineri,
587 696 658 722 seu
687 682 795 736 quod
821 696 936 722 suam
954 686 998 722 in
1020 698 1087 723 eos
1110 686 1381 723 auctoritatem
1406 692 1446 723 et
1467 685 1633 724 iurisdi-

180 738 351 775 ctionem
366 751 522 777 servare
541 752 587 777 ac
606 741 708 778 tueri
719 769 730 788 ,
758 740 843 789 vel,
873 740 982 793 quod
995 754 1088 779 vero
1105 742 1274 779 similius
1291 748 1371 790 est,
1401 755 1494 780 cum
1511 743 1631 780 cleri-

180 795 236 831 cis
260 795 340 837 suis
360 796 497 833 mitius
517 808 633 846 agere
651 796 803 834 vellent
820 809 941 848 quam
962 798 1091 835 solent
1121 797 1308 836 ordinarii
1333 796 1508 847 iudices,
1535 799 1629 837 illos

178 850 221 887 in
247 851 501 888 ecclesiarum
527 853 747 890 secretariis
771 851 1085 905 sceuophylaciis
1105 861 1172 892 aut
1193 853 1502 893 catechumeniis
1523 854 1628 892 deti-

177 906 336 955 nebant,
357 920 561 960 quousque
580 921 652 960 per
665 910 949 960 paenitentiam
967 911 1017 948 iis
1034 911 1274 961 impositam,
1292 923 1413 963 quam
1430 910 1629 963 ἐπιτίμιον

175 969 329 1011 vocant,
356 970 636 1030 peractamque
654 977 725 1003 sua
743 966 971 1017 expiassent
989 966 1131 1004 delicta
1149 980 1194 1004 ac
1214 968 1390 1005 crimina.
1446 968 1503 1004 ita
1525 968 1628 1005 Gre-

175 1019 309 1068 gorius
327 1032 360 1057 11
380 1021 474 1058 PP'
462 1032 505 1057 m
524 1022 640 1072 epist.
658 1023 686 1063 2
705 1020 759 1075 ad
773 1023 950 1060 Leonem
967 1024 1178 1061 Isaurum⁸
1166 1037 1209 1060 ιιι
1227 1035 1292 1062 vn
1309 1021 1496 1075 Synodo:
1518 1037 1629 1074 pon-

175 1081 206 1110 t
195 1075 317 1123 ficas,
345 1075 416 1113 ubi
436 1077 527 1127 quis
549 1079 746 1127 peccarit,
772 1100 830 1109 -—
857 1092 947 1117 eum
976 1086 1170 1131 tanquam
1193 1081 1237 1116 in
1258 1093 1470 1125 carcerem,
1498 1080 1542 1116 in
1563 1093 1629 1117 se-

175 1133 345 1168 cretaria
380 1145 659 1184 sacrorumque
693 1147 878 1171 vasorum
915 1137 1073 1173 aeraria
1100 1136 1332 1181 coniiciunt,
1369 1137 1413 1172 in
1441 1135 1629 1173 ecclesiae

173 1187 360 1225 diaconia
387 1195 424 1225 et
446 1189 490 1226 in
513 1189 795 1227 catechumena
821 1189 1026 1241 ablegant.
1085 1189 1179 1227 hinc
1206 1204 1288 1229 non
1310 1192 1436 1229 semel
1455 1192 1630 1243 legimus

173 1244 217 1280 in
253 1245 465 1289 Diaconica
497 1246 583 1283 vice
619 1247 783 1284 carceris
816 1247 1012 1294 coniectos
1046 1247 1207 1285 clericos
1241 1246 1539 1300 delinquentes:
1579 1262 1629 1288 eo

175 1301 283 1337 enim
310 1307 460 1351 spectat
485 1302 556 1338 lex
583 1304 638 1343 30
670 1300 756 1340 cod.
783 1301 943 1341 Theod.
976 1302 1026 1341 de
1057 1306 1240 1341 Haeret:
1280 1305 1414 1341 cuncti
1440 1304 1631 1342 haeretiei

170 1356 317 1407 procul
337 1356 456 1394 dubio
484 1359 662 1396 noverint
681 1359 816 1396 omnia
831 1358 910 1397 sibi
925 1359 1014 1397 loca
1027 1358 1148 1397 huius
1168 1359 1277 1397 urbis
1292 1360 1507 1398 adimenda
1528 1374 1628 1408 esse,

173 1414 258 1450 sive
282 1412 356 1450 sub
387 1413 639 1452 ecclesiarum
666 1418 824 1453 nomine
849 1423 1072 1462 teneantur,
1101 1418 1182 1454 sive
1200 1430 1303 1468 quae
1320 1418 1529 1455 diaconia-a
1547 1431 1629 1468 ap·—

170 1469 378 1519 pellantur
394 1469 460 1508 vel
473 1472 590 1508 etiam
608 1471 810 1510 decanica.
872 1485 951 1525 quo
980 1473 1069 1511 loco
1092 1480 1224 1511 censet
1243 1473 1425 1511 Cuiacius
1444 1474 1627 1511 diaconi-

172 1539 264 1563 cum
280 1524 390 1563 idem
407 1539 492 1565 esse
513 1526 620 1579 quod
642 1527 893 1575 decanicum,
921 1541 1118 1567 carcerem
1133 1542 1278 1581 nempe
1300 1530 1623 1579 ecclesiasticum,

171 1582 213 1619 in
231 1595 309 1635 quo
329 1581 604 1621 detinebantur
622 1586 680 1621 rei
699 1585 854 1633 clerici3
889 1597 967 1637 qua
995 1587 1155 1624 notione
1181 1587 1370 1637 accipitur
1391 1585 1624 1636 decanicum

171 1638 278 1690 apud
305 1639 504 1677 Iulianum
526 1641 827 1678 Antecessorem
845 1641 1010 1679 Constit.
1028 1642 1105 1683 73:
1137 1649 1315 1679 executor
1337 1650 1470 1680 autem
1492 1643 1625 1680 litium

171 1697 402 1733 constitutus
419 1696 463 1733 in
480 1696 678 1734 decanicis
698 1696 951 1735 ecclesiarum
970 1697 1218 1744 recludatur,
1246 1706 1501 1749 competentes
1522 1712 1626 1750 poe-

171 1765 246 1788 nas
273 1751 464 1799 luiturus;
494 1765 595 1804 quae
626 1751 794 1790 totidem
810 1754 939 1792 verbis
958 1761 1116 1792 exstant
1134 1754 1204 1792 lib.
1225 1754 1251 1795 5
1271 1756 1399 1806 Capit.
1418 1756 1549 1794 Caroli
1564 1757 1624 1795 M.

171 1821 206 1845 c.
225 1807 321 1849 225.
350 1808 420 1845 ubi
436 1809 602 1846 Novella
619 1809 827 1846 Iustiniani
841 1812 895 1851 97
912 1807 1033 1847 habet
1052 1810 1096 1850 ἐν
1119 1814 1203 1858 τοῖς
1222 1810 1483 1863 καλουμένοις
1502 1813 1622 1852 δεκα-

170 1867 311 1911 νικοῖς.
370 1862 547 1901 decanici
573 1871 797 1915 praeterea,
825 1865 892 1902 vel
909 1867 1040 1916 potius
1061 1866 1290 1914 δικανικοῦ,
1318 1869 1485 1905 occurrit
1501 1881 1622 1905 men-

170 1921 226 1957 tio
253 1921 295 1957 in
319 1921 606 1971 supplicatione
630 1921 768 1958 Basilii
800 1919 984 1958 diaconi
973 1935 1015 1959 m
1035 1922 1211 1960 Concilio
1229 1921 1431 1974 Ephesino
1449 1931 1551 1975 part.
1574 1927 1622 1966 1:

169 1972 362 2016 κάκεῖθεν
387 1974 629 2045 τυπτόμενοι
646 1974 755 2031 nano?
777 1979 851 2017 τοῦ
865 1975 983 2029 οχλου
1005 1993 1088 2018 των
1112 1979 1291 2018 δεκανων
1313 1975 1554 2047 ἀπηγόμεθα
1576 1979 1622 2020 ἐν

120 2061 123 2063 >
168 2035 223 2086 τῷ
253 2033 468 2089 δικανικῷ,
501 2028 620 2073 κάκεῖ
641 2048 818 2086 γυμνους
845 2032 953 2086 ἡμᾶς
981 2035 1167 2087 δεσμίους
1197 2050 1251 2083 ως
1270 2035 1337 2075 καὶ
1354 2032 1621 2084 ὑπευθύνους

169 2091 219 2144 τῇ
255 2074 428 2156 τιμωρίᾳ
461 2085 697 2140 ἐστῦλισαν,
734 2087 988 2142 ἐκρεβοὶτισαν
1015 2090 1084 2131 καὶ
1108 2090 1353 2143 ἐπτέρνισαν.
1423 2099 1462 2130 et
1491 2092 1620 2130 infra.

167 2129 413 2198 θλιβόμενοι
434 2144 478 2186 ἐν
495 2148 550 2200 τῷ
569 2146 761 2202 δικανικῷ
782 2143 1062 2199 λιμώττοντες,
1088 2147 1159 2185 ubi
1186 2149 1378 2199 interpres
1409 2144 1620 2189 δικανικόν

168 2200 349 2240 tribunal
372 2186 677 2240 ecclesiaticum
701 2203 838 2253 vertit,
879 2202 950 2242 sed
986 2217 1215 2256 perperam,
1253 2211 1296 2242 ut
1325 2205 1485 2256 opinor·
1523 2218 1619 2243 nam

167 2259 242 2299 etsi
268 2272 311 2296 re
341 2272 435 2297 vera
464 2258 720 2310 postmodum
748 2257 824 2297 hac
854 2260 1118 2312 appellatione
1153 2259 1292 2298 donari
1316 2263 1510 2328 potuerit,
1539 2260 1619 2299 hoc

167 2321 301 2352 tamen
320 2315 408 2354 loco
427 2315 638 2357 δικανικου
655 2315 848 2355 vocabulo
872 2315 1016 2355 diserte
1037 2330 1167 2354 carcer
1187 2317 1443 2368 intelligitur,
1472 2319 1508 2356 si
1533 2331 1616 2356 non

169 2372 476 2421 ecclesiasticus,
512 2379 615 2410 certe
643 2373 678 2411 is
712 2373 783 2424 qui
810 2371 1071 2422 decanorum,
1109 2372 1152 2411 id
1178 2380 1236 2411 est
1263 2374 1467 2424 lictorum,
1498 2387 1616 2412 curae

168 2430 401 2467 commissus
423 2434 518 2466 erat.
556 2429 637 2467 nisi
653 2429 742 2481 quis
757 2429 871 2467 malit
887 2428 1119 2468 decanicum
1134 2431 1177 2467 in
1198 2428 1272 2467 hac
1290 2431 1469 2482 Epistola
1488 2431 1615 2482 accipi

170 2482 312 2522 debere
344 2498 416 2537 pro
446 2485 534 2524 loco
561 2486 607 2523 in
632 2498 711 2538 quo
740 2487 951 2525 stationem
988 2499 1101 2524 suam
1132 2485 1331 2524 habebant
1366 2485 1505 2524 decani
1540 2500 1613 2525 seu

168 2540 402 2593 ῥαβδοῦχοι,
431 2542 491 2579 uti
518 2543 767 2594 appellantur
792 2554 816 2580 a
840 2542 1017 2580 cedreno
1036 2557 1076 2594 p.
1094 2543 1197 2591 1703
1228 2541 1277 2580 de
1300 2543 1443 2595 quibus
1463 2544 1613 2595 passim

169 2604 292 2647 agunt
310 2600 532 2650 scriptores.
574 2605 615 2636 at
630 2600 664 2637 si
681 2597 914 2637 decanicum
930 2597 1135 2637 idem‘fuit
1154 2612 1244 2637 cum
1263 2598 1465 2639 diaconico
1478 2628 1489 2648 ,
1516 2613 1613 2651 pro-

167 2652 300 2690 babile
331 2661 390 2692 est
417 2653 648 2694 decanicum
678 2662 719 2693 et
743 2653 965 2694 dicanicum
987 2663 1166 2707 corrupte
1186 2655 1441 2707 postmodum
1460 2655 1610 2693 dictum

170 2707 279 2760 quod
300 2707 546 2749 diaconicum
566 2712 758 2764 appellari
781 2711 991 2761 debuerat.
1038 2725 1114 2750 nec
1137 2713 1218 2750 scio
1241 2725 1292 2749 an
1315 2714 1435 2750 etiam
1457 2711 1610 2749 dicaui-

171 2778 261 2803 cum
281 2778 304 2803 a
322 2779 418 2804 voce
436 2767 527 2818 δίκη
542 2775 814 2820 nuncupatum
828 2770 904 2808 sibi
922 2770 1188 2821 persuaserint
1203 2770 1439 2820 posteriores
1456 2768 1610 2815 Graeci,

170 2821 278 2875 quod
303 2822 345 2861 in
373 2821 586 2863 diaconicis
613 2823 760 2864 iudicia
779 2838 850 2869 sua
866 2831 1095 2865 exercerent
1113 2825 1338 2877 pontifices,
1367 2822 1475 2877 quod
1501 2821 1611 2861 indi-
