1890 3224
272 189 338 238 46
632 189 995 235 NICEPHORUS'
1016 189 1354 246 CPOLITANUS

272 301 457 362 κρατήσει
477 307 549 357 τῆς
568 304 774 357 βασιλείας
794 302 1115 360 ἐπαρρησιάζετο.
1184 303 1223 346 οἶ
1242 303 1286 345 δέ
1305 298 1382 346 ὧδε
1399 307 1554 346 πολῖται
1573 303 1708 347 κίνδυ-

271 390 339 416 νον
363 371 519 421 ἑαυτοῖς
534 370 818 425 ὗπονοούμενοι
841 371 1124 426 ἐβουλεύσαντο
1144 371 1264 414 αὐτὸν
1286 371 1433 414 ἀνελεῖν
1454 370 1480 426 ἢ
1503 371 1709 427 δεσμώτην

271 441 373 498 πρὸς
394 440 620 497 Ἀψίμαρον
640 440 893 494 ἀναπέμπειν.
961 440 1080 490 αὐτὸς
1101 441 1143 482 δὲ
1162 444 1279 482 τοῦτο
1302 438 1542 493 αἰσθόμενος
1559 441 1709 482 ἐκεῖθεν

273 509 432 564 διέφυγε
439 539 453 559 ,
487 509 554 549 καὶ
587 510 642 558 εἷς
676 508 721 550 τὸ
756 506 950 566 φρούριον
972 508 1017 550 τὸ
1036 506 1245 563 λεγόμενον
1263 506 1400 564 Δόρος
1419 507 1519 564 πρὸς
1539 511 1588 563 τῇ
1606 509 1646 549 Γ
1642 524 1710 549 οτ-

272 580 372 632 θικῇ
401 577 576 630 κείμενον
599 574 716 635 χώρα
744 576 977 632 ἀπέδρασεν.
1045 578 1150 618 αῗτεῖ
1167 577 1210 618 δὲ
1233 577 1301 618 τὸν
1325 574 1518 631 Χάζαρον
1540 573 1744 630 ἦγεμῦναό

275 643 502 700 (χαγάνους
531 645 574 686 ὁὲ
603 643 770 694 τούτους
801 645 913 687 αὐτοὶ
942 647 1155 700 καλοῦσιν)
1191 642 1246 694 ὥς
1261 644 1388 687 αὐτὸν
1408 644 1716 700 παραγενέσθαι.

223 717 253 752 Β
276 710 296 753 ὅ
316 713 359 754 δὲ
375 716 427 768 τῇ
444 711 594 766 αἶτήσει
610 709 699 763 εἶξε,
734 714 801 754 καὶ
824 713 944 754 αὐτὸν
961 712 1061 766 μετὰ
1083 717 1201 767 τιμῆς
1220 713 1393 763 ἐδέξατο,
1424 713 1489 752 καὶ
1508 712 1718 768 φιλιωθεὶς

276 780 386 838 αύτῷ
408 781 480 834 τὴν
501 779 646 822 ἑαυτοῦ
665 780 842 837 ἀδελφὴν
865 779 1082 837 Θεοδώραν
1102 781 1347 834 καλουμένην
1370 782 1425 829 εἷς
1445 785 1612 834 γυναῖκα
1636 778 1719 828 ἐξέ-

275 850 384 891 δοτο.
454 847 474 890 ὅ
509 849 552 891 δὲ
571 852 634 905 ’τῇ
665 849 790 891 αὐτοῦ
818 849 1034 891 συναινέσει
1062 850 1103 890 ἐν
1128 847 1344 904 Φαναγόρῃ
1370 847 1504 889 ἐλθὼν
1523 846 1596 889 σὺν
1617 845 1720 901 αὐτῇ

278 917 462 973 διέτριβε.
529 921 657 959 ταῦτα
692 916 876 972 διαγνοὺς
903 917 1128 973 Ἀψίμαρος
1157 917 1318 959 ἐνέκειτο
1351 919 1504 969 συχνῶς
1536 914 1605 957 τὸν
1638 918 1719 956 τῶν
1733 914 1780 950 10

277 983 484 1040 Χαζάρων
523 984 699 1040 ἄρχοντα
730 987 977 1041 ἐκλιπαριῢν,
1023 988 1187 1027 πλεῖστα
1223 986 1266 1026 δὲ
1291 982 1484 1040 χρήματα
1510 984 1577 1024 καὶ
1610 983 1723 1037 δεῢρα

277 1051 501 1105 ὖπισχνεῖτο
510 1085 523 1103 ,
554 1056 588 1094 εἶ
606 1055 731 1104 ζῶντα
746 1052 1021 1094 Ἰουστινιανὸν
1039 1051 1066 1105 ἢ
1082 1052 1154 1105 τὴν
1170 1053 1349 1108 κεφαλὴν
1367 1051 1491 1093 αὐτοῦ
1507 1050 1726 1103 ἐκπέμψαι.

280 1119 302 1162 ὃ
333 1121 376 1162 δὲ
402 1127 491 1169 ταῖς
520 1124 687 1170 πολλαῖς
716 1118 824 1170 εἴξας
854 1118 1149 1175 παρακλήσεων
1175 1118 1364 1172 ὑπέσχετο
1393 1123 1509 1159 τοῦτο
1534 1121 1728 1174 πληροῦν,

280 1189 423 1242 πέμπει
451 1182 521 1229 οὖν
550 1187 702 1242 ἄνδρας
725 1190 780 1236 εἷς
808 1187 992 1242 φυλακὴν
1012 1187 1137 1228 αὕτοῦ
1156 1184 1424 1236 καθεστάναι,
1458 1189 1514 1242 τῷ
1533 1186 1605 1239 μὲν
1622 1201 1726 1241 προ-

282 1255 457 1310 σχήματι
489 1253 543 1304 ὧς
573 1256 631 1309 μὴ
661 1253 739 1297 ὕπὸ
770 1258 850 1296 τῶν
882 1251 1099 1311 ὁμοφύλων
1132 1254 1459 1307 ἐπιβουλευθείη,
1494 1258 1552 1311 τῷ
1572 1251 1657 1295 ὄντι
1683 1252 1727 1294 δέ
1738 1257 1781 1295 15

283 1321 524 1380 φυλάσσειν,
563 1320 618 1372 ὡς
640 1323 697 1377 μὴ
727 1320 954 1376 ἀποδράσαι
983 1322 1078 1363 ποτὲ
1109 1320 1514 1379 προασφαλιζόμενος.
1582 1318 1730 1363 κελεύει

284 1393 329 1433 δὲ
358 1395 414 1448 τῷ
447 1389 610 1446 ἄρχοντι
638 1395 718 1433 τῶν
745 1388 953 1444 ὁμοεθνῶν
960 1421 974 1440 ,
1009 1389 1240 1448 ᾠκειωμένῳ
1274 1390 1318 1431 δὲ
1346 1390 1611 1446 Ἰουστινιανῷ
1632 1386 1730 1439 ὄντι,

225 1470 256 1504 C
286 1459 341 1502 ἴτι
358 1459 402 1500 δὲ
421 1461 486 1501 καὶ
504 1463 561 1516 τῷ
585 1457 747 1515 ἄρχοντι
766 1462 824 1516 τῷ
850 1462 922 1501 τοῦ
943 1455 1158 1514 Βοσπόρου
1180 1462 1254 1500 τοῦ
1275 1460 1501 1508 Σκυθικοῦ,
1517 1475 1520 1480 ·
1537 1458 1732 1513 ἐπιτηρεῖν

284 1526 402 1582 ἡνίκα
427 1527 563 1576 αὐτοῖς
583 1527 784 1583 ἐπιτρέψει
804 1526 953 1568 ἀνελεῖν
975 1526 1102 1568 αὐτὸν,
1120 1524 1175 1576 ὥς
1193 1524 1373 1580 τάχιστα.
1396 1558 1400 1562 .
1440 1529 1568 1568 ταῦτα
1580 1525 1632 1566 ’δὲ
1651 1541 1732 1578 μη-

284 1593 419 1638 νύεται
437 1586 440 1589 .
455 1593 651 1654 Θεοδώρᾳ
682 1593 794 1650 παρά
823 1611 929 1643 τινος
954 1598 1034 1636 τῶν
1061 1598 1133 1635 τοῦ
1158 1594 1310 1648 πατρὸς
1331 1595 1504 1635 οἰκετῶν.
1570 1590 1596 1646 ἦ
1617 1592 1660 1633 δὲ
1678 1591 1788 1636 uiso

285 1667 359 1716 τῆς
389 1663 601 1716 ἐπιβουλῆς
629 1666 686 1718 τῷ
715 1661 830 1718 ἀνδρὶ
860 1661 1047 1703 ἀνετίθει.
1115 1662 1182 1702 καὶ
1206 1660 1328 1710 αὐτὸς
1345 1659 1414 1702 τὸν
1431 1661 1573 1702 οἰκεῖον
1589 1659 1734 1701 ἐκεῖνον

287 1730 357 1773 τὸν
377 1728 570 1785 Χάζαρον
592 1730 764 1779 καλέσας
783 1730 848 1770 καὶ
869 1727 1085 1778 ἀπιδιάσας
1099 1726 1189 1782 μετ’
1209 1727 1334 1769 αὐτοῦ
1349 1725 1496 1784 ἀγχόνῃ
1515 1727 1736 1782 παρέδωκε.

287 1802 347 1857 τῷ
368 1797 477 1855 αὐτῷ
499 1798 542 1839 δὲ
558 1795 694 1855 τρόπῳ
719 1797 874 1853 ἀναιρεῖ
888 1797 954 1838 καὶ
971 1796 1041 1838 τὸν
1056 1793 1271 1853 Βοσπόρου
1293 1794 1480 1853 ἄρχοντα.
1549 1795 1674 1845 εὐθὺς
1693 1794 1738 1837 δὲ

379 1893 403 1927 4
421 1892 549 1937 Δαρᾶς
569 1891 750 1926 Petavius.
887 1890 909 1926 5
933 1889 1138 1935 Χαζᾶρωνί)

287 1971 386 2007 colae
409 1970 598 2017 periculum
620 1969 689 2004 sibi
712 1981 755 2004 ex
778 1981 822 2004 ea
843 1982 884 2004 re
900 1969 1026 2014 veriti,
1061 1970 1105 2004 de
1127 1968 1186 2003 illo
1208 1967 1448 2004 interficiendo
1469 1971 1530 2003 aut
1550 1967 1668 2002 vincto
1688 1967 1738 2003 nd

288 2017 504 2063 Apsimarum
524 2017 746 2061 perducendo
771 2015 948 2050 consilium
970 2015 1103 2049 ineunt.
1151 2019 1188 2049 at
1209 2016 1309 2059 ipse,
1331 2014 1393 2049 ubi
1415 2014 1482 2048 hoc
1503 2013 1581 2048 illos
1603 2012 1739 2057 agitare

290 2062 479 2107 comperit,
511 2062 594 2096 inde
620 2062 758 2106 fugiens
781 2063 826 2096 ad
849 2060 1042 2106 castellum,
1072 2062 1166 2105 quod
1194 2060 1307 2094 Doros
1333 2059 1527 2104 appellatur
1553 2064 1675 2104 estque
1700 2058 1739 2092 in

141 2129 176 2153 a,
200 2114 268 2149 702
292 2107 463 2143 Gotthiae
500 2107 667 2141 limitibus
705 2107 854 2153 positum
870 2133 880 2151 ,
922 2118 999 2141 sese
1036 2106 1175 2151 recipit.
1243 2106 1335 2139 unde
1373 2105 1566 2139 Chazarum
1603 2105 1738 2148 ducem,

291 2155 500 2198 (chaganus
521 2152 591 2198 ipsi
613 2152 691 2187 illos
715 2154 935 2198 nuncupant)
969 2156 1008 2186 ut
1039 2153 1081 2186 ad
1109 2163 1148 2186 se
1176 2150 1313 2184 veniret
1331 2155 1445 2195 rogat.
1494 2149 1554 2194 qui
1574 2149 1738 2194 precibus

291 2200 366 2234 eins
397 2199 563 2233 adductus
586 2210 709 2243 magno
734 2210 808 2232 cum
837 2199 968 2231 honore
990 2198 1135 2231 eundem
1157 2195 1306 2249 excipit,
1338 2201 1373 2229 et
1396 2200 1576 2229 contracta
1597 2206 1673 2229 cum
1695 2207 1739 2230 eo

291 2244 443 2279 amicitia
464 2254 619 2277 sororem
642 2254 738 2277 suam
759 2244 980 2277 Theodoram
1011 2242 1147 2276 nomine
1177 2252 1356 2284 conlugem
1379 2240 1499 2275 tradit.
1546 2250 1654 2284 quare
1678 2239 1739 2274 illo

290 2290 514 2336 permittente
545 2288 783 2332 Phanagoram
810 2288 953 2322 veniens
976 2287 1027 2321 ibi
1050 2299 1125 2321 cum
1148 2298 1255 2320 uxore
1277 2297 1341 2320 sua
1363 2291 1513 2320 moratus
1537 2290 1603 2321 est.
1651 2296 1740 2330 quae

291 2347 366 2370 cum
387 2334 586 2379 Apsimarus
605 2333 773 2377 audisset,
799 2334 989 2366 Chazarum
1007 2332 1197 2377 principem
1216 2331 1353 2366 assidue
1368 2331 1594 2375 sollicitabat,
1615 2331 1741 2376 opibus

291 2380 406 2415 multis
437 2392 477 2413 ac
506 2379 704 2413 muneribus
735 2378 931 2424 promissis,
966 2383 1005 2411 ut
1037 2383 1097 2413 aut
1127 2378 1243 2412 vivum
1264 2378 1491 2411 Iustinianum
1513 2377 1557 2410 ad
1579 2388 1657 2410 sese
1681 2381 1742 2411 aut

292 2431 398 2470 caput
427 2425 500 2459 eius
530 2424 693 2459 mitteret.
741 2424 800 2468 qui
826 2423 1064 2468 frequentibus
1091 2423 1265 2468 Apsimari
1288 2423 1449 2468 precibus
1478 2427 1663 2456 commotus
1685 2422 1741 2456 fa-

295 2477 428 2505 cturum
446 2482 485 2505 se
503 2471 595 2514 quod
616 2475 757 2514 rogatus
779 2474 856 2503 erat
875 2469 1020 2514 recepit.
1067 2469 1187 2514 itaque
1209 2474 1323 2503 certos
1344 2468 1497 2502 homines
1519 2467 1563 2501 ad
1587 2467 1661 2501 eius
1679 2478 1742 2501 cu-

296 2516 442 2550 stodiam
464 2516 608 2560 allegat,
635 2527 697 2560 per
718 2514 869 2560 speciem
889 2527 933 2548 ne
955 2514 1134 2559 gentilium
1156 2526 1294 2548 suorum
1319 2513 1455 2547 insidiis
1477 2512 1742 2558 opprimeretur,

296 2572 337 2595 re
360 2572 444 2594 vera
461 2566 575 2595 autem
597 2561 634 2595 id
658 2561 768 2606 ipsum
791 2572 918 2594 cavens
941 2572 985 2594 ne
1007 2571 1154 2605 unquam
1179 2572 1199 2594 e
1220 2559 1374 2594 manibus
1393 2558 1464 2592 suis
1484 2559 1640 2602 effugere
1658 2569 1742 2603 pos-

298 2610 366 2641 set.
411 2611 483 2639 tum
510 2606 569 2639 uni
601 2618 645 2640 ex
670 2606 782 2650 gentis
815 2617 898 2640 suae
929 2606 1092 2648 ducibus,
1126 2616 1271 2651 quocum
1302 2603 1493 2638 Iustiniano
1526 2603 1743 2638 familiaritas

299 2654 395 2694 erat,
422 2662 555 2684 necnon
584 2657 619 2685 et
646 2651 795 2696 Bospori
812 2651 970 2695 Scythici
993 2652 1171 2696 praefecto
1194 2650 1310 2694 iubet,
1335 2654 1374 2683 ut
1396 2648 1495 2683 simul
1518 2654 1622 2694 atque
1644 2659 1742 2682 man·-

300 2697 430 2739 dasset,
453 2707 552 2740 quam
569 2697 713 2741 primum
735 2697 767 2731 ei
792 2696 895 2730 vitam
913 2697 1102 2741 eriperent.
1147 2697 1233 2730 haec
1254 2696 1298 2730 ad
1319 2695 1538 2729 Theodoram
1555 2706 1577 2728 a
1599 2693 1744 2739 quodam

299 2742 411 2787 patris
434 2741 487 2775 sui
512 2742 698 2776 domestico
722 2741 854 2787 perlata
876 2748 976 2784 sunt3
1011 2753 1101 2787 quae
1122 2742 1238 2776 statim
1260 2741 1337 2774 viro
1360 2751 1423 2775 suo
1444 2739 1588 2774 insidias
1615 2738 1742 2784 aperit.

301 2787 362 2830 qui
415 2786 528 2821 uidem
560 2788 716 2822 Chazaro
745 2788 803 2821 illo
833 2787 994 2821 familiari
1026 2798 1088 2821 suo
1112 2788 1156 2821 ad
1179 2798 1217 2821 se
1239 2791 1386 2830 vocato,
1418 2785 1559 2820 remotis
1590 2783 1744 2827 arbitris,

301 2843 379 2867 eum
436 2843 524 2881 queo
551 2834 751 2882 praefocat,
786 2833 974 2883 eodemque
1006 2833 1105 2870 modo
1136 2832 1287 2880 Bospori
1319 2831 1532 2878 praefectum
1563 2828 1742 2867 interficit.
