1890 3224
274 196 366 242 136
858 196 1135 250 QUERCIUS

266 313 453 359 patronus
473 306 657 352 verbum3
699 316 800 357 quae
823 306 1059 344 sententiam
1080 319 1103 344 a
1130 304 1205 344 deo
1227 306 1413 358 scriptam
1431 306 1657 358 pronuntiat
1679 312 1717 343 et

268 364 484 411 confirmat,
515 368 573 399 est
593 360 769 412 deipara.

379 421 473 459 369.
532 415 710 464 ἐντολεΰς
729 419 777 455 ab
796 416 1031 468 ἐντέλλομαι,
1063 420 1134 470 qui
1151 419 1381 470 quidsactzc
1399 420 1450 455 sit
1467 432 1565 469 opus
1585 419 1718 457 decer-

269 477 340 513 nit.
404 476 488 511 eius
509 475 618 511 vocis
639 474 795 511 nullum
809 503 819 523 ‚
851 474 958 527 quod
975 477 1118 524 sciam,
1151 482 1210 512 est
1230 476 1474 526 exemplum.

379 533 473 571 370.
532 529 673 566 alludit
705 529 756 567 ad
783 530 999 569 secundam
1030 532 1380 582 supplicationem,
1452 543 1531 583 qua
1571 530 1718 568 indicta

267 587 427 638 Sergius
457 585 626 637 desuper
642 599 776 624 muros
796 588 904 625 urbis
927 590 1135 626 servatoris
1155 590 1279 626 nostri
1299 591 1388 627 Iesu
1410 586 1555 626 Christi
1572 588 1719 638 imagi-

266 657 359 680 nem
382 643 632 680 circumtulit.
689 642 780 680 vide
800 656 839 680 v.
861 646 957 685 213.

378 701 472 740 373.
531 699 828 736 celeberrimam
845 701 1001 737 iconem
1020 695 1342 752 ἀχειροποίητον,
1376 700 1721 737 Camulianensem

265 768 288 793 a
308 755 488 793 Camulio
510 755 780 806 Cappadociae
809 757 964 793 civitate
990 763 1280 807 nuncupatam,
1321 755 1470 792 indicat
1488 759 1626 806 poeta,
1669 754 1719 792 de

265 824 344 864 qua
363 811 619 849 disertissime
632 813 838 850 Gretserus
855 814 897 849 in
915 813 1016 849 libro
1035 813 1083 849 de
1092 814 1224 863 Imag.
1245 826 1325 850 non
1343 812 1588 863 manufactis
1601 825 1636 848 c.
1657 810 1720 852 15.

267 868 402 905 confer
422 868 471 905 de
494 867 628 918 exped.
653 869 822 905 Heracl.
852 873 870 910 1
901 869 1004 918 140,
1035 876 1074 906 et
1097 875 1211 907 notas
1230 868 1455 906 Combefisii
1473 868 1530 905 ad
1546 867 1716 905 Narrat.

263 925 312 961 de
329 924 447 961 Bello
468 924 601 961 Ahar.

376 979 471 1022 375.
528 986 636 1017 tanta
666 980 743 1017 fuit
773 980 833 1017 vis
867 981 1044 1018 obiectae
1073 978 1253 1019 hostibus
1272 981 1480 1031 imaginis,
1523 986 1568 1017 ut
1588 981 1722 1017 statim

263 1043 375 1087 terga
402 1042 600 1073 verterent
622 1049 695 1073 nec
725 1035 916 1079 auderent
944 1038 1146 1085 resistere,
1189 1039 1282 1089 quia
1309 1036 1489 1075 eiusdem
1518 1043 1723 1087 aspectum

264 1095 474 1145 nequirent
492 1094 700 1130 sustinere.
757 1091 850 1132 hinc
878 1092 1010 1143 lepide
1039 1097 1156 1144 potita
1177 1094 1363 1144 Sergium
1383 1092 1474 1130 dolo
1503 1094 1722 1130 circumve—

262 1151 370 1186 nisse
387 1147 581 1196 iudicem,
615 1149 764 1185 scilicet
785 1147 926 1197 deum,
956 1151 1087 1186 visum
1103 1151 1153 1186 iri
1173 1150 1357 1187 affirmat.
1415 1147 1487 1187 sed
1511 1150 1581 1201 qui
1602 1149 1723 1186 fuerit

265 1204 380 1243 dolus
400 1217 479 1257 quo
497 1203 671 1241 iudicem
689 1206 862 1255 corrupit
874 1233 884 1252 ‚
927 1218 1025 1242 mox
1049 1206 1214 1256 patebit.

376 1259 471 1301 384.
501 1261 681 1311 precibus
700 1261 871 1307 ieiuniis,
892 1267 932 1297 et
953 1261 1215 1312 eleemosynis
1236 1260 1360 1297 divini
1378 1259 1521 1299 iudicis
1535 1261 1724 1312 benigni-

263 1323 386 1354 tatem
406 1322 636 1354 consecutus
666 1322 724 1352 est
746 1316 922 1366 Sergius.
979 1315 1046 1353 hie
1079 1317 1148 1353 ille
1181 1323 1239 1354 est
1272 1316 1387 1354 dolus
1418 1328 1496 1368 quo
1527 1330 1623 1354 usus
1650 1323 1722 1365 est,

264 1386 343 1426 quo
362 1386 435 1410 nos
455 1373 575 1410 etiam
591 1373 650 1408 uti
671 1373 714 1408 in
734 1372 850 1410 rebus
870 1370 1002 1410 arduis
1021 1374 1197 1410 maxime
1217 1374 1413 1410 convenit.
1442 1371 1558 1423 porro
1573 1372 1722 1421 Pisida,

264 1442 366 1482 quae
393 1430 444 1466 sit
474 1430 535 1466 vis
564 1429 830 1479 paenitentiae
860 1435 899 1465 et
919 1429 1195 1480 eleemosynae
1223 1428 1491 1466 demonstrare
1512 1429 1721 1479 intelligit3

265 1487 380 1537 quasi
411 1497 459 1521 ea
486 1486 537 1522 sit
564 1491 668 1521 certa
691 1486 788 1521 ratio
818 1497 899 1522 non
919 1483 1038 1522 modo
1061 1485 1301 1536 impetrandi
1323 1484 1394 1523 sed
1412 1485 1677 1537 extorquendi
1699 1498 1724 1522 a

265 1541 340 1578 deo
360 1553 461 1592 quae
479 1541 650 1592 petimus
663 1570 673 1588 ,
713 1553 758 1577 ac
786 1539 883 1578 deus
906 1542 992 1592 ipse
1011 1543 1054 1578 in
1073 1540 1302 1578 huiusmodi
1322 1554 1535 1579 numerum
1553 1543 1723 1592 gratiam

262 1596 426 1634 iudicet.
461 1597 597 1634 confer
614 1596 811 1633 Hexaie'm.
835 1610 875 1634 v.
899 1597 981 1638 419
1002 1604 1039 1633 et
1053 1610 1183 1648 seqq„
1210 1597 1280 1634 ubi
1301 1597 1436 1635 Pisida
1456 1599 1724 1647 paenitentiae

264 1655 452 1692 virtutem
470 1653 652 1690 similiter
672 1659 901 1703 exaggerat.
1075 1690 1081 1694 „

375 1710 472 1750 388.
529 1706 607 1758 πρό
627 1711 696 1760 τῆς
716 1709 842 1759 δίκης,
863 1715 908 1745 ut
925 1721 965 1745 v.
985 1709 1066 1749 378
1084 1706 1248 1761 ἐλέγχων
1264 1707 1427 1760 μηδέπω
1445 1707 1722 1763 παρηγμένων.

376 1766 471 1806 389.
529 1765 654 1802 Iulius
673 1764 821 1802 Pollux
842 1766 867 1805 8
889 1763 956 1812 25,
978 1765 1048 1815 qui
1068 1766 1203 1802 omnia
1222 1777 1323 1816 quae
1345 1764 1398 1802 ad
1418 1765 1611 1804 iudicium
1628 1780 1725 1818 per-

265 1822 393 1858 tinent
407 1821 610 1871 explanat,
634 1822 690 1857 ita
707 1819 758 1857 ad
774 1831 882 1857 rem:
910 1821 1074 1872 Κριτίας
1092 1817 1334 1862 ἀποδικάσαι
1352 1821 1430 1872 ἔφη
1448 1818 1525 1873 τὴν
1543 1823 1661 1876 δίκην
1677 1820 1723 1865 τό

266 1873 467 1917 ἀπολῦσαι
488 1873 517 1929 ἦ
537 1878 712 1917 νικῶσαν
731 1872 958 1928 ἀποφῆναι,
987 1875 1042 1924 ὥς
1062 1873 1114 1916 ὂὶν
1132 1876 1248 1929 ἡμεῖς
1268 1875 1541 1929 ἄποψηφίσαι.

379 1935 475 1974 392.
532 1930 660 1984 πυρός
680 1931 796 1985 ἔργον
814 1932 1058 1978 incendium,
1087 1940 1131 1970 ut
1159 1934 1207 1971 de
1238 1934 1372 1984 exped.
1392 1934 1559 1971 Herael.
1584 1938 1612 1976 2
1639 1934 1725 1977 246

267 1988 383 2043 ἔργον
398 1991 480 2029 τῶν
499 1984 682 2042 ὀργάνων
700 2001 772 2040 pro
792 1989 967 2040 organis.

379 2046 476 2086 396.
533 2044 673 2098 πέραν.
707 2046 886 2095 intellige
907 2045 1105 2083 Orientale
1129 2046 1240 2083 littus
1261 2058 1384 2097 prope
1405 2043 1722 2083 Chalcedonam:

268 2100 325 2138 ibi
345 2101 452 2138 enim
467 2101 658 2139 Sarbarus
683 2114 775 2139 cum
803 2103 884 2139 suis
911 2103 1042 2139 Persis
1066 2100 1305 2139 adoriendae
1333 2101 1441 2139 urbis
1471 2109 1629 2153 tempus
1648 2115 1724 2140 ex-

268 2158 484 2208 spectabat.
519 2159 620 2195 Pera
637 2159 745 2194 enim
761 2156 964 2209 quondam
981 2159 1210 2208 Byzantinis
1227 2171 1307 2195 non
1325 2156 1444 2195 modo
1463 2171 1510 2195 ea
1530 2171 1620 2209 pars
1641 2166 1725 2197 erat

269 2226 372 2264 quae
393 2214 513 2250 etiam
533 2211 652 2250 hodie
672 2212 715 2249 id
732 2214 904 2251 nominis
923 2214 1065 2250 retinet
1077 2242 1087 2261 ,
1128 2227 1267 2251 verum
1284 2221 1413 2251 totum
1427 2215 1507 2252 late
1527 2215 1639 2253 littus
1658 2216 1725 2253 vel

269 2268 321 2306 ad
340 2271 508 2306 Boream
527 2269 593 2306 vel
612 2268 664 2305 ad
685 2270 885 2307 Orientem
903 2270 1077 2320 positum
1099 2275 1205 2307 trans
1228 2271 1399 2318 fretum3
1440 2272 1651 2323 omniaque
1678 2284 1725 2308 ea

269 2325 355 2362 loca
372 2324 423 2362 ad
442 2337 544 2376 quae
563 2325 723 2362 nonnisi
741 2325 908 2362 navibus
927 2327 1107 2362 traiicere
1126 2328 1216 2378 quis
1233 2333 1398 2378 poterat,
1413 2324 1603 2381 περατικοὲ
1623 2326 1725 2381 μέρη

269 2381 522 2418 vocabantur.
580 2419 582 2422 ,

381 2439 477 2477 399.
537 2435 634 2488 ἔρως
665 2438 884 2483 conventio,
927 2444 1109 2488 pactum.
1172 2436 1395 2476 Chronicon
1420 2436 1612 2476 Paschale
1640 2450 1726 2476 rem

269 2499 401 2529 narrat
417 2506 465 2542 p.
488 2494 584 2534 717.

381 2547 478 2588 401.
533 2549 685 2586 Abares
707 2555 746 2586 et
762 2550 903 2587 Persas
921 2551 1046 2587 multa
1069 2556 1299 2588 sanctorum
1317 2550 1467 2601 templa
1488 2547 1726 2598 incendisse,

274 2616 364 2641 cum
392 2616 434 2641 re
457 2604 661 2656 desperata
683 2605 732 2642 ab
752 2607 849 2643 urbe
869 2605 1051 2644 recedere
1070 2607 1195 2643 coacti
1215 2613 1327 2654 sunt,
1367 2607 1486 2643 refert
1503 2605 1726 2644 Chronicon

270 2658 413 2698 Pasch.
428 2675 476 2711 p.
501 2661 599 2702 725.
658 2668 698 2698 at
720 2663 898 2699 narratio
917 2662 1022 2700 edita
1044 2675 1067 2699 a
1085 2662 1321 2700 Combefisio
1344 2675 1436 2700 cum
1451 2669 1583 2700 nostro
1608 2665 1726 2712 poeta

270 2728 428 2768 semper
444 2718 692 2755 consentiens
710 2719 797 2769 ipso
817 2718 913 2755 belli
931 2721 1059 2767 initio,
1079 2732 1159 2756 nou
1178 2720 1221 2755 in
1237 2718 1314 2755 fine
1334 2717 1377 2756 id
1392 2720 1573 2757 evenisse
1589 2717 1726 2755 tradit.

269 2773 405 2825 itaque
423 2773 687 2823 inculpabiles
705 2774 859 2824 lapides
880 2782 971 2812 sunt
993 2776 1143 2826 templa
1162 2775 1256 2825 igne
1277 2782 1442 2812 vastata.

383 2828 479 2871 402.
529 2831 631 2868 Boni
650 2832 804 2882 patricii
821 2832 983 2870 consilio
998 2833 1149 2870 factum
1167 2837 1227 2869 est
1246 2838 1290 2868 ut
1305 2833 1436 2870 Persis
1451 2829 1603 2868 Sclavis
1617 2827 1726 2867 Aba·
