1838 3210
263 176 328 222 22
716 171 880 216 PAULI
905 165 1238 215 SILENTIARII

281 288 365 332 415
399 288 513 345 ἐρᾶτε
535 285 679 336 πάντες
696 290 768 341 τῆς
790 284 913 340 ἀκοῆς
932 281 987 335 ὥς
1005 287 1077 339 τῆς
1093 283 1208 333 θέας.

399 357 543 400 οὐκοῦν
563 356 609 398 τὸ
632 354 773 397 λοιπὸν
793 352 1123 412 προσκαταθήσω
1145 355 1216 394 τοῦ
1233 349 1378 407 χρέους

466 486 614 532 Πάντα
633 490 701 531 καὶ
721 486 905 547 ἑσπερίην
923 502 984 539 τις
1002 487 1066 530 ἐπὶ
1088 486 1215 529 κλίσιν
1233 482 1302 527 ἶσα
1318 481 1453 538 νοήσει

400 555 602 611 σχήμασιν
622 555 765 616 ἠῴοις,
800 558 942 613 ὀλίγων
966 556 1074 613 ἔτερ.
1142 555 1190 597 οὗ
1208 554 1285 611 γὰρ
1308 554 1433 608 ἐκείνῃ

400 624 615 679 μεσσάτιον
632 627 735 669 κατὰ
752 629 886 683 χῶρον
908 626 989 675 ἕλιξ
1011 622 1294 681 περιδέδρομεν
1315 621 1436 670 ἄντυξ
1502 666 1503 669 Ἰ

287 693 371 738 420
405 691 545 752 οἷάπερ
568 694 788 744 ἀντολικοΐς
805 694 868 735 ἐπὶ
888 693 1082 750 τέρμασιν
1108 721 1254 734 .......
1266 708 1286 741 ς

402 761 563 816 ῗδμονες
581 763 778 820 ἄρητῆρες
797 760 1007 818 ἕνίδρυσαν
1028 791 1039 802 .
1052 791 1062 802 .
1078 791 1089 802 .
1103 791 1136 802 ..
1149 790 1161 804 .,
1174 790 1186 800 .
1199 790 1210 801 .
1223 790 1234 801 .
1246 789 1258 800 .
1695 757 1724 795 5

402 830 613 888 ἀργυρέοις
630 832 866 884 στίλβοντας
882 829 1059 886 ἀπειρεσι
1080 856 1273 870 .........
1284 844 1304 877 ς

404 898 510 940 ἀλλὰ
530 897 643 949 δύσις
664 902 848 941 πυλεῶνα
869 899 996 954 μέγαν
1014 901 1092 939 πολ
1103 926 1250 939 .......
1258 911 1336 949 χει,

405 966 478 1021 οὐχ
496 967 584 1009 ἕνα·
612 968 878 1024 τριχθαδιόυς
896 966 975 1023 γὰρ
996 965 1073 1020 ἔχει
1090 964 1195 1008 κατὰ
1215 981 1300 1007 τε..
1313 994 1323 1004 .
1335 993 1345 1004 .
1357 958 1507 1018 άθρου.

289 1032 371 1077 425
403 1033 626 1089 μηκεδανὸς
647 1035 689 1077 δ’
710 1037 774 1077 ἐπὶ
795 1041 898 1078 τοῖσι
918 1033 1064 1085 πύλαις
1084 1033 1392 1091 παραπέπταται
1413 1026 1560 1082 αὐλών,

406 1101 640 1158 δεχνύμενος
658 1102 899 1161 προσιόντας
917 1101 992 1146 ὕπ’
1016 1103 1086 1160 εὕρ
1098 1119 1218 1145 ..οισι
1236 1100 1463 1157 θυρέτροις,
1651 1116 1653 1121 ’
1682 1101 1727 1135 10

404 1175 534 1226 μῆκος
553 1171 654 1226 ἔχων
674 1171 768 1215 ὅσον
791 1167 906 1229 εὖρος
927 1169 1130 1228 ἀνάκτορα
1149 1171 1325 1212 θέσκελα
1342 1171 1452 1222 νηοῦ.

403 1244 539 1297 χῶρος
555 1238 621 1282 ὅδε
639 1241 680 1281 Γ
677 1246 849 1298 ραικοῖσι
869 1241 1073 1297 φατίζεται
1095 1237 1267 1296 ἀνδράσι
1289 1234 1464 1293 νάρθηξ.

407 1306 554 1350 ἐνθάδε
576 1326 637 1359 τις
657 1309 759 1351 κατὰ
782 1307 907 1351 νύκτα
931 1307 1147 1364 ’διαμπερὲς
1170 1302 1269 1361 ἦχος
1290 1305 1470 1361 ἀνέρπων

287 1370 371 1416 430
405 1375 617 1426 εὐκέλαδος
633 1379 830 1433 Χριστοῖο
851 1377 1039 1433 βιαρκέος
1058 1375 1188 1418 οὕατα
1210 1375 1360 1430 θέλγει,

404 1441 558 1486 ὁππόθι
575 1442 766 1499 τιμήεντα
783 1445 977 1495 θεουδέος
994 1443 1111 1502 ὄργια
1130 1443 1267 1485 Λαυὶδ
1686 1441 1731 1479 15

409 1510 637 1568 ἅντιπόροις
661 1514 818 1567 ἲαχῇσιν
835 1513 1008 1553 ἀείδεται
1028 1510 1199 1567 ἀνδράσι
1217 1507 1387 1564 μύστῃς,

406 1579 542 1621 Δαυὶδ
565 1578 781 1636 πρηϋνόοιο
792 1610 807 1630 ,
840 1578 911 1621 τὸν
928 1577 1043 1635 ᾔνεσε
1063 1579 1256 1626 θέσκελος
1275 1573 1403 1632 ὀμφή,

407 1647 542 1704 φωτὸς
563 1644 840 1703 ἂγακλήεντος,
870 1645 969 1688 ὅθεν
984 1644 1213 1699 πολύυμνος
1235 1643 1427 1700 ἀπορρώξ

363 1740 430 1775 415
474 1740 522 1786 ἧς
540 1738 658 1785 ἄκοῆς
678 1741 747 1777 add
771 1742 807 1775 G
1011 1740 1080 1776 416
1101 1749 1245 1785 προκαι·
1310 1743 1347 1773 et
1366 1749 1409 1783 χρ
1478 1737 1547 1771 add
1569 1735 1729 1780 Ducang.

362 1786 433 1821 417
457 1783 581 1831 ἓσπερί
598 1811 608 1821 .
627 1812 637 1822 .
661 1797 719 1821 τισ
742 1791 778 1821 et
802 1785 838 1821 ἰσ
853 1810 864 1821 .
883 1811 893 1820 .
913 1810 922 1820 .
939 1785 1019 1831 η’σει
1041 1787 1095 1820 N:
1122 1787 1169 1820 cf.
1194 1798 1231 1820 v.
1252 1785 1332 1820 586.
1425 1782 1493 1818 418
1516 1783 1592 1818 κείν
1611 1784 1679 1817 add
1695 1784 1731 1816 G

363 1830 433 1866 419
455 1831 631 1876 δέδρομεν
655 1834 723 1867 add
741 1832 945 1867 Salmasius.
1035 1831 1104 1866 420
1123 1833 1155 1875 ς]
1179 1825 1241 1876 ἧχι
1257 1827 1433 1869 θοώκους
1450 1830 1486 1863 G
1575 1828 1642 1863 421
1660 1826 1731 1862 ἐνί-

363 1875 503 1919 δρυσοὶν
525 1890 599 1912 τινι
621 1877 743 1924 κόσμῳ
763 1879 799 1912 G
891 1876 960 1913 422
979 1873 1217 1919 ἀπειρεσίοισι
1237 1874 1429 1920 μετάλλοις
1448 1875 1484 1909 G
1573 1874 1642 1910 423
1664 1885 1732 1908 πο·-

362 1920 548 1967 λύανδρον
571 1920 711 1968 οἷνοίγει
732 1922 946 1969 Ducangius,
971 1922 1247 1957 πολυδαίδαλον
1266 1921 1356 1965 ἴσχει
1375 1922 1411 1954 G
1532 1919 1601 1974 424
1622 1918 1734 1954 τέλσα

361 1966 552 2014 μελάθρου
575 1969 788 2014 Ducangius.
971 1969 1038 2003 425
1060 1965 1195 2007 πύλαις
1217 1963 1419 2010 παραπέπτ
1434 1989 1445 2000 .
1463 1989 1474 1999 .
1495 1989 1505 1999 .
1532 1962 1658 1999 αυλών
1683 1966 1730 2010 N,

363 2012 485 2055 πύλας
514 2015 783 2060 παραμείβεται
811 2012 937 2049 αὐλών
955 2015 1003 2047 G.
1187 2013 1255 2048 426
1279 2012 1409 2046 codicis
1432 2022 1492 2046 eos
1515 2011 1732 2064 Niebuhrius

364 2059 488 2093 ductus
519 2062 630 2094 refert
663 2072 684 2095 a
705 2060 832 2105 quibus
854 2059 1011 2104 proxime
1035 2059 1129 2094 absit
1149 2055 1382 2103 εὐρυχόροισι
1572 2057 1642 2092 432
1663 2068 1735 2101 μυ-

368 2113 470 2144 σταις
499 2105 535 2138 G
1239 2119 1241 2121 ·

276 2192 411 2216 rursum
445 2178 729 2218 concurrentibus
760 2182 862 2218 vobis
891 2193 961 2216 non
991 2181 1111 2217 dubito
1147 2182 1231 2227 quin
1268 2184 1403 2226 gratum
1434 2181 1482 2216 sit
1509 2184 1734 2228 optatumque

278 2228 524 2273 spectaculum.
572 2229 665 2275 quod
685 2228 795 2274 igitur
814 2227 985 2274 reliquum
1008 2233 1062 2263 est
1084 2228 1212 2273 debiti,
1236 2239 1381 2275 pergam
1400 2227 1596 2263 exsolvere.

370 2319 548 2364 Quicquid
571 2319 699 2354 sacrati
720 2318 841 2365 templi
859 2319 903 2353 ad
923 2319 1135 2354 occidentem
1153 2323 1262 2366 patet,
1287 2320 1407 2354 eadem
1426 2330 1494 2365 qua
1513 2330 1595 2365 pars
1615 2319 1734 2354 orien-

280 2363 360 2399 talis
383 2366 493 2399 forma
517 2369 591 2410 est,
631 2365 663 2399 si
685 2377 797 2410 pauca
821 2365 989 2410 excipias.
1036 2377 1150 2411 neque
1181 2366 1272 2400 enim
1294 2365 1331 2399 in
1355 2365 1563 2400 occidentali
1584 2365 1735 2400 medium

281 2410 417 2456 obtinet
439 2411 588 2445 inflexus
608 2411 736 2456 fornix,
762 2415 800 2445 ut
822 2411 859 2444 in
883 2411 1108 2446 orientalibus
1133 2411 1270 2457 spatiis,
1292 2411 1354 2445 ubi
1377 2412 1433 2456 (5)
1452 2416 1597 2456 argento
1614 2411 1734 2457 splen-

279 2457 401 2491 dentes
426 2457 528 2491 sedes
553 2468 632 2491 suas
655 2457 750 2492 docti
771 2458 971 2491 sacerdotes
994 2458 1196 2502 posuerunt.
1233 2457 1296 2491 sed
1319 2457 1481 2491 occidens
1501 2458 1624 2502 ingens
1648 2469 1734 2502 ape-

278 2501 328 2536 rit
345 2502 554 2536 vestibulum
577 2502 757 2537 multorum
782 2502 953 2536 hominum
974 2515 1102 2548 capax,
1139 2515 1207 2537 non
1231 2502 1406 2548 singulare
1429 2515 1470 2537 ac
1491 2503 1644 2537 unicum:
1666 2503 1734 2537 tri-

279 2547 361 2592 plex
393 2548 482 2582 enirn
512 2553 566 2582 est
597 2549 661 2583 sub
695 2548 792 2582 aedis
826 2553 991 2582 extrema.
1040 2553 1180 2594 praeter
1206 2549 1293 2582 haec
1321 2548 1495 2583 vestibula
1518 2548 1655 2593 longum
1679 2552 1738 2583 est

278 2599 480 2639 rectumque
503 2593 672 2639 spatium,
697 2594 774 2637 (10)
799 2595 1003 2628 accedentes
1027 2594 1204 2639 excipiens
1230 2595 1293 2628 sub
1317 2594 1437 2639 amplis
1462 2594 1619 2639 foribus,
1654 2599 1733 2629 tan-

281 2645 420 2684 tumque
450 2639 582 2675 habens
609 2639 835 2684 longitudinis
870 2645 1032 2685 quantum
1057 2651 1192 2674 sacrum
1213 2640 1376 2694 templum
1397 2640 1502 2675 latum
1526 2645 1591 2675 est.
1638 2639 1734 2675 locus

281 2684 338 2719 hic
369 2696 390 2719 a
418 2685 566 2719 Graecis
601 2684 794 2719 hominibus
829 2685 977 2719 narthex
1011 2684 1218 2731 appellatur.
1266 2686 1322 2720 h1c
1355 2686 1473 2720 suavis
1503 2699 1567 2732 per
1598 2691 1736 2721 noctem

282 2736 467 2766 concentus
515 2734 658 2776 erpetuo
683 2741 872 2774 exsurgens
895 2731 1044 2765 benefici
1070 2731 1204 2765 Christi
1227 2742 1329 2766 aures
1353 2731 1534 2776 demulcet,
1570 2732 1649 2777 (15)
1673 2730 1735 2765 ubi

281 2776 374 2811 sacri
401 2743 593 2823 propgetae
615 2775 762 2810 Davidis
795 2776 915 2821 hymni
943 2776 1085 2811 alternis
1118 2776 1275 2811 cantibus
1308 2789 1329 2812 a
1353 2778 1591 2813 sacerdotibus
1615 2776 1733 2811 conci-

282 2828 420 2869 nuntur,
444 2822 615 2867 Davidis,
639 2821 798 2868 inquam,
823 2823 1011 2868 mansueti,
1036 2833 1137 2869 quem
1155 2823 1276 2859 divina
1299 2835 1368 2858 vox
1391 2823 1562 2869 laudavit,
1584 2822 1655 2858 viri
1677 2821 1735 2857 in-
