1890 3224
307 209 370 258 84
660 208 1014 253 NICEPHORUS
1049 207 1389 252 CPOLITANUS

303 325 377 382 μὲν
405 321 603 383 ἐξόριστον
631 322 671 365 ἓν
702 325 752 379 τῇ
777 319 896 382 Ἶερίᾳ
909 353 922 374 ‚
965 318 1070 365 οὕτω
1099 319 1346 375 καλουμένου
1370 319 1583 375 βασιλικοῦ
1611 318 1746 364 ’παλα-

305 396 392 439 τίου
421 392 609 449 ἀντιπέρα
631 391 732 447 πρὸς
752 384 868 449 εὗρον
890 389 1033 445 ἄνεμον
1053 394 1124 433 τοῦ
1147 390 1366 442 Βυζαντίου
1389 389 1590 443 κειμένου,
1623 391 1748 448 παρέ-

306 474 440 516 πεμψε
453 493 466 513 ,
509 457 690 515 Νικήταν
722 459 765 501 δὲ
794 457 1063 517 πρεσβύτερον
1083 461 1155 513 τῆς
1173 454 1252 500 τῶν
1276 455 1398 513 ἁγίων
1427 456 1662 500 ἀποστόλων
1680 459 1746 500 Zae—

306 531 472 584 κλησίας
492 529 678 583 εὐνοῦχον
697 529 980 584 προχειρίζεται
1002 527 1199 584 ἀρχιερέα.
1231 530 1360 569 ταῦτα
1380 526 1426 568 δὲ
1447 524 1578 568 πάντα
1598 524 1745 584 ἐπράτ-

255 607 284 643 Β
307 614 395 642 τετο
414 597 518 640 κατὰ
537 597 606 639 τὸν
623 595 861 653 Αὔγουστον
881 598 991 651 μῆνα
1010 598 1084 650 τῆς
1103 593 1292 651 τετάρτης
1312 595 1564 644 ῗνὸικτιῶνος.
1757 598 1778 633 5

440 666 553 708 Μετ’
588 666 635 707 οὗ
661 663 762 706 πολὺ
788 665 832 706 δὲ
860 663 1156 718 μεταπέμπεται
1183 665 1505 714 Κωνσταντῖνον,
1552 663 1619 705 καὶ
1644 661 1747 704 ἀπο-

307 733 457 777 στέλλει
479 733 581 791 πρός
605 733 650 776 τὸ
677 732 782 790 ἱερὸν
810 734 958 791 φορείῳ
979 730 1254 788 ἓποχούμενον.
1321 732 1578 785 συνεκπέμπει
1598 730 1644 772 δέ
1660 747 1748 772 τινα

306 802 419 860 αὐτῷ’
430 806 508 845 τῶν
519 805 738 856 βασιλικῶν
749 802 1015 858 γραμματέων
1028 802 1238 855 κομίζοντα
1254 799 1296 842 ἓν
1313 800 1551 857 γραμματίῳ
1564 798 1640 841 ὅσα
1653 797 1745 840 κατ’

306 870 453 913 αὐτοῦ·
488 870 589 928 ἅπερ
623 871 680 921 εἰς
710 867 878 924 ἐπήκοον
911 874 982 912 τοῦ
1009 866 1302 927 ἀθροισθέντος
1323 869 1444 911 ἓκεῒσε
1465 871 1565 909 λαοῦ
1588 867 1748 922 ἀνέγνω,

304 939 433 981 παίων
457 938 579 981 αὐτὸν
596 937 699 980 κατὰ
716 937 864 996 κόρρης
895 934 965 995 ἐφ’
999 936 1056 980 ἕνὶ
1089 935 1243 996 ἑκάστῳ
1273 941 1352 979 τῶν
1383 935 1746 994 κατηγορουμένων.
1760 941 1803 975 10

305 1008 373 1048 καὶ
397 1005 524 1056 οὕτως
555 1006 616 1048 ε’πὶ
646 1010 718 1048 τοῦ
737 1005 927 1061 ἄμβωνος
947 1006 1218 1062 ἀνενέγκαντες
1236 1008 1526 1061 καθαιροῦσιν,
1565 1007 1639 1046 τοῦ
1659 1003 1748 1044 νέου

305 1072 556 1130 πατριάρχου
587 1074 689 1130 πρὸς
719 1078 777 1131 τῷ
801 1074 1081 1131 θυσιαστηρίῳ
1100 1074 1150 1116 τὰ
1169 1076 1335 1116 τοιαῦτα
1355 1069 1574 1126 αἰτιάματα
1593 1068 1750 1112 ὕπανα-

304 1140 577 1197 γινώσκοντος.
629 1143 695 1182 καὶ
717 1144 769 1196 τῇ
788 1139 878 1195 ἑξῆς
895 1142 968 1195 τὴν
987 1139 1146 1195 συνήθη
1173 1141 1281 1198 αὐτῷ
1299 1139 1460 1193 ἱππικὴν
1477 1139 1647 1194 ἀγωνίαν
1662 1139 1750 1180 ἔπι-

305 1213 429 1252 τελῶν
448 1208 642 1264 ἐπιτρέπει
662 1207 782 1249 αὐτὸν
799 1207 865 1249 ἐπ’
891 1206 983 1250 ἷίνου
1006 1205 1287 1265 προσιζηκότα,
1320 1204 1392 1262 τῆς
1412 1207 1616 1263 καθέδρας
1639 1205 1750 1264 αὐτῷ

304 1277 407 1334 πρὸς
425 1283 508 1326 τοῖς
527 1276 729 1325 ὀπισθίοις
747 1280 818 1317 τοῢ
838 1273 939 1334 ζῴου
956 1277 1272 1334 περιτραπείσης,
1299 1277 1366 1317 καὶ
1383 1275 1503 1317 ἐκεῖσε
1522 1275 1749 1317 διέλκεσθαι
1762 1279 1803 1315 15

252 1348 283 1384 C
307 1347 374 1387 καὶ
389 1343 467 1386 ὑπὸ
485 1348 556 1386 τοῢ
572 1347 673 1385 λαοῦ
689 1343 837 1394 παντὸς
859 1341 1165 1402 δυσφημεΐσθαί
1176 1361 1219 1387 τε
1237 1345 1303 1386 καὶ
1322 1340 1638 1386 καταπτύεσθαι.
1666 1339 1751 1384 εἶτα

298 1412 391 1467 μετ’
417 1412 463 1454 οὗ
487 1411 588 1454 πολὺ
613 1412 654 1454 ἓν
672 1416 728 1470 τῷ
748 1416 820 1471 τῆς
838 1411 991 1463 πόλεως
1009 1413 1179 1471 κυνηγίῳ
1198 1412 1271 1467 τὴν
1289 1412 1467 1469 κεφαλὴν
1493 1411 1616 1454 αὐτοῦ
1647 1409 1750 1452 ἄπο-

301 1484 511 1535 τμηθῆναι
539 1480 779 1537 προστέταχε
789 1512 802 1531 ,
841 1482 907 1522 καὶ
930 1481 1002 1536 τὴν
1022 1482 1095 1536 μὲν
1115 1483 1156 1523 ἐν
1176 1485 1234 1539 τῷ
1262 1469 1491 1538 καλουμένῳ
1512 1479 1653 1536 Μιλίῳ
1684 1479 1750 1528 ἐξ·

303 1552 550 1606 αρτηθεΐσαν
565 1548 765 1604 μετέωρον
786 1548 995 1605 φέρεσθαι,
1030 1550 1076 1592 τὸ
1100 1549 1142 1590 δ’
1166 1548 1292 1591 αὗτοῦ
1314 1553 1433 1603 σῶμα
1453 1548 1642 1602 σχοινίοις
1660 1547 1750 1588 δια-

301 1615 493 1672 σύρουσιν
523 1615 599 1656 ἀνά
630 1615 703 1664 τὰς
734 1615 965 1672 λεωφόρους
988 1622 1061 1672 τῆς
1089 1615 1242 1666 πόλεως
1265 1617 1321 1666 εἷς
1339 1616 1412 1670 τὴν
1438 1619 1518 1658 τῶν
1535 1616 1803 1670 ΠελαγίωνΞο

304 1683 551 1737 καλουμένην
567 1683 702 1738 ταφὴν
721 1683 961 1739 ἓξέρριπτον.

438 1750 613 1806 Πέμπτῃ
636 1750 679 1791 δὲ
699 1752 913 1792 ι’νδικτιῶνι
935 1749 1129 1808 ἄβροχίας
1148 1746 1436 1808 ἐπικρατούσης
1455 1747 1666 1803 αὗχμῶδες
1682 1752 1750 1791 καὶ

396 1859 417 1893 1
439 1854 650 1914 καλουμένῳ
673 1856 847 1904 βασιλικῷ
869 1856 1035 1904 παλατίῳ
1051 1876 1095 1882 -
1110 1854 1259 1902 κειμένῳ
1270 1855 1290 1890 ?
1319 1866 1511 1901 quanquam
1527 1856 1631 1890 etiam
1645 1866 1751 1901 supra

397 1903 451 1948 (p.
470 1903 514 1936 50
535 1904 595 1946 3):
620 1914 705 1946 αχρι
724 1901 991 1945 Χρυσοπόλεως
1011 1903 1216 1943 κατελθεῖν,
1239 1899 1548 1945 παραθαλάσσιον
1563 1901 1751 1946 χωρίον-

394 1948 574 1991 κείμενον.
674 1949 697 1983 9
719 1944 886 1992 ’ὑπήκοον
907 1950 935 1983 P
1034 1951 1078 1984 10
1101 1945 1202 1995 αὐτῷ
1224 1947 1274 1982 Px
1298 1948 1345 1982 cf.
1365 1948 1444 1993 ρ’..7
1474 1947 1511 1982 9.
1601 1948 1648 1983 20
1668 1946 1750 1982 δια-

396 1993 602 2038 σύραντεςῗ
624 2004 669 2027 an
686 1991 856 2039 διασυρὲν
868 1995 886 2028 ?

304 2096 347 2120 eo
367 2083 590 2118 iureiurando
620 2084 813 2119 firmarunt.
859 2082 976 2119 statim
1004 2083 1113 2128 igitur
1138 2082 1174 2117 in
1196 2082 1353 2117 Hieriam
1385 2082 1544 2128 pontifex
1575 2081 1751 2126 relegatur

304 2131 377 2174 (est
398 2130 464 2163 hoc
486 2129 705 2174 imperatoris
728 2130 890 2176 palatium
913 2142 933 2164 e
954 2129 1098 2175 regione
1119 2128 1238 2174 Cpolis
1263 2129 1307 2163 ad
1328 2127 1547 2161 subsolanum
1567 2126 1749 2172 positum),

303 2187 452 2220 moxque
469 2175 615 2209 Nicetas
639 2182 834 2210 sanctorum
858 2175 1089 2222 apostolorum
1116 2173 1283 2208 ecclesiae
1303 2174 1492 2218 presbyter
1514 2172 1690 2206 eunuchus
1711 2172 1749 2206 in

304 2221 380 2255 eius
409 2219 519 2254 locum
550 2220 783 2256 substituitur.
841 2227 945 2267 atque
965 2218 1063 2255 'haec
1089 2220 1201 2254 omnia
1228 2221 1384 2264 Augusto
1416 2230 1533 2253 mense
1558 2217 1748 2253 indictione

302 2270 427 2313 quarta
449 2265 680 2309 contigerunt.

390 2311 467 2345 Nec
487 2310 589 2354 longo
613 2314 693 2355 post
714 2313 869 2355 tempore
887 2310 1151 2345 Constantinum
1173 2309 1375 2344 arcessitum
1395 2313 1432 2344 et
1443 2309 1487 2344 'in
1507 2308 1664 2344 lecticam
1681 2308 1748 2342 im·-

300 2356 453 2402 positum
474 2356 517 2390 ad
540 2355 720 2390 ecclesiam
743 2355 859 2400 mittit,
882 2367 1020 2402 unaque
1042 2367 1117 2390 cum
1141 2367 1183 2390 eo
1204 2356 1373 2400 quendam
1395 2366 1437 2390 ex
1460 2354 1656 2390 domesticis
1681 2365 1745 2388 no-

298 2402 398 2435 tariis
420 2412 496 2436 cum
526 2401 754 2435 accusationis
777 2400 906 2436 libello.
954 2413 1055 2456 quem
1085 2401 1117 2436 is
1147 2401 1325 2446 frequenti
1354 2400 1520 2435 concione
1553 2399 1672 2445 legens
1702 2401 1748 2434 ad
1792 2411 1797 2416 ‘

299 2446 435 2491 singula
467 2447 583 2492 capita
604 2446 820 2493 patriarchae
842 2447 941 2492 genis
964 2447 1106 2491 infligit.
1151 2447 1203 2482 ita
1227 2446 1265 2481 in
1291 2447 1467 2482 ambonem
1492 2446 1680 2491 productus
1709 2445 1747 2479 in

302 2492 457 2526 ordinem
470 2492 654 2537 redigitur,
677 2503 767 2526 novo
782 2492 920 2527 interim
941 2493 1106 2539 pontifice
1128 2492 1383 2527 criminationes
1402 2491 1570 2526 eiusmodi
1587 2492 1631 2526 ad
1651 2501 1746 2525 aram

301 2537 516 2582 perlegente.
564 2537 723 2582 sequenti
745 2538 802 2572 die
851 2551 890 2572 er
913 2543 1092 2584 equestres
1114 2538 1226 2582 ludos,
1248 2549 1335 2583 quos
1358 2549 1403 2572 ex
1423 2548 1519 2571 more
1541 2537 1746 2592 frequenta-

302 2583 384 2626 bat,
418 2583 681 2617 Constantinum
706 2584 744 2617 in
768 2595 827 2617 ase
852 2595 907 2619 um
938 2583 1156 2630 impositum,
1189 2583 1273 2618 sella
1293 2583 1330 2617 in
1352 2582 1580 2629 posteriorem
1601 2581 1746 2616 lumenti

298 2634 437 2672 partem
464 2630 632 2673 obversa,
656 2629 791 2663 traduci
812 2641 926 2664 coram
949 2630 1118 2675 imperat,
1140 2635 1177 2664 et
1198 2631 1242 2664 ab
1265 2628 1428 2663 universo
1451 2627 1578 2682 populo
1601 2627 1743 2662 maledi-

302 2673 367 2707 ctis
394 2684 434 2707 ac
458 2675 569 2718 sputis
596 2674 736 2719 appeti,
768 2674 941 2728 pauloque
963 2679 1043 2721 post
1064 2675 1101 2709 in
1130 2675 1225 2710 urbis
1245 2674 1405 2719 Oynegio
1436 2679 1551 2720 cap1te
1575 2673 1741 2708 truncari.

301 2718 367 2753 hoc
387 2718 439 2753 uti
460 2723 535 2753 erat
557 2720 760 2764 praecisum,
782 2720 820 2754 in
840 2720 938 2755 Mulio
961 2733 982 2756 e
1003 2721 1140 2755 sublimi
1157 2731 1358 2766 suspensum
1381 2723 1450 2755 est.
1494 2718 1663 2764 reliquum
1681 2729 1742 2753 ca-

299 2764 410 2799 daver
435 2775 498 2809 per
524 2765 620 2798 urbis
648 2765 779 2811 plateas
796 2766 935 2802 funibus
959 2771 1106 2803 tractum
1128 2766 1166 2801 in
1187 2765 1425 2811 pelagiorum,
1450 2768 1488 2800 ut
1510 2770 1658 2810 vocant,
1679 2775 1738 2798 se-

299 2810 468 2855 pulturam
492 2809 676 2845 abiectum.

150 2862 182 2885 a.
208 2851 277 2886 767
388 2855 582 2891 Indictione
607 2857 822 2902 postmodum
852 2857 971 2903 quinta
1004 2869 1047 2894 ex
1068 2856 1226 2893 imbrium
1248 2856 1367 2902 inopia
1390 2855 1549 2901 squalore
1572 2866 1613 2891 ac
1635 2853 1738 2888 sicci-
