1890 3224
275 183 340 230 28
631 183 983 229 NICEPHORUS
1019 184 1359 229 CPOLITANUS
1413 196 1415 198 ·

152 299 183 336 P
207 302 252 339 17
405 296 473 341 Ἐν
495 292 528 356 ᾧ
550 296 594 340 δὲ
626 297 666 340 ἓν
694 304 778 348 τοῖς
808 297 1054 349 ἄνατολικοῖς
1079 298 1217 355 μέρεσι
1251 297 1442 355 διέτριβεν
1468 295 1718 357 ῑΗράκλειος,

268 364 453 420 Ἰωάννην
476 367 546 408 τὸν
566 367 795 423 Βαρκαίνης
816 367 1040 424 στρατηγὸν
1061 367 1343 423 προχειρίζεται
1366 367 1431 408 καὶ
1453 367 1594 421 πέμπει
1615 368 1718 410 κατὰ

273 437 520 491 Σαρακηνῶν
549 438 628 476 τῶν
659 435 700 476 ἐν
728 434 950 493 Αἰγύπτῳ·
985 433 1051 486 οἷς
1079 434 1297 489 συμβαλὼν
1329 436 1460 478 πίπτει
1489 436 1556 477 καὶ
1574 434 1719 486 παῦτός.

271 501 327 543 ἔτι
350 503 393 543 δὲ
417 505 605 558 Μαρΐνος
626 500 647 544 ὅ
668 507 746 545 τῶν
775 503 987 562 Θρᾳκικῶν
1016 501 1368 559 ἕκστρατευμάτων
1388 501 1545 558 ἡγεμών
1568 506 1719 558 συμμί-

272 573 345 619 ξας
366 570 501 620 αὐτοῖς
521 568 678 625 ἡττήθη
690 602 702 622 ,
738 571 863 613 πολὺν
885 573 928 613 δὲ
949 572 1118 628 στρατὸν
1136 570 1351 625 ἀποβαλὼν
1374 573 1440 613 καὶ
1464 571 1584 621 αὗτός
1604 571 1750 626 μόλις5

273 637 532 689 ἀποσώζεται.
590 640 680 692 μετ’
703 640 847 681 ἐκεῖνον
864 639 1131 696 προβάλλεται
1151 640 1372 697 στρατηγὸν
1389 639 1607 697 Μαριανὸν
1623 656 1720 682 κου-

271 705 528 762 βικουλάριον
545 707 657 763 παρὰ
669 705 876 761 Ῥωμαίων
892 709 965 762 τὴν
985 708 1113 759 ἀξίαν,
1147 710 1212 750 καὶ
1233 709 1375 762 πέμπει
1393 709 1527 759 ἐκεῖσε,
1560 725 1721 765 παραγ-

271 774 404 828 γείλας
436 773 492 825 ὡς
523 774 838 818 ἀνακοινοῦσθαι
873 774 999 833 Κύρῳ
1028 781 1084 833 τῷ
1108 776 1402 833 Ἀλεξανδρείας
1429 775 1617 833 ἱεράρχῃ,
1651 777 1722 818 καὶ

271 839 327 891 ὡς
360 841 410 883 ἂν
439 847 551 899 κοινῇ
580 842 859 897 βουλεύσοιντο
891 844 942 887 τὰ
973 844 1074 900 πρὸς
1101 844 1195 894 τοὺς
1217 845 1477 901 Σαρακηνοὺς
1497 842 1721 886 διάθοιντο.

272 910 412 966 Κῦρος
439 911 481 953 δὲ
503 905 552 965 ἦν
578 912 814 966 δεδηλωκὼς
842 916 1006 970 βασιλεῖ
1030 914 1264 955 σπείσεσθαι
1287 914 1350 955 ἐπὶ
1373 913 1606 966 τελέσμασιν
1620 911 1721 965 ’Άμ-
1732 917 1776 952 10

171 992 174 995 ·
219 979 249 1014 Β
271 982 360 1035 βρῳ
389 982 448 1036 τῷ
473 983 552 1020 τῶν
579 982 828 1037 Σαρακηνῶν
849 979 1067 1038 φυλάρχῳ,
1103 980 1126 1022 ὃ
1146 980 1196 1034 δὴ
1219 982 1285 1022 καὶ
1307 979 1496 1036 ὑπάρχειν
1517 980 1572 1021 δι’
1595 981 1721 1034 ε’μπο-

270 1047 386 1087 λαίου
409 1052 675 1104 συνεισφορᾶς
694 1047 882 1102 ἐσήμαινε
890 1079 904 1099 ,
938 1049 988 1090 τὰ
1015 1050 1058 1090 δὲ
1077 1052 1135 1104 τῷ
1153 1052 1317 1102 βασιλεῖ
1329 1047 1580 1104 παρεχόμενα
1600 1046 1721 1090 ἀδιά-

270 1130 410 1156 πτωτα
438 1115 588 1167 μένειν·
621 1120 940 1170 κατεγγυηθῆναι
970 1116 1013 1157 δὲ
1042 1116 1150 1172 αὐτῷ
1170 1115 1369 1158 Εὗδοκιάν
1389 1116 1462 1169 τὴν
1478 1116 1720 1170 Αὐγοῦσταν

269 1180 295 1234 ἢ
326 1183 423 1235 μιάν
448 1187 527 1224 τῶν
557 1184 794 1238 θυγατέρων
825 1188 896 1225 τοῦ
929 1184 1126 1236 βασιλέως
1155 1181 1211 1234 ὥς
1238 1183 1422 1225 ἐντεῦθεν
1453 1184 1598 1240 καὶτῷ
1617 1185 1720 1240 θείῳ

269 1252 427 1306 λουτρῷ
448 1251 813 1307 βαπτισθησομένῳ
836 1252 903 1292 καὶ
924 1253 1159 1307 Χριστιανῷ
1170 1252 1472 1306 χρηματίσοντι.
1540 1252 1718 1293 ἐπείθετο
1731 1254 1774 1290 15

268 1317 346 1372 γὰρ
370 1317 549 1374 Ἄμβρος
574 1322 632 1374 τῷ
664 1318 790 1375 Κύρῳ
820 1320 887 1360 καὶ
916 1316 936 1360 ὅ
964 1317 1106 1361 τούτου
1133 1317 1324 1375 στρατός·
1358 1320 1425 1360 καὶ
1451 1318 1528 1376 γὰρ
1555 1317 1720 1374 ἠγάπων

272 1384 394 1426 αὐτὸν
414 1387 513 1427 λίαν.
582 1387 647 1427 καὶ
668 1385 820 1429 τούτων
834 1384 1073 1442 ζΗράκλειος
1093 1387 1252 1436 οὐδενὸς
1267 1387 1452 1441 ἠνείχετο.
1521 1387 1720 1441 ἐπειδὴδὲ

271 1454 339 1494 καὶ
368 1453 586 1510 Μαριανός
612 1459 741 1497 ταῦτα
769 1455 1027 1509 ἐξηπίστατο,
1064 1457 1240 1497 διίστατο
1269 1459 1341 1509 τῆς
1363 1459 1435 1497 τοῦ
1455 1453 1594 1512 Κύρου
1615 1452 1720 1510 γνώ-

269 1538 372 1575 μης,
403 1523 469 1563 καὶ
500 1522 720 1575 συμβαλών
749 1525 1000 1580 Σαρακηνοῒς
1030 1525 1160 1565 πίπτει
1191 1540 1233 1566 τε
1265 1522 1387 1573 αὐτὸς
1413 1525 1479 1565 καὶ
1511 1523 1586 1566 σὺν
1610 1519 1720 1582 αὗτῷ

270 1589 442 1644 στρατὸς
461 1589 605 1639 ἱκανός.
1729 1596 1776 1631 20

220 1666 252 1700 C
413 1655 556 1714 Τούτῳ
581 1661 640 1714 τῷ
660 1654 791 1715 χρόνῳ
816 1656 990 1708 ἀνέζευξε
1012 1656 1112 1714 πρὸς
1137 1656 1188 1699 τὰ
1218 1659 1340 1699 οῗκεΐα
1361 1653 1619 1713 “Ηράκλειος,
1653 1659 1721 1699 καὶ

268 1724 445 1778 ηὐλίζετο
482 1727 525 1767 ἓν
554 1730 612 1781 τῷ
643 1728 823 1782 παλατίῳ
851 1730 907 1781 τῷ
937 1725 1170 1781 καλουμένῳ
1198 1729 1270 1779 τῆς
1291 1723 1451 1782 Ἱερίας·
1487 1727 1624 1767 ἐδεδίει
1642 1725 1720 1782 γὰρ

268 1794 453 1848 ἐπιβῆναι
481 1791 695 1850 θαλάσσῃ,
730 1791 860 1835 πολλά
888 1810 929 1836 τε
959 1793 1158 1845 ἀξιοῦντες
1177 1794 1217 1835 οἵ
1235 1810 1276 1836 τε
1299 1792 1486 1850 ἄρχοντες
1509 1795 1575 1836 καὶ
1595 1793 1633 1836 οἳ
1649 1798 1722 1849 τῆς

357 1911 380 1945 6
402 1921 460 1955 γρ.
484 1908 700 1953 διασώζεται
719 1923 837 1957 margo
855 1910 884 1946 P

356 2011 502 2047 Interim
533 2024 618 2048 vero
649 2013 727 2048 dum
762 2013 908 2048 adhuc·
897 2026 934 2048 ιιι
956 2013 1102 2049 Oriente
1124 2017 1303 2058 versatur,
1339 2012 1502 2049 Ioannem
1519 2012 1719 2049 Barcaenae

267 2058 388 2092 ducem
420 2059 538 2103 eligit,
575 2064 611 2093 et
641 2059 808 2093 adversus
832 2060 1026 2095 Saracenos
1050 2061 1109 2105 qui
1131 2062 1328 2104 Aegyptum
1357 2060 1573 2105 occupabant
1595 2059 1716 2094 mittit.

269 2104 472 2148 quibuscum
494 2104 672 2139 commisso
695 2105 827 2150 praelio
852 2107 1028 2150 caeditur,
1061 2117 1196 2151 unaque
1219 2110 1255 2139 et
1276 2105 1432 2138 Marinus
1456 2104 1630 2139 Thraciae
1654 2117 1717 2140 ex-

268 2149 437 2184 ercitibus
461 2151 658 2195 praefectus
683 2163 704 2184 a
725 2152 884 2185 barbaris
909 2152 1078 2195 vincitur,
1103 2158 1140 2186 et
1162 2150 1275 2184 multis
1299 2162 1437 2184 suorum
1455 2151 1589 2184 amissis
1613 2163 1719 2196 aegre

267 2195 345 2239 ipse
373 2203 532 2230 servatus
563 2201 629 2230 est.
672 2202 758 2249 post
785 2197 879 2231 illum
902 2197 1081 2231 Marianus
1106 2196 1332 2231 cubicularius
1354 2197 1423 2230 dux
1446 2196 1607 2249 eligitur,
1641 2209 1717 2232 cum

268 2241 437 2275 mandatis
456 2247 494 2275 ut
515 2241 762 2275 communicato
786 2253 861 2275 cum
880 2243 974 2286 Cyro
995 2242 1193 2297 patriarcha
1215 2241 1358 2275 consilio
1377 2243 1475 2276 ambo
1496 2241 1590 2276 inter
1611 2254 1651 2278 se
1672 2243 1717 2277 de

269 2286 478 2320 Saracenico
510 2286 602 2320 bello
625 2286 870 2322 deliberarent.
919 2289 1045 2322 etenim
1079 2289 1193 2331 Cyrus
1227 2287 1428 2331 imperatori
1458 2287 1718 2332 significaverat

269 2344 345 2366 cum
374 2333 502 2367 Omaro
526 2333 776 2366 Saracenorum
798 2333 979 2378 principe,
1009 2333 1214 2386 interposita
1236 2333 1358 2368 tributi
1380 2333 1562 2378 pactione,
1586 2345 1715 2367 conve—

269 2377 339 2411 niri
367 2390 490 2423 posse,
527 2378 620 2423 quod
649 2377 761 2423 ipsum
787 2378 878 2412 nullo
903 2378 1043 2412 canonis
1066 2380 1271 2413 detrimento
1296 2379 1468 2413 mercibus
1490 2360 1715 2414 indiceretur.

269 2424 314 2457 ad
336 2424 421 2458 haec
446 2424 655 2468 desponderi
677 2425 825 2458 barbaro
850 2425 1039 2458 Eudociam
1061 2425 1251 2477 Augustam
1273 2430 1457 2469 oportere,
1483 2430 1542 2458 aut
1564 2424 1717 2469 impera-

268 2468 356 2503 toris
393 2469 540 2504 filiarum
573 2469 674 2503 aliam
707 2470 913 2515 quampiam.
963 2470 1029 2504 hoc
1051 2469 1140 2504 enim
1165 2471 1264 2504 modo
1294 2472 1338 2505 ad
1368 2470 1520 2505 divinum
1542 2469 1717 2504 lavacrum

268 2526 484 2549 accessurum
503 2515 691 2560 hominem,
717 2521 753 2549 et
770 2516 1003 2550 Christianum
1025 2516 1115 2551 haud
1134 2517 1238 2550 dubie
1260 2517 1423 2550 futurum
1471 2515 1566 2559 Cyro
1585 2515 1716 2560 quippe

270 2561 417 2595 Omarus
457 2561 600 2605 eiusque
635 2561 808 2596 exercitus
839 2562 921 2596 fidei
940 2561 1131 2615 plurimum
1154 2562 1347 2605 habebant,
1381 2573 1481 2614 quem
1505 2565 1540 2595 et
1561 2561 1717 2614 impense

268 2607 441 2640 amabant.
489 2607 550 2640 sed
573 2607 660 2642 haec
683 2607 845 2642 Heraclio
868 2607 1005 2641 minime
1026 2608 1240 2653 placuerunt.
1287 2619 1375 2652 quae
1405 2607 1465 2641 ubi
1498 2606 1612 2640 omnia
1635 2606 1715 2640 Ma-

267 2651 404 2687 rianus
421 2652 607 2697 comperit,
642 2665 664 2687 a
694 2653 788 2697 Cyro
821 2652 1030 2688 dissentiens
1055 2659 1091 2688 et
1113 2665 1189 2688 cum
1210 2653 1394 2688 Saracenis
1424 2652 1615 2697 confligens
1639 2662 1715 2686 cum

263 2696 399 2743 ingenti
421 2708 561 2732 numero
585 2699 726 2733 militum
751 2699 923 2734 occubuit.

357 2743 431 2778 Sub
466 2744 553 2778 haec
586 2745 770 2779 Heraclius
799 2745 843 2779 ad
874 2746 993 2779 urbem
1022 2756 1185 2781 reversus
1207 2744 1244 2778 in
1266 2743 1417 2789 palatio,
1453 2743 1544 2788 quod
1568 2742 1714 2777 Hieriae

266 2789 413 2834 dicitur,
445 2789 589 2825 mansit·
612 2798 736 2844 neque
765 2791 855 2826 enim
886 2791 973 2825 mari
1003 2802 1043 2826 se
1071 2790 1283 2845 committere
1305 2790 1464 2824 audebat.
1512 2799 1656 2834 cumque
1676 2793 1714 2822 et

265 2835 487 2881 magistratus
511 2831 546 2872 e't
566 2836 736 2883 primores
758 2836 885 2872 civium
901 2836 1075 2872 instarent
1094 2841 1143 2872 ut
1154 2836 1190 2870 in
1213 2836 1332 2871 urbem
1349 2835 1608 2892 ingrederetur,
1631 2844 1711 2878 per-
