<?xml version="1.0" encoding="UTF-8"?>
<!DOCTYPE html PUBLIC "-//W3C//DTD XHTML 1.0 Transitional//EN"
    "http://www.w3.org/TR/xhtml1/DTD/xhtml1-transitional.dtd">
<html xmlns="http://www.w3.org/1999/xhtml" xml:lang="en" lang="en">
 <head>
  <title>
</title>
<meta http-equiv="Content-Type" content="text/html;charset=utf-8" />
  <meta name='ocr-system' content='tesseract 3.04.00' />
  <meta name='ocr-capabilities' content='ocr_page ocr_carea ocr_par ocr_line ocrx_word'/>
</head>
<body>
  <div class='ocr_page' id='page_1' title='image "./corpusscriptorum42niebuoft/corpusscriptorum42niebuoft_0411.png"; bbox 0 0 1890 3224; ppageno 0'>
   <div class='ocr_carea' id='block_1_1' title="bbox 710 209 1621 259">
    <p class='ocr_par' dir='ltr' id='par_1_1' title="bbox 710 209 1621 259">
     <span class='ocr_line' id='line_1_1' title="bbox 710 209 1621 259; baseline 0.009 -8"><span class='ocrx_word' id='word_1_1' title='bbox 710 209 984 253; x_wconf 84' lang='lat' dir='ltr'><strong>ACROASIN</strong></span> <span class='ocrx_word' id='word_1_2' title='bbox 1017 210 1072 254; x_wconf 89' lang='lat'>11.</span> <span class='ocrx_word' id='word_1_3' title='bbox 1529 213 1621 259; x_wconf 85' lang='lat'>163</span> 
     </span>
    </p>
   </div>
   <div class='ocr_carea' id='block_1_2' title="bbox 149 315 1635 2976">
    <p class='ocr_par' dir='ltr' id='par_1_2' title="bbox 155 315 1635 1333">
     <span class='ocr_line' id='line_1_2' title="bbox 164 315 1622 374; baseline 0.005 -19"><span class='ocrx_word' id='word_1_4' title='bbox 164 315 348 369; x_wconf 84' lang='lat' dir='ltr'>periodus</span> <span class='ocrx_word' id='word_1_5' title='bbox 391 318 619 356; x_wconf 72' lang='lat' dir='ltr'>absolvitur.</span> <span class='ocrx_word' id='word_1_6' title='bbox 689 328 758 357; x_wconf 80' lang='lat' dir='ltr'>cur</span> <span class='ocrx_word' id='word_1_7' title='bbox 785 321 908 371; x_wconf 86' lang='lat' dir='ltr'>igitur</span> <span class='ocrx_word' id='word_1_8' title='bbox 938 319 1074 359; x_wconf 81' lang='lat' dir='ltr'>Pisida</span> <span class='ocrx_word' id='word_1_9' title='bbox 1108 315 1452 372; x_wconf 69' lang='lat' dir='ltr'>sanguinarium</span> <span class='ocrx_word' id='word_1_10' title='bbox 1482 335 1622 374; x_wconf 89' lang='lat' dir='ltr'>regum</span> 
     </span>
     <span class='ocr_line' id='line_1_3' title="bbox 165 373 1622 432; baseline 0.004 -21"><span class='ocrx_word' id='word_1_11' title='bbox 165 382 345 412; x_wconf 87' lang='lat' dir='ltr'>catenam</span> <span class='ocrx_word' id='word_1_12' title='bbox 378 376 590 427; x_wconf 82' lang='lat' dir='ltr'>multiplici</span> <span class='ocrx_word' id='word_1_13' title='bbox 619 373 724 412; x_wconf 88' lang='lat' dir='ltr'>nodo</span> <span class='ocrx_word' id='word_1_14' title='bbox 754 377 951 415; x_wconf 81' lang='lat' dir='ltr'>intextam</span> <span class='ocrx_word' id='word_1_15' title='bbox 972 378 1087 415; x_wconf 92' lang='lat' dir='ltr'>nobis</span> <span class='ocrx_word' id='word_1_16' title='bbox 1109 385 1398 428; x_wconf 88' lang='lat' dir='ltr'>repraesentat,</span> <span class='ocrx_word' id='word_1_17' title='bbox 1433 380 1504 432; x_wconf 88' lang='lat' dir='ltr'>qui</span> <span class='ocrx_word' id='word_1_18' title='bbox 1527 393 1622 418; x_wconf 84' lang='lat' dir='ltr'>mu-</span> 
     </span>
     <span class='ocr_line' id='line_1_4' title="bbox 165 430 1618 489; baseline 0.005 -20"><span class='ocrx_word' id='word_1_19' title='bbox 165 432 244 469; x_wconf 82' lang='lat' dir='ltr'>tuis</span> <span class='ocrx_word' id='word_1_20' title='bbox 262 445 305 470; x_wconf 88' lang='lat' dir='ltr'>se</span> <span class='ocrx_word' id='word_1_21' title='bbox 325 430 513 470; x_wconf 86' lang='lat' dir='ltr'>caedibus</span> <span class='ocrx_word' id='word_1_22' title='bbox 530 432 829 484; x_wconf 66' lang='lat' dir='ltr'>interfecerint?</span> <span class='ocrx_word' id='word_1_23' title='bbox 859 433 904 482; x_wconf 80' lang='grc' dir='ltr'>ἐξ</span> <span class='ocrx_word' id='word_1_24' title='bbox 925 431 1104 486; x_wconf 77' lang='grc' dir='ltr'><strong><em>αἱμάτων</em></strong></span> <span class='ocrx_word' id='word_1_25' title='bbox 1123 431 1266 474; x_wconf 72' lang='grc' dir='ltr'><strong><em>ὤδννεν</em></strong></span> <span class='ocrx_word' id='word_1_26' title='bbox 1287 432 1467 487; x_wconf 75' lang='grc' dir='ltr'><em>αἱμάτων</em></span> <span class='ocrx_word' id='word_1_27' title='bbox 1483 432 1618 489; x_wconf 82' lang='grc' dir='ltr'><strong><em>γόνον.</em></strong></span> 
     </span>
     <span class='ocr_line' id='line_1_5' title="bbox 165 487 1618 542; baseline 0.003 -15"><span class='ocrx_word' id='word_1_28' title='bbox 165 487 236 527; x_wconf 78' lang='lat' dir='ltr'>sed</span> <span class='ocrx_word' id='word_1_29' title='bbox 253 501 384 540; x_wconf 78' lang='lat' dir='ltr'>neque</span> <span class='ocrx_word' id='word_1_30' title='bbox 402 488 506 527; x_wconf 84' lang='lat' dir='ltr'>illud</span> <span class='ocrx_word' id='word_1_31' title='bbox 522 501 661 526; x_wconf 80' lang='lat' dir='ltr'>verum</span> <span class='ocrx_word' id='word_1_32' title='bbox 679 495 750 537; x_wconf 83' lang='lat' dir='ltr'>est,</span> <span class='ocrx_word' id='word_1_33' title='bbox 781 488 901 527; x_wconf 85' lang='lat' dir='ltr'>hosce</span> <span class='ocrx_word' id='word_1_34' title='bbox 917 497 997 528; x_wconf 85' lang='lat' dir='ltr'>tres</span> <span class='ocrx_word' id='word_1_35' title='bbox 1018 503 1131 542; x_wconf 84' lang='lat' dir='ltr'>reges</span> <span class='ocrx_word' id='word_1_36' title='bbox 1152 503 1174 527; x_wconf 93' lang='lat' dir='ltr'>a</span> <span class='ocrx_word' id='word_1_37' title='bbox 1190 490 1287 529; x_wconf 81' lang='lat' dir='ltr'>filiis</span> <span class='ocrx_word' id='word_1_38' title='bbox 1301 492 1426 530; x_wconf 71' lang='lat' dir='ltr'>fiiisse</span> <span class='ocrx_word' id='word_1_39' title='bbox 1446 493 1595 531; x_wconf 82' lang='lat' dir='ltr'>occisos</span> <span class='ocrx_word' id='word_1_40' title='bbox 1606 506 1618 530; x_wconf 91' lang='lat'>:</span> 
     </span>
     <span class='ocr_line' id='line_1_6' title="bbox 162 544 1625 599; baseline 0.003 -17"><span class='ocrx_word' id='word_1_41' title='bbox 162 557 258 582; x_wconf 84' lang='lat' dir='ltr'>nam</span> <span class='ocrx_word' id='word_1_42' title='bbox 286 544 479 583; x_wconf 81' lang='lat' dir='ltr'>Chosroes</span> <span class='ocrx_word' id='word_1_43' title='bbox 506 546 659 593; x_wconf 82' lang='lat' dir='ltr'>senior,</span> <span class='ocrx_word' id='word_1_44' title='bbox 685 544 860 596; x_wconf 70' lang='lat' dir='ltr'>Agathia</span> <span class='ocrx_word' id='word_1_45' title='bbox 887 553 986 585; x_wconf 79' lang='lat' dir='ltr'>teste</span> <span class='ocrx_word' id='word_1_46' title='bbox 1000 561 1047 597; x_wconf 80' lang='lat' dir='ltr'>p.</span> <span class='ocrx_word' id='word_1_47' title='bbox 1074 550 1177 596; x_wconf 89' lang='grc'><strong>272,</strong></span> <span class='ocrx_word' id='word_1_48' title='bbox 1204 556 1382 586; x_wconf 80' lang='lat' dir='ltr'>maerore</span> <span class='ocrx_word' id='word_1_49' title='bbox 1403 550 1625 599; x_wconf 80' lang='lat' dir='ltr'>confectus,—</span> 
     </span>
     <span class='ocr_line' id='line_1_7' title="bbox 164 600 1626 657; baseline 0.004 -18"><span class='ocrx_word' id='word_1_50' title='bbox 164 600 271 654; x_wconf 88' lang='lat' dir='ltr'>quod</span> <span class='ocrx_word' id='word_1_51' title='bbox 282 613 304 639; x_wconf 88' lang='lat' dir='ltr'>a</span> <span class='ocrx_word' id='word_1_52' title='bbox 312 603 501 641; x_wconf 80' lang='lat' dir='ltr'>Mauricio</span> <span class='ocrx_word' id='word_1_53' title='bbox 512 603 748 652; x_wconf 72' lang='lat' dir='ltr'>imperatore</span> <span class='ocrx_word' id='word_1_54' title='bbox 760 602 1048 642; x_wconf 81' lang='lat' dir='ltr'>circumventus</span> <span class='ocrx_word' id='word_1_55' title='bbox 1059 604 1268 656; x_wconf 79' lang='lat' dir='ltr'>victusque</span> <span class='ocrx_word' id='word_1_56' title='bbox 1278 605 1433 654; x_wconf 80' lang='lat' dir='ltr'>fuisset,</span> <span class='ocrx_word' id='word_1_57' title='bbox 1445 607 1488 643; x_wconf 90' lang='lat' dir='ltr'>in</span> <span class='ocrx_word' id='word_1_58' title='bbox 1499 608 1626 657; x_wconf 75' lang='lat' dir='ltr'>regiis·</span> 
     </span>
     <span class='ocr_line' id='line_1_8' title="bbox 161 655 1622 715; baseline 0.004 -20"><span class='ocrx_word' id='word_1_59' title='bbox 161 658 319 709; x_wconf 80' lang='lat' dir='ltr'>palatiis</span> <span class='ocrx_word' id='word_1_60' title='bbox 339 657 604 710; x_wconf 82' lang='lat' dir='ltr'>Ctesiphontis</span> <span class='ocrx_word' id='word_1_61' title='bbox 622 655 810 700; x_wconf 75' lang='grc' dir='ltr'><strong><em>καταλύει</em></strong></span> <span class='ocrx_word' id='word_1_62' title='bbox 828 657 900 701; x_wconf 72' lang='grc' dir='ltr'>τόν</span> <span class='ocrx_word' id='word_1_63' title='bbox 921 660 1024 712; x_wconf 77' lang='grc' dir='ltr'><strong><em>βίον.·</em></strong></span> <span class='ocrx_word' id='word_1_64' title='bbox 1071 672 1171 697; x_wconf 87' lang='lat' dir='ltr'>num</span> <span class='ocrx_word' id='word_1_65' title='bbox 1187 661 1310 711; x_wconf 83' lang='lat' dir='ltr'>igitur</span> <span class='ocrx_word' id='word_1_66' title='bbox 1327 661 1542 715; x_wconf 80' lang='lat' dir='ltr'>dicendum</span> <span class='ocrx_word' id='word_1_67' title='bbox 1561 670 1622 701; x_wconf 88' lang='lat' dir='ltr'>est</span> 
     </span>
     <span class='ocr_line' id='line_1_9' title="bbox 161 713 1619 772; baseline 0.003 -20"><span class='ocrx_word' id='word_1_68' title='bbox 161 727 241 752; x_wconf 87' lang='lat' dir='ltr'>non</span> <span class='ocrx_word' id='word_1_69' title='bbox 271 715 314 751; x_wconf 76' lang='lat' dir='ltr'>in</span> <span class='ocrx_word' id='word_1_70' title='bbox 346 713 454 753; x_wconf 83' lang='lat' dir='ltr'>diem</span> <span class='ocrx_word' id='word_1_71' title='bbox 484 727 563 767; x_wconf 89' lang='lat' dir='ltr'>quo</span> <span class='ocrx_word' id='word_1_72' title='bbox 589 713 783 754; x_wconf 82' lang='lat' dir='ltr'>Chosroes</span> <span class='ocrx_word' id='word_1_73' title='bbox 805 717 937 755; x_wconf 86' lang='lat' dir='ltr'>iunior</span> <span class='ocrx_word' id='word_1_74' title='bbox 953 722 1133 755; x_wconf 77' lang='lat' dir='ltr'>mortuus</span> <span class='ocrx_word' id='word_1_75' title='bbox 1155 724 1233 766; x_wconf 86' lang='lat' dir='ltr'>est,</span> <span class='ocrx_word' id='word_1_76' title='bbox 1259 717 1331 755; x_wconf 86' lang='lat' dir='ltr'>sed</span> <span class='ocrx_word' id='word_1_77' title='bbox 1354 721 1399 757; x_wconf 91' lang='lat' dir='ltr'>in</span> <span class='ocrx_word' id='word_1_78' title='bbox 1423 733 1518 757; x_wconf 87' lang='lat' dir='ltr'>eum</span> <span class='ocrx_word' id='word_1_79' title='bbox 1539 733 1619 772; x_wconf 92' lang='lat' dir='ltr'>quo</span> 
     </span>
     <span class='ocr_line' id='line_1_10' title="bbox 159 771 1627 829; baseline 0.005 -22"><span class='ocrx_word' id='word_1_80' title='bbox 159 777 276 808; x_wconf 84' lang='lat' dir='ltr'>natus</span> <span class='ocrx_word' id='word_1_81' title='bbox 301 778 389 820; x_wconf 77' lang='lat' dir='ltr'>est,</span> <span class='ocrx_word' id='word_1_82' title='bbox 411 771 643 810; x_wconf 71' lang='lat' dir='ltr'>Pisidnmm</span> <span class='ocrx_word' id='word_1_83' title='bbox 657 772 866 824; x_wconf 75' lang='lat' dir='ltr'>periodum</span> <span class='ocrx_word' id='word_1_84' title='bbox 875 800 891 823; x_wconf 83' lang='lat'>,-</span> <span class='ocrx_word' id='word_1_85' title='bbox 917 773 967 812; x_wconf 90' lang='lat' dir='ltr'>de</span> <span class='ocrx_word' id='word_1_86' title='bbox 984 786 1065 826; x_wconf 83' lang='lat' dir='ltr'>qua</span> <span class='ocrx_word' id='word_1_87' title='bbox 1083 775 1232 825; x_wconf 81' lang='lat' dir='ltr'>agitur,</span> <span class='ocrx_word' id='word_1_88' title='bbox 1264 773 1468 826; x_wconf 83' lang='lat' dir='ltr'>desinere,</span> <span class='ocrx_word' id='word_1_89' title='bbox 1500 784 1627 829; x_wconf 67' lang='lat' dir='ltr'>atque&lt;</span> 
     </span>
     <span class='ocr_line' id='line_1_11' title="bbox 157 828 1627 884; baseline 0.004 -20"><span class='ocrx_word' id='word_1_90' title='bbox 157 828 214 864; x_wconf 85' lang='lat' dir='ltr'>ita</span> <span class='ocrx_word' id='word_1_91' title='bbox 244 840 406 879; x_wconf 82' lang='lat' dir='ltr'>prorsus</span> <span class='ocrx_word' id='word_1_92' title='bbox 429 828 694 880; x_wconf 74' lang='lat' dir='ltr'>intelligenda</span> <span class='ocrx_word' id='word_1_93' title='bbox 718 843 803 868; x_wconf 87' lang='lat' dir='ltr'>esse</span> <span class='ocrx_word' id='word_1_94' title='bbox 835 843 937 884; x_wconf 81' lang='lat' dir='ltr'>quae</span> <span class='ocrx_word' id='word_1_95' title='bbox 963 831 1150 882; x_wconf 82' lang='lat' dir='ltr'>leguntur</span> <span class='ocrx_word' id='word_1_96' title='bbox 1179 844 1296 869; x_wconf 69' lang='lat' dir='ltr'>versu</span> <span class='ocrx_word' id='word_1_97' title='bbox 1327 833 1407 875; x_wconf 78' lang='lat'><strong>1298</strong></span> <span class='ocrx_word' id='word_1_98' title='bbox 1435 840 1476 870; x_wconf 89' lang='lat' dir='ltr'>et</span> <span class='ocrx_word' id='word_1_99' title='bbox 1505 835 1587 874; x_wconf 86' lang='lat'>199</span> <span class='ocrx_word' id='word_1_100' title='bbox 1598 831 1627 870; x_wconf 70' lang='lat'>2·</span> 
     </span>
     <span class='ocr_line' id='line_1_12' title="bbox 160 882 1621 941; baseline 0.005 -20"><span class='ocrx_word' id='word_1_101' title='bbox 160 882 233 921; x_wconf 79' lang='lat' dir='ltr'>sed</span> <span class='ocrx_word' id='word_1_102' title='bbox 260 897 392 937; x_wconf 89' lang='lat' dir='ltr'>neque</span> <span class='ocrx_word' id='word_1_103' title='bbox 418 883 494 923; x_wconf 81' lang='lat' dir='ltr'>hac</span> <span class='ocrx_word' id='word_1_104' title='bbox 522 884 659 924; x_wconf 81' lang='lat' dir='ltr'>habita</span> <span class='ocrx_word' id='word_1_105' title='bbox 682 893 910 939; x_wconf 87' lang='lat' dir='ltr'>temporum</span> <span class='ocrx_word' id='word_1_106' title='bbox 936 889 1088 926; x_wconf 87' lang='lat' dir='ltr'>ratione</span> <span class='ocrx_word' id='word_1_107' title='bbox 1107 886 1268 926; x_wconf 84' lang='lat' dir='ltr'>Pisidae</span> <span class='ocrx_word' id='word_1_108' title='bbox 1291 887 1502 941; x_wconf 84' lang='lat' dir='ltr'>descriptio</span> <span class='ocrx_word' id='word_1_109' title='bbox 1523 902 1621 927; x_wconf 90' lang='lat' dir='ltr'>con-</span> 
     </span>
     <span class='ocr_line' id='line_1_13' title="bbox 160 941 1622 998; baseline 0.004 -21"><span class='ocrx_word' id='word_1_110' title='bbox 160 941 270 978; x_wconf 82' lang='lat' dir='ltr'>venit</span> <span class='ocrx_word' id='word_1_111' title='bbox 289 954 380 979; x_wconf 86' lang='lat' dir='ltr'>cum</span> <span class='ocrx_word' id='word_1_112' title='bbox 399 942 449 980; x_wconf 84' lang='lat' dir='ltr'>iis</span> <span class='ocrx_word' id='word_1_113' title='bbox 469 955 572 994; x_wconf 83' lang='lat' dir='ltr'>quae</span> <span class='ocrx_word' id='word_1_114' title='bbox 594 942 644 981; x_wconf 82' lang='lat' dir='ltr'>de</span> <span class='ocrx_word' id='word_1_115' title='bbox 664 946 804 982; x_wconf 77' lang='lat' dir='ltr'>ceteris</span> <span class='ocrx_word' id='word_1_116' title='bbox 822 946 1034 982; x_wconf 78' lang='lat' dir='ltr'>Persarum</span> <span class='ocrx_word' id='word_1_117' title='bbox 1053 945 1212 995; x_wconf 80' lang='lat' dir='ltr'>regibus</span> <span class='ocrx_word' id='word_1_118' title='bbox 1231 953 1453 983; x_wconf 84' lang='lat' dir='ltr'>narrantur.</span> <span class='ocrx_word' id='word_1_119' title='bbox 1499 959 1622 998; x_wconf 85' lang='lat' dir='ltr'>quare</span> 
     </span>
     <span class='ocr_line' id='line_1_14' title="bbox 157 997 1623 1054; baseline 0.005 -21"><span class='ocrx_word' id='word_1_120' title='bbox 157 997 412 1035; x_wconf 78' lang='lat' dir='ltr'>statuendum</span> <span class='ocrx_word' id='word_1_121' title='bbox 437 1005 623 1049; x_wconf 77' lang='lat' dir='ltr'>putamus</span> <span class='ocrx_word' id='word_1_122' title='bbox 651 1001 718 1038; x_wconf 82' lang='lat' dir='ltr'>vel</span> <span class='ocrx_word' id='word_1_123' title='bbox 739 1000 921 1039; x_wconf 86' lang='lat' dir='ltr'>nondum</span> <span class='ocrx_word' id='word_1_124' title='bbox 940 1003 1034 1039; x_wconf 83' lang='lat' dir='ltr'>satis</span> <span class='ocrx_word' id='word_1_125' title='bbox 1053 1002 1260 1053; x_wconf 85' lang='lat' dir='ltr'>explorata</span> <span class='ocrx_word' id='word_1_126' title='bbox 1278 1015 1363 1040; x_wconf 86' lang='lat' dir='ltr'>esse</span> <span class='ocrx_word' id='word_1_127' title='bbox 1390 1015 1492 1054; x_wconf 90' lang='lat' dir='ltr'>quae</span> <span class='ocrx_word' id='word_1_128' title='bbox 1518 1005 1623 1040; x_wconf 88' lang='lat' dir='ltr'>circa</span> 
     </span>
     <span class='ocr_line' id='line_1_15' title="bbox 157 1056 1622 1110; baseline 0.004 -20"><span class='ocrx_word' id='word_1_129' title='bbox 157 1066 299 1104; x_wconf 88' lang='lat' dir='ltr'>regum</span> <span class='ocrx_word' id='word_1_130' title='bbox 329 1056 542 1098; x_wconf 73' lang='lat' dir='ltr'>Persarum</span> <span class='ocrx_word' id='word_1_131' title='bbox 579 1057 859 1108; x_wconf 83' lang='lat' dir='ltr'>genealogiam</span> <span class='ocrx_word' id='word_1_132' title='bbox 894 1058 1050 1110; x_wconf 82' lang='lat' dir='ltr'>scriptis</span> <span class='ocrx_word' id='word_1_133' title='bbox 1081 1056 1330 1095; x_wconf 83' lang='lat' dir='ltr'>mandarunt.</span> <span class='ocrx_word' id='word_1_134' title='bbox 1357 1072 1448 1096; x_wconf 88' lang='lat' dir='ltr'>cum</span> <span class='ocrx_word' id='word_1_135' title='bbox 1480 1060 1622 1096; x_wconf 84' lang='lat' dir='ltr'>Graeci</span> 
     </span>
     <span class='ocr_line' id='line_1_16' title="bbox 155 1111 1623 1164; baseline 0.004 -17"><span class='ocrx_word' id='word_1_136' title='bbox 155 1116 243 1148; x_wconf 84' lang='lat' dir='ltr'>tum</span> <span class='ocrx_word' id='word_1_137' title='bbox 271 1111 365 1162; x_wconf 79' lang='lat' dir='ltr'>Syri</span> <span class='ocrx_word' id='word_1_138' title='bbox 393 1113 629 1164; x_wconf 62' lang='lat' dir='ltr'>scriptores,</span> <span class='ocrx_word' id='word_1_139' title='bbox 654 1115 723 1153; x_wconf 78' lang='lat' dir='ltr'>vel</span> <span class='ocrx_word' id='word_1_140' title='bbox 740 1113 922 1152; x_wconf 84' lang='lat' dir='ltr'>Pisidam</span> <span class='ocrx_word' id='word_1_141' title='bbox 938 1128 1018 1153; x_wconf 92' lang='lat' dir='ltr'>non</span> <span class='ocrx_word' id='word_1_142' title='bbox 1039 1113 1091 1152; x_wconf 88' lang='lat' dir='ltr'>ad</span> <span class='ocrx_word' id='word_1_143' title='bbox 1111 1122 1261 1152; x_wconf 85' lang='lat' dir='ltr'>rectam</span> <span class='ocrx_word' id='word_1_144' title='bbox 1280 1113 1492 1153; x_wconf 81' lang='lat' dir='ltr'>historicae</span> <span class='ocrx_word' id='word_1_145' title='bbox 1514 1117 1623 1153; x_wconf 83' lang='lat' dir='ltr'>veri-</span> 
     </span>
     <span class='ocr_line' id='line_1_17' title="bbox 156 1168 1635 1222; baseline 0.005 -19"><span class='ocrx_word' id='word_1_146' title='bbox 156 1168 248 1205; x_wconf 78' lang='lat' dir='ltr'>tatis</span> <span class='ocrx_word' id='word_1_147' title='bbox 268 1180 452 1206; x_wconf 87' lang='lat' dir='ltr'>normam</span> <span class='ocrx_word' id='word_1_148' title='bbox 463 1197 474 1217; x_wconf 94' lang='lat'>,</span> <span class='ocrx_word' id='word_1_149' title='bbox 503 1168 578 1207; x_wconf 84' lang='lat' dir='ltr'>sed</span> <span class='ocrx_word' id='word_1_150' title='bbox 594 1183 647 1207; x_wconf 87' lang='lat' dir='ltr'>ex</span> <span class='ocrx_word' id='word_1_151' title='bbox 665 1172 812 1221; x_wconf 60' lang='lat' dir='ltr'>poetici</span> <span class='ocrx_word' id='word_1_152' title='bbox 828 1173 981 1222; x_wconf 84' lang='lat' dir='ltr'>ingenii</span> <span class='ocrx_word' id='word_1_153' title='bbox 999 1171 1185 1209; x_wconf 87' lang='lat' dir='ltr'>liberiore</span> <span class='ocrx_word' id='word_1_154' title='bbox 1203 1170 1359 1209; x_wconf 84' lang='lat' dir='ltr'>iudicio·</span> <span class='ocrx_word' id='word_1_155' title='bbox 1372 1180 1412 1209; x_wconf 79' lang='lat' dir='ltr'>et</span> <span class='ocrx_word' id='word_1_156' title='bbox 1432 1173 1635 1210; x_wconf 85' lang='lat' dir='ltr'>facultate·</span> 
     </span>
     <span class='ocr_line' id='line_1_18' title="bbox 157 1226 1622 1275; baseline 0.004 -15"><span class='ocrx_word' id='word_1_157' title='bbox 157 1235 272 1260; x_wconf 87' lang='lat' dir='ltr'>suam</span> <span class='ocrx_word' id='word_1_158' title='bbox 306 1226 604 1275; x_wconf 71' lang='lat' dir='ltr'>sanguinariam</span> <span class='ocrx_word' id='word_1_159' title='bbox 635 1233 816 1263; x_wconf 86' lang='lat' dir='ltr'>catenam</span> <span class='ocrx_word' id='word_1_160' title='bbox 848 1228 1110 1275; x_wconf 83' lang='lat' dir='ltr'>confinxisse,</span> <span class='ocrx_word' id='word_1_161' title='bbox 1142 1234 1187 1264; x_wconf 90' lang='lat' dir='ltr'>ut</span> <span class='ocrx_word' id='word_1_162' title='bbox 1212 1229 1393 1265; x_wconf 89' lang='lat' dir='ltr'>omnium</span> <span class='ocrx_word' id='word_1_163' title='bbox 1417 1227 1556 1266; x_wconf 86' lang='lat' dir='ltr'>odium</span> <span class='ocrx_word' id='word_1_164' title='bbox 1579 1231 1622 1266; x_wconf 85' lang='lat' dir='ltr'>in</span> 
     </span>
     <span class='ocr_line' id='line_1_19' title="bbox 155 1279 1323 1333; baseline 0.003 -16"><span class='ocrx_word' id='word_1_165' title='bbox 155 1279 296 1318; x_wconf 83' lang='lat' dir='ltr'>Persas</span> <span class='ocrx_word' id='word_1_166' title='bbox 318 1294 536 1333; x_wconf 86' lang='lat' dir='ltr'>eorumque</span> <span class='ocrx_word' id='word_1_167' title='bbox 557 1281 870 1320; x_wconf 79' lang='lat' dir='ltr'>dominationem</span> <span class='ocrx_word' id='word_1_168' title='bbox 885 1284 1042 1321; x_wconf 83' lang='lat' dir='ltr'>facilius</span> <span class='ocrx_word' id='word_1_169' title='bbox 1063 1290 1323 1321; x_wconf 77' lang='lat' dir='ltr'>converteret.</span> 
     </span>
    </p>

    <p class='ocr_par' dir='ltr' id='par_1_3' title="bbox 154 1334 1631 1445">
     <span class='ocr_line' id='line_1_20' title="bbox 269 1334 1631 1394; baseline 0.001 -17"><span class='ocrx_word' id='word_1_170' title='bbox 269 1338 366 1378; x_wconf 86' lang='grc'><strong>186.</strong></span> <span class='ocrx_word' id='word_1_171' title='bbox 423 1334 609 1391; x_wconf 76' lang='grc' dir='ltr'><strong><em>ἐμφραγή</em></strong></span> <span class='ocrx_word' id='word_1_172' title='bbox 638 1337 752 1377; x_wconf 89' lang='lat' dir='ltr'>idem</span> <span class='ocrx_word' id='word_1_173' title='bbox 777 1352 824 1377; x_wconf 90' lang='lat' dir='ltr'>ac</span> <span class='ocrx_word' id='word_1_174' title='bbox 854 1337 1118 1394; x_wconf 44' lang='lat' dir='ltr'>&amp;myris-3</span> <span class='ocrx_word' id='word_1_175' title='bbox 1142 1338 1369 1377; x_wconf 69' lang='lat' dir='ltr'>obetnoctz&#39;o:</span> <span class='ocrx_word' id='word_1_176' title='bbox 1399 1338 1468 1378; x_wconf 73' lang='lat' dir='ltr'>hio</span> <span class='ocrx_word' id='word_1_177' title='bbox 1487 1347 1631 1379; x_wconf 84' lang='lat' dir='ltr'>autem-</span> 
     </span>
     <span class='ocr_line' id='line_1_21' title="bbox 154 1391 677 1445; baseline 0.006 -16"><span class='ocrx_word' id='word_1_178' title='bbox 154 1391 424 1444; x_wconf 81' lang='lat' dir='ltr'>metaphorice</span> <span class='ocrx_word' id='word_1_179' title='bbox 447 1406 519 1445; x_wconf 87' lang='lat' dir='ltr'>pro</span> <span class='ocrx_word' id='word_1_180' title='bbox 546 1395 677 1433; x_wconf 79' lang='lat' dir='ltr'>caede.</span> 
     </span>
    </p>

    <p class='ocr_par' dir='ltr' id='par_1_4' title="bbox 151 1448 1630 1726">
     <span class='ocr_line' id='line_1_22' title="bbox 267 1448 1630 1505; baseline 0.004 -17"><span class='ocrx_word' id='word_1_181' title='bbox 267 1450 364 1490; x_wconf 89' lang='grc'>188.</span> <span class='ocrx_word' id='word_1_182' title='bbox 421 1463 503 1488; x_wconf 88' lang='lat' dir='ltr'>uon</span> <span class='ocrx_word' id='word_1_183' title='bbox 533 1452 672 1489; x_wconf 90' lang='lat' dir='ltr'>inscite</span> <span class='ocrx_word' id='word_1_184' title='bbox 701 1453 867 1499; x_wconf 84' lang='lat' dir='ltr'>Persae,</span> <span class='ocrx_word' id='word_1_185' title='bbox 905 1456 950 1487; x_wconf 85' lang='lat' dir='ltr'>ut</span> <span class='ocrx_word' id='word_1_186' title='bbox 980 1448 1186 1489; x_wconf 84' lang='lat' dir='ltr'>Pharisaei</span> <span class='ocrx_word' id='word_1_187' title='bbox 1207 1453 1250 1489; x_wconf 93' lang='lat' dir='ltr'>in</span> <span class='ocrx_word' id='word_1_188' title='bbox 1274 1453 1501 1504; x_wconf 77' lang='lat' dir='ltr'>evangelio,</span> <span class='ocrx_word' id='word_1_189' title='bbox 1532 1467 1630 1505; x_wconf 80' lang='grc' dir='ltr'><strong><em>γεν-·</em></strong></span> 
     </span>
     <span class='ocr_line' id='line_1_23' title="bbox 152 1501 1621 1559; baseline 0.001 -14"><span class='ocrx_word' id='word_1_190' title='bbox 152 1501 311 1557; x_wconf 82' lang='grc' dir='ltr'><strong><em>νήματα</em></strong></span> <span class='ocrx_word' id='word_1_191' title='bbox 346 1505 514 1557; x_wconf 71' lang='grc' dir='ltr'><strong><em>ἐχιδνῶν</em></strong></span> <span class='ocrx_word' id='word_1_192' title='bbox 550 1509 824 1558; x_wconf 82' lang='lat' dir='ltr'>appellantur,</span> <span class='ocrx_word' id='word_1_193' title='bbox 866 1519 919 1544; x_wconf 83' lang='lat' dir='ltr'>ex</span> <span class='ocrx_word' id='word_1_194' title='bbox 951 1514 1132 1545; x_wconf 78' lang='lat' dir='ltr'>veterum</span> <span class='ocrx_word' id='word_1_195' title='bbox 1163 1516 1369 1546; x_wconf 84' lang='lat' dir='ltr'>auctorum</span> <span class='ocrx_word' id='word_1_196' title='bbox 1394 1508 1621 1559; x_wconf 81' lang='lat' dir='ltr'>traditione,</span> 
     </span>
     <span class='ocr_line' id='line_1_24' title="bbox 153 1563 1621 1616; baseline 0.003 -18"><span class='ocrx_word' id='word_1_197' title='bbox 153 1573 233 1613; x_wconf 86' lang='lat' dir='ltr'>qua</span> <span class='ocrx_word' id='word_1_198' title='bbox 263 1563 422 1612; x_wconf 81' lang='lat' dir='ltr'>viperae</span> <span class='ocrx_word' id='word_1_199' title='bbox 452 1563 681 1601; x_wconf 75' lang='lat' dir='ltr'>ferebantur</span> <span class='ocrx_word' id='word_1_200' title='bbox 708 1576 775 1601; x_wconf 85' lang='lat' dir='ltr'>ore</span> <span class='ocrx_word' id='word_1_201' title='bbox 807 1563 935 1612; x_wconf 68' lang='lat' dir='ltr'>coire,</span> <span class='ocrx_word' id='word_1_202' title='bbox 964 1563 1138 1603; x_wconf 77' lang='lat' dir='ltr'>feminae</span> <span class='ocrx_word' id='word_1_203' title='bbox 1167 1566 1383 1616; x_wconf 83' lang='lat' dir='ltr'>voluptatis</span> <span class='ocrx_word' id='word_1_204' title='bbox 1410 1565 1621 1604; x_wconf 83' lang='lat' dir='ltr'>dulcedine</span> 
     </span>
     <span class='ocr_line' id='line_1_25' title="bbox 154 1619 1621 1675; baseline 0.004 -21"><span class='ocrx_word' id='word_1_205' title='bbox 154 1619 276 1656; x_wconf 70' lang='lat' dir='ltr'>maris</span> <span class='ocrx_word' id='word_1_206' title='bbox 311 1625 428 1670; x_wconf 77' lang='lat' dir='ltr'>eaput</span> <span class='ocrx_word' id='word_1_207' title='bbox 462 1619 718 1670; x_wconf 65' lang='lat' dir='ltr'>praecidere„</span> <span class='ocrx_word' id='word_1_208' title='bbox 742 1626 787 1656; x_wconf 73' lang='lat' dir='ltr'>et</span> <span class='ocrx_word' id='word_1_209' title='bbox 807 1619 917 1658; x_wconf 66' lang='lat' dir='ltr'>fetus</span> <span class='ocrx_word' id='word_1_210' title='bbox 936 1622 1078 1659; x_wconf 66' lang='lat' dir='ltr'>maffia</span> <span class='ocrx_word' id='word_1_211' title='bbox 1107 1628 1269 1659; x_wconf 76' lang='lat' dir='ltr'>uterum</span> <span class='ocrx_word' id='word_1_212' title='bbox 1296 1621 1484 1672; x_wconf 82' lang='lat' dir='ltr'>erodere3</span> <span class='ocrx_word' id='word_1_213' title='bbox 1517 1635 1621 1675; x_wconf 85' lang='lat' dir='ltr'>quae</span> 
     </span>
     <span class='ocr_line' id='line_1_26' title="bbox 151 1674 1011 1726; baseline 0.005 -15"><span class='ocrx_word' id='word_1_214' title='bbox 151 1686 276 1726; x_wconf 80' lang='lat' dir='ltr'>quam</span> <span class='ocrx_word' id='word_1_215' title='bbox 297 1675 400 1713; x_wconf 76' lang='lat' dir='ltr'>falsa</span> <span class='ocrx_word' id='word_1_216' title='bbox 422 1676 525 1723; x_wconf 70' lang='lat' dir='ltr'>sint,</span> <span class='ocrx_word' id='word_1_217' title='bbox 562 1674 683 1715; x_wconf 80' lang='lat' dir='ltr'>hodie</span> <span class='ocrx_word' id='word_1_218' title='bbox 698 1677 1011 1726; x_wconf 68' lang='lat' dir='ltr'>nemo-ignorat.</span> 
     </span>
    </p>

    <p class='ocr_par' dir='ltr' id='par_1_5' title="bbox 151 1731 1622 1884">
     <span class='ocr_line' id='line_1_27' title="bbox 267 1731 1621 1786; baseline 0.001 -15"><span class='ocrx_word' id='word_1_219' title='bbox 267 1731 362 1771; x_wconf 76' lang='lat'><strong>190.</strong></span> <span class='ocrx_word' id='word_1_220' title='bbox 419 1734 569 1785; x_wconf 67' lang='grc' dir='ltr'><strong><em>κλῆρον</em></strong></span> <span class='ocrx_word' id='word_1_221' title='bbox 591 1732 845 1773; x_wconf 57' lang='lat' dir='ltr'>hereditatem</span> <span class='ocrx_word' id='word_1_222' title='bbox 867 1733 1050 1782; x_wconf 72' lang='lat' dir='ltr'>intelligo</span> <span class='ocrx_word' id='word_1_223' title='bbox 1081 1746 1171 1771; x_wconf 79' lang='lat' dir='ltr'>esse</span> <span class='ocrx_word' id='word_1_224' title='bbox 1185 1732 1405 1771; x_wconf 79' lang='lat' dir='ltr'>vindictam</span> <span class='ocrx_word' id='word_1_225' title='bbox 1426 1748 1479 1772; x_wconf 83' lang='lat' dir='ltr'>ex</span> <span class='ocrx_word' id='word_1_226' title='bbox 1493 1748 1621 1786; x_wconf 88' lang='lat' dir='ltr'>nuper</span> 
     </span>
     <span class='ocr_line' id='line_1_28' title="bbox 152 1786 1622 1842; baseline 0.004 -19"><span class='ocrx_word' id='word_1_227' title='bbox 152 1787 275 1824; x_wconf 72' lang='lat' dir='ltr'>allata</span> <span class='ocrx_word' id='word_1_228' title='bbox 299 1793 481 1825; x_wconf 78' lang='lat' dir='ltr'>veterum</span> <span class='ocrx_word' id='word_1_229' title='bbox 506 1786 840 1839; x_wconf 81' lang='lat' dir='ltr'>philosophorum</span> <span class='ocrx_word' id='word_1_230' title='bbox 865 1787 916 1826; x_wconf 81' lang='lat' dir='ltr'>de</span> <span class='ocrx_word' id='word_1_231' title='bbox 940 1789 1089 1838; x_wconf 71' lang='lat' dir='ltr'>viperis</span> <span class='ocrx_word' id='word_1_232' title='bbox 1119 1790 1330 1839; x_wconf 86' lang='lat' dir='ltr'>opinione,</span> <span class='ocrx_word' id='word_1_233' title='bbox 1356 1803 1480 1842; x_wconf 86' lang='lat' dir='ltr'>quam</span> <span class='ocrx_word' id='word_1_234' title='bbox 1498 1791 1622 1829; x_wconf 83' lang='lat' dir='ltr'>tradit</span> 
     </span>
     <span class='ocr_line' id='line_1_29' title="bbox 151 1841 557 1884; baseline 0.005 -4"><span class='ocrx_word' id='word_1_235' title='bbox 151 1841 377 1881; x_wconf 79' lang='lat' dir='ltr'>Herodotus</span> <span class='ocrx_word' id='word_1_236' title='bbox 402 1846 428 1884; x_wconf 79' lang='lat'><strong>3</strong></span> <span class='ocrx_word' id='word_1_237' title='bbox 462 1846 557 1884; x_wconf 86' lang='lat'><strong>109.</strong></span> 
     </span>
    </p>

    <p class='ocr_par' dir='ltr' id='par_1_6' title="bbox 264 1897 834 1950">
     <span class='ocr_line' id='line_1_30' title="bbox 264 1897 834 1950; baseline -0.007 -9"><span class='ocrx_word' id='word_1_238' title='bbox 264 1901 360 1940; x_wconf 81' lang='lat'><strong>193.</strong></span> <span class='ocrx_word' id='word_1_239' title='bbox 417 1898 511 1938; x_wconf 84' lang='lat' dir='ltr'>vide</span> <span class='ocrx_word' id='word_1_240' title='bbox 532 1913 657 1950; x_wconf 75' lang='lat' dir='ltr'>supra</span> <span class='ocrx_word' id='word_1_241' title='bbox 675 1913 716 1938; x_wconf 62' lang='lat' dir='ltr'>v,</span> <span class='ocrx_word' id='word_1_242' title='bbox 737 1897 834 1941; x_wconf 78' lang='grc'><strong>184.</strong></span> 
     </span>
    </p>

    <p class='ocr_par' dir='ltr' id='par_1_7' title="bbox 149 1954 1620 2177">
     <span class='ocr_line' id='line_1_31' title="bbox 264 1954 1619 2009; baseline -0.001 -12"><span class='ocrx_word' id='word_1_243' title='bbox 264 1954 362 1997; x_wconf 83' lang='lat'><strong>194.</strong></span> <span class='ocrx_word' id='word_1_244' title='bbox 417 1957 626 1994; x_wconf 83' lang='lat' dir='ltr'>notissima</span> <span class='ocrx_word' id='word_1_245' title='bbox 652 1962 746 1993; x_wconf 84' lang='lat' dir='ltr'>sunt</span> <span class='ocrx_word' id='word_1_246' title='bbox 769 1957 946 1994; x_wconf 76' lang='lat' dir='ltr'>locastae</span> <span class='ocrx_word' id='word_1_247' title='bbox 978 1955 1151 2007; x_wconf 71' lang='lat' dir='ltr'>flagitia,</span> <span class='ocrx_word' id='word_1_248' title='bbox 1181 1969 1285 2008; x_wconf 89' lang='lat' dir='ltr'>quae</span> <span class='ocrx_word' id='word_1_249' title='bbox 1307 1970 1400 1994; x_wconf 89' lang='lat' dir='ltr'>cum</span> <span class='ocrx_word' id='word_1_250' title='bbox 1417 1965 1508 2009; x_wconf 85' lang='lat' dir='ltr'>post</span> <span class='ocrx_word' id='word_1_251' title='bbox 1529 1959 1619 1996; x_wconf 84' lang='lat' dir='ltr'>Laii</span> 
     </span>
     <span class='ocr_line' id='line_1_32' title="bbox 149 2011 1620 2064; baseline 0.002 -14"><span class='ocrx_word' id='word_1_252' title='bbox 149 2011 283 2050; x_wconf 81' lang='lat' dir='ltr'>mariti</span> <span class='ocrx_word' id='word_1_253' title='bbox 299 2022 441 2050; x_wconf 83' lang='lat' dir='ltr'>necem</span> <span class='ocrx_word' id='word_1_254' title='bbox 460 2012 617 2064; x_wconf 85' lang='lat' dir='ltr'>Oedipo</span> <span class='ocrx_word' id='word_1_255' title='bbox 632 2012 714 2050; x_wconf 68' lang='lat' dir='ltr'>fiho</span> <span class='ocrx_word' id='word_1_256' title='bbox 745 2015 947 2064; x_wconf 83' lang='lat' dir='ltr'>nupsisset</span> <span class='ocrx_word' id='word_1_257' title='bbox 975 2020 1014 2050; x_wconf 86' lang='lat' dir='ltr'>et</span> <span class='ocrx_word' id='word_1_258' title='bbox 1039 2025 1093 2050; x_wconf 85' lang='lat' dir='ltr'>ex</span> <span class='ocrx_word' id='word_1_259' title='bbox 1114 2025 1161 2050; x_wconf 87' lang='lat' dir='ltr'>eo</span> <span class='ocrx_word' id='word_1_260' title='bbox 1180 2014 1415 2064; x_wconf 84' lang='lat' dir='ltr'>Polynicem</span> <span class='ocrx_word' id='word_1_261' title='bbox 1437 2021 1477 2052; x_wconf 84' lang='lat' dir='ltr'>et</span> <span class='ocrx_word' id='word_1_262' title='bbox 1495 2016 1620 2053; x_wconf 86' lang='lat' dir='ltr'>Eteo-</span> 
     </span>
     <span class='ocr_line' id='line_1_33' title="bbox 150 2067 1618 2120; baseline 0.003 -14"><span class='ocrx_word' id='word_1_263' title='bbox 150 2069 255 2106; x_wconf 77' lang='lat' dir='ltr'>clem</span> <span class='ocrx_word' id='word_1_264' title='bbox 285 2070 511 2120; x_wconf 80' lang='lat' dir='ltr'>genuisset,</span> <span class='ocrx_word' id='word_1_265' title='bbox 556 2069 634 2107; x_wconf 77' lang='lat' dir='ltr'>sibi</span> <span class='ocrx_word' id='word_1_266' title='bbox 661 2079 809 2107; x_wconf 80' lang='lat' dir='ltr'>manus-</span> <span class='ocrx_word' id='word_1_267' title='bbox 829 2070 982 2108; x_wconf 69' lang='lat' dir='ltr'>intulit.</span> <span class='ocrx_word' id='word_1_268' title='bbox 1033 2067 1183 2107; x_wconf 67' lang='lat' dir='ltr'>videsis</span> <span class='ocrx_word' id='word_1_269' title='bbox 1213 2069 1334 2107; x_wconf 87' lang='lat' dir='ltr'>Diod.</span> <span class='ocrx_word' id='word_1_270' title='bbox 1363 2071 1444 2109; x_wconf 86' lang='lat' dir='ltr'>Sic.</span> <span class='ocrx_word' id='word_1_271' title='bbox 1473 2072 1548 2110; x_wconf 80' lang='lat' dir='ltr'>lib.</span> <span class='ocrx_word' id='word_1_272' title='bbox 1577 2071 1618 2120; x_wconf 74' lang='grc'>4,</span> 
     </span>
     <span class='ocr_line' id='line_1_34' title="bbox 150 2125 1026 2177; baseline 0.005 -14"><span class='ocrx_word' id='word_1_273' title='bbox 150 2125 348 2164; x_wconf 76' lang='lat' dir='ltr'>Senecam</span> <span class='ocrx_word' id='word_1_274' title='bbox 366 2127 412 2163; x_wconf 82' lang='lat' dir='ltr'>in</span> <span class='ocrx_word' id='word_1_275' title='bbox 435 2125 586 2177; x_wconf 64' lang='lat' dir='ltr'>Oedipo</span> <span class='ocrx_word' id='word_1_276' title='bbox 609 2132 647 2164; x_wconf 83' lang='lat' dir='ltr'>et</span> <span class='ocrx_word' id='word_1_277' title='bbox 667 2127 875 2176; x_wconf 82' lang='lat' dir='ltr'>Hyginum</span> <span class='ocrx_word' id='word_1_278' title='bbox 894 2137 941 2165; x_wconf 65' lang='lat' dir='ltr'>n«</span> <span class='ocrx_word' id='word_1_279' title='bbox 958 2127 1026 2167; x_wconf 85' lang='lat'>76.</span> 
     </span>
    </p>

    <p class='ocr_par' dir='ltr' id='par_1_8' title="bbox 149 2180 1620 2290">
     <span class='ocr_line' id='line_1_35' title="bbox 263 2180 1620 2232; baseline 0.003 -12"><span class='ocrx_word' id='word_1_280' title='bbox 263 2183 359 2224; x_wconf 81' lang='grc'><strong>197.</strong></span> <span class='ocrx_word' id='word_1_281' title='bbox 417 2181 570 2230; x_wconf 81' lang='grc' dir='ltr'><strong><em>ἐκεῖνος</em></strong></span> <span class='ocrx_word' id='word_1_282' title='bbox 593 2183 756 2232; x_wconf 71' lang='lat' dir='ltr'>Artaser</span> <span class='ocrx_word' id='word_1_283' title='bbox 780 2184 847 2221; x_wconf 86' lang='lat' dir='ltr'>vel</span> <span class='ocrx_word' id='word_1_284' title='bbox 867 2184 1085 2223; x_wconf 65' lang='lat' dir='ltr'>Anaxares</span> <span class='ocrx_word' id='word_1_285' title='bbox 1106 2182 1173 2221; x_wconf 82' lang='lat' dir='ltr'>vel</span> <span class='ocrx_word' id='word_1_286' title='bbox 1190 2184 1443 2222; x_wconf 79' lang='lat' dir='ltr'>Artaxerses.</span> <span class='ocrx_word' id='word_1_287' title='bbox 1500 2180 1620 2226; x_wconf 76' lang='grc' dir='ltr'><strong><em>πόλιν</em></strong></span> 
     </span>
     <span class='ocr_line' id='line_1_36' title="bbox 149 2237 801 2290; baseline 0.005 -16"><span class='ocrx_word' id='word_1_288' title='bbox 149 2237 396 2277; x_wconf 78' lang='lat' dir='ltr'>Darartasim</span> <span class='ocrx_word' id='word_1_289' title='bbox 414 2240 481 2277; x_wconf 77' lang='lat' dir='ltr'>vel</span> <span class='ocrx_word' id='word_1_290' title='bbox 496 2237 801 2290; x_wconf 83' lang='lat' dir='ltr'>Dastagerdam.</span> 
     </span>
    </p>

    <p class='ocr_par' dir='ltr' id='par_1_9' title="bbox 149 2295 1619 2461">
     <span class='ocr_line' id='line_1_37' title="bbox 263 2295 1619 2347; baseline 0 -11"><span class='ocrx_word' id='word_1_291' title='bbox 263 2296 360 2336; x_wconf 81' lang='lat'>200.</span> <span class='ocrx_word' id='word_1_292' title='bbox 418 2295 462 2332; x_wconf 91' lang='lat' dir='ltr'>in</span> <span class='ocrx_word' id='word_1_293' title='bbox 487 2296 675 2337; x_wconf 77' lang='lat' dir='ltr'>omnibus</span> <span class='ocrx_word' id='word_1_294' title='bbox 702 2297 916 2335; x_wconf 80' lang='lat' dir='ltr'>Persarum</span> <span class='ocrx_word' id='word_1_295' title='bbox 942 2296 1105 2347; x_wconf 79' lang='lat' dir='ltr'>templis</span> <span class='ocrx_word' id='word_1_296' title='bbox 1136 2303 1249 2334; x_wconf 86' lang='lat' dir='ltr'>erant</span> <span class='ocrx_word' id='word_1_297' title='bbox 1279 2297 1388 2347; x_wconf 76' lang='lat' dir='ltr'>Magi</span> <span class='ocrx_word' id='word_1_298' title='bbox 1416 2295 1619 2336; x_wconf 83' lang='lat' dir='ltr'>custodiae</span> 
     </span>
     <span class='ocr_line' id='line_1_38' title="bbox 150 2349 1619 2404; baseline 0.003 -16"><span class='ocrx_word' id='word_1_299' title='bbox 150 2350 256 2401; x_wconf 85' lang='lat' dir='ltr'>ignis</span> <span class='ocrx_word' id='word_1_300' title='bbox 279 2349 480 2389; x_wconf 81' lang='lat' dir='ltr'>destinati.</span> <span class='ocrx_word' id='word_1_301' title='bbox 525 2350 618 2389; x_wconf 83' lang='lat' dir='ltr'>vide</span> <span class='ocrx_word' id='word_1_302' title='bbox 636 2363 760 2402; x_wconf 56' lang='lat' dir='ltr'>«supra</span> <span class='ocrx_word' id='word_1_303' title='bbox 776 2353 948 2390; x_wconf 68' lang='lat' dir='ltr'>Aeroas.</span> <span class='ocrx_word' id='word_1_304' title='bbox 975 2354 1000 2394; x_wconf 91' lang='lat'><strong>1</strong></span> <span class='ocrx_word' id='word_1_305' title='bbox 1029 2355 1097 2401; x_wconf 83' lang='grc'>23,</span> <span class='ocrx_word' id='word_1_306' title='bbox 1127 2352 1196 2390; x_wconf 89' lang='lat' dir='ltr'>ubi</span> <span class='ocrx_word' id='word_1_307' title='bbox 1218 2351 1268 2390; x_wconf 89' lang='lat' dir='ltr'>de</span> <span class='ocrx_word' id='word_1_308' title='bbox 1289 2354 1442 2404; x_wconf 86' lang='lat' dir='ltr'>templo</span> <span class='ocrx_word' id='word_1_309' title='bbox 1459 2355 1619 2404; x_wconf 81' lang='lat' dir='ltr'>Gazaci,</span> 
     </span>
     <span class='ocr_line' id='line_1_39' title="bbox 149 2403 1429 2461; baseline 0.003 -17"><span class='ocrx_word' id='word_1_310' title='bbox 149 2408 193 2444; x_wconf 85' lang='lat' dir='ltr'>in</span> <span class='ocrx_word' id='word_1_311' title='bbox 211 2420 293 2460; x_wconf 89' lang='lat' dir='ltr'>quo</span> <span class='ocrx_word' id='word_1_312' title='bbox 309 2415 394 2446; x_wconf 85' lang='lat' dir='ltr'>erat</span> <span class='ocrx_word' id='word_1_313' title='bbox 410 2406 441 2460; x_wconf 72' lang='grc' dir='ltr'><em>ἦ</em></span> <span class='ocrx_word' id='word_1_314' title='bbox 461 2403 595 2459; x_wconf 71' lang='grc' dir='ltr'><strong><em>πλάνη</em></strong></span> <span class='ocrx_word' id='word_1_315' title='bbox 614 2410 697 2448; x_wconf 78' lang='grc' dir='ltr'>ταῖν</span> <span class='ocrx_word' id='word_1_316' title='bbox 714 2404 938 2461; x_wconf 65' lang='grc' dir='ltr'>ἀνθράκων</span> <span class='ocrx_word' id='word_1_317' title='bbox 957 2408 1175 2447; x_wconf 82' lang='lat' dir='ltr'>carbonum</span> <span class='ocrx_word' id='word_1_318' title='bbox 1197 2411 1429 2459; x_wconf 71' lang='lat' dir='ltr'>impostura.</span> 
     </span>
    </p>

    <p class='ocr_par' dir='ltr' id='par_1_10' title="bbox 150 2463 1621 2689">
     <span class='ocr_line' id='line_1_40' title="bbox 261 2463 1620 2520; baseline 0.003 -18"><span class='ocrx_word' id='word_1_319' title='bbox 261 2463 361 2506; x_wconf 83' lang='grc'><strong>204.</strong></span> <span class='ocrx_word' id='word_1_320' title='bbox 418 2463 691 2516; x_wconf 77' lang='lat' dir='ltr'>Theophanes</span> <span class='ocrx_word' id='word_1_321' title='bbox 709 2477 734 2502; x_wconf 85' lang='lat' dir='ltr'>a</span> <span class='ocrx_word' id='word_1_322' title='bbox 746 2479 795 2515; x_wconf 83' lang='lat' dir='ltr'>p.</span> <span class='ocrx_word' id='word_1_323' title='bbox 813 2469 896 2508; x_wconf 86' lang='grc'>267</span> <span class='ocrx_word' id='word_1_324' title='bbox 916 2464 968 2503; x_wconf 83' lang='lat' dir='ltr'>ad</span> <span class='ocrx_word' id='word_1_325' title='bbox 980 2480 1028 2516; x_wconf 85' lang='lat' dir='ltr'>p.</span> <span class='ocrx_word' id='word_1_326' title='bbox 1050 2468 1133 2506; x_wconf 83' lang='lat'>269</span> <span class='ocrx_word' id='word_1_327' title='bbox 1160 2464 1378 2504; x_wconf 82' lang='lat' dir='ltr'>Chosroam</span> <span class='ocrx_word' id='word_1_328' title='bbox 1394 2474 1507 2506; x_wconf 74' lang='lat' dir='ltr'>metu</span> <span class='ocrx_word' id='word_1_329' title='bbox 1523 2481 1620 2520; x_wconf 82' lang='lat' dir='ltr'>per-</span> 
     </span>
     <span class='ocr_line' id='line_1_41' title="bbox 150 2520 1621 2574; baseline 0.003 -16"><span class='ocrx_word' id='word_1_330' title='bbox 150 2520 326 2570; x_wconf 61' lang='lat' dir='ltr'>culsum,</span> <span class='ocrx_word' id='word_1_331' title='bbox 355 2520 605 2573; x_wconf 80' lang='lat' dir='ltr'>Dastagerda</span> <span class='ocrx_word' id='word_1_332' title='bbox 629 2522 789 2570; x_wconf 88' lang='lat' dir='ltr'>relicta,</span> <span class='ocrx_word' id='word_1_333' title='bbox 819 2535 938 2559; x_wconf 79' lang='lat' dir='ltr'>amne</span> <span class='ocrx_word' id='word_1_334' title='bbox 955 2521 1123 2574; x_wconf 84' lang='lat' dir='ltr'>Tigride</span> <span class='ocrx_word' id='word_1_335' title='bbox 1148 2524 1332 2571; x_wconf 77' lang='lat' dir='ltr'>traiecto,</span> <span class='ocrx_word' id='word_1_336' title='bbox 1361 2524 1466 2562; x_wconf 85' lang='lat' dir='ltr'>ultra</span> <span class='ocrx_word' id='word_1_337' title='bbox 1489 2526 1621 2563; x_wconf 85' lang='lat' dir='ltr'>Ctesi-</span> 
     </span>
     <span class='ocr_line' id='line_1_42' title="bbox 150 2574 1621 2629; baseline 0.005 -16"><span class='ocrx_word' id='word_1_338' title='bbox 150 2574 345 2626; x_wconf 82' lang='lat' dir='ltr'>phontem</span> <span class='ocrx_word' id='word_1_339' title='bbox 371 2578 525 2629; x_wconf 85' lang='lat' dir='ltr'>fugisse</span> <span class='ocrx_word' id='word_1_340' title='bbox 553 2585 710 2627; x_wconf 83' lang='lat' dir='ltr'>narrat3</span> <span class='ocrx_word' id='word_1_341' title='bbox 739 2577 847 2617; x_wconf 82' lang='lat' dir='ltr'>unde</span> <span class='ocrx_word' id='word_1_342' title='bbox 877 2580 1085 2618; x_wconf 82' lang='lat' dir='ltr'>Heraclius</span> <span class='ocrx_word' id='word_1_343' title='bbox 1111 2592 1203 2617; x_wconf 83' lang='lat' dir='ltr'>vere</span> <span class='ocrx_word' id='word_1_344' title='bbox 1232 2586 1276 2616; x_wconf 89' lang='lat' dir='ltr'>ut</span> <span class='ocrx_word' id='word_1_345' title='bbox 1300 2579 1479 2629; x_wconf 81' lang='lat' dir='ltr'>fulmen,</span> <span class='ocrx_word' id='word_1_346' title='bbox 1508 2582 1621 2620; x_wconf 89' lang='lat' dir='ltr'>nullo</span> 
     </span>
     <span class='ocr_line' id='line_1_43' title="bbox 153 2632 1522 2689; baseline 0.004 -19"><span class='ocrx_word' id='word_1_347' title='bbox 153 2632 369 2672; x_wconf 75' lang='lat' dir='ltr'>obsistente</span> <span class='ocrx_word' id='word_1_348' title='bbox 381 2663 392 2684; x_wconf 92' lang='lat'><strong>‚</strong></span> <span class='ocrx_word' id='word_1_349' title='bbox 422 2635 572 2688; x_wconf 86' lang='lat' dir='ltr'>ubique</span> <span class='ocrx_word' id='word_1_350' title='bbox 591 2636 738 2684; x_wconf 77' lang='lat' dir='ltr'>victor,</span> <span class='ocrx_word' id='word_1_351' title='bbox 767 2635 1057 2687; x_wconf 76' lang='lat' dir='ltr'>Dastagerdam</span> <span class='ocrx_word' id='word_1_352' title='bbox 1076 2649 1146 2687; x_wconf 86' lang='lat' dir='ltr'>spe</span> <span class='ocrx_word' id='word_1_353' title='bbox 1166 2636 1281 2674; x_wconf 84' lang='lat' dir='ltr'>citius</span> <span class='ocrx_word' id='word_1_354' title='bbox 1301 2639 1522 2689; x_wconf 85' lang='lat' dir='ltr'>occupavit.</span> 
     </span>
    </p>

    <p class='ocr_par' dir='ltr' id='par_1_11' title="bbox 149 2688 1621 2916">
     <span class='ocr_line' id='line_1_44' title="bbox 266 2688 1621 2746; baseline 0.001 -16"><span class='ocrx_word' id='word_1_355' title='bbox 266 2690 365 2732; x_wconf 82' lang='lat'><strong>205.</strong></span> <span class='ocrx_word' id='word_1_356' title='bbox 423 2688 777 2746; x_wconf 69' lang='grc' dir='ltr'><strong><em>σχηματουργήσας</em></strong></span> <span class='ocrx_word' id='word_1_357' title='bbox 800 2689 935 2744; x_wconf 84' lang='grc' dir='ltr'><strong><em>φόβον</em></strong></span> <span class='ocrx_word' id='word_1_358' title='bbox 951 2694 1153 2731; x_wconf 78' lang='lat' dir='ltr'>incutiens</span> <span class='ocrx_word' id='word_1_359' title='bbox 1168 2693 1355 2732; x_wconf 81' lang='lat' dir='ltr'>timorem</span> <span class='ocrx_word' id='word_1_360' title='bbox 1374 2694 1520 2732; x_wconf 89' lang='lat' dir='ltr'>bellico</span> <span class='ocrx_word' id='word_1_361' title='bbox 1544 2706 1621 2744; x_wconf 81' lang='lat' dir='ltr'>ap-</span> 
     </span>
     <span class='ocr_line' id='line_1_45' title="bbox 149 2747 1616 2801; baseline 0.003 -19"><span class='ocrx_word' id='word_1_362' title='bbox 149 2751 292 2796; x_wconf 84' lang='lat' dir='ltr'>paratu</span> <span class='ocrx_word' id='word_1_363' title='bbox 338 2753 378 2784; x_wconf 89' lang='lat' dir='ltr'>et</span> <span class='ocrx_word' id='word_1_364' title='bbox 413 2747 635 2797; x_wconf 84' lang='lat' dir='ltr'>incendiis,</span> <span class='ocrx_word' id='word_1_365' title='bbox 674 2749 818 2801; x_wconf 83' lang='lat' dir='ltr'>quibus</span> <span class='ocrx_word' id='word_1_366' title='bbox 845 2749 1052 2791; x_wconf 84' lang='lat' dir='ltr'>Persidem</span> <span class='ocrx_word' id='word_1_367' title='bbox 1081 2750 1160 2787; x_wconf 86' lang='lat' dir='ltr'>late</span> <span class='ocrx_word' id='word_1_368' title='bbox 1189 2750 1370 2788; x_wconf 80' lang='lat' dir='ltr'>vastabat</span> <span class='ocrx_word' id='word_1_369' title='bbox 1396 2751 1616 2798; x_wconf 83' lang='lat' dir='ltr'>Heraclius,</span> 
     </span>
     <span class='ocr_line' id='line_1_46' title="bbox 151 2797 1617 2858; baseline 0.001 -17"><span class='ocrx_word' id='word_1_370' title='bbox 151 2797 230 2853; x_wconf 67' lang='grc' dir='ltr'>οὐχ</span> <span class='ocrx_word' id='word_1_371' title='bbox 253 2798 377 2853; x_wconf 71' lang='grc' dir='ltr'><strong><em>ἑκών,</em></strong></span> <span class='ocrx_word' id='word_1_372' title='bbox 406 2811 451 2841; x_wconf 71' lang='lat' dir='ltr'>ut</span> <span class='ocrx_word' id='word_1_373' title='bbox 479 2803 590 2843; x_wconf 88' lang='lat' dir='ltr'>idem</span> <span class='ocrx_word' id='word_1_374' title='bbox 615 2806 830 2857; x_wconf 83' lang='lat' dir='ltr'>imperator</span> <span class='ocrx_word' id='word_1_375' title='bbox 855 2813 955 2846; x_wconf 75' lang='lat' dir='ltr'>teste</span> <span class='ocrx_word' id='word_1_376' title='bbox 980 2804 1232 2857; x_wconf 87' lang='lat' dir='ltr'>Theophane</span> <span class='ocrx_word' id='word_1_377' title='bbox 1242 2820 1291 2858; x_wconf 83' lang='lat' dir='ltr'>p.</span> <span class='ocrx_word' id='word_1_378' title='bbox 1317 2810 1403 2848; x_wconf 84' lang='lat'>270</span> <span class='ocrx_word' id='word_1_379' title='bbox 1419 2806 1617 2845; x_wconf 79' lang='lat' dir='ltr'>chosroae</span> 
     </span>
     <span class='ocr_line' id='line_1_47' title="bbox 152 2858 1258 2916; baseline 0.004 -17"><span class='ocrx_word' id='word_1_380' title='bbox 152 2859 333 2909; x_wconf 70' lang='lat' dir='ltr'>scripsit,</span> <span class='ocrx_word' id='word_1_381' title='bbox 362 2864 581 2913; x_wconf 67' lang='grc' dir='ltr'><strong><em>πυρπολῶν</em></strong></span> <span class='ocrx_word' id='word_1_382' title='bbox 606 2858 684 2914; x_wconf 79' lang='grc' dir='ltr'>τὴν</span> <span class='ocrx_word' id='word_1_383' title='bbox 707 2864 904 2916; x_wconf 80' lang='grc' dir='ltr'><strong><em>Περσίδα,</em></strong></span> <span class='ocrx_word' id='word_1_384' title='bbox 936 2860 1039 2905; x_wconf 63' lang='grc' dir='ltr'>ἄλλά</span> <span class='ocrx_word' id='word_1_385' title='bbox 1061 2863 1258 2916; x_wconf 75' lang='grc' dir='ltr'><strong>βιασθείς.</strong></span> 
     </span>
    </p>

    <p class='ocr_par' dir='ltr' id='par_1_12' title="bbox 208 2929 1343 2976">
     <span class='ocr_line' id='line_1_48' title="bbox 208 2929 1343 2976; baseline 0.014 -13"><span class='ocrx_word' id='word_1_386' title='bbox 208 2930 339 2976; x_wconf 81' lang='lat' dir='ltr'>Georg.</span> <span class='ocrx_word' id='word_1_387' title='bbox 371 2932 481 2967; x_wconf 77' lang='grc' dir='ltr'>Ρὶεἰά.</span> <span class='ocrx_word' id='word_1_388' title='bbox 1291 2929 1343 2972; x_wconf 78' lang='lat'>14</span> 
     </span>
    </p>
   </div>
  </div>
 </body>
</html>
