1890 3224
383 170 459 213 DE
490 168 670 214 REBUS
702 168 846 213 POST
880 166 1197 213 MAURIGIUM
1218 167 1435 212 ¹GESTIS.
1560 165 1625 213 43

185 279 401 338 πόματος,
435 281 701 339 εῧδόκιμὸντε
719 287 882 334 πολλοῖς
898 279 1088 333 πολλάκις
1100 279 1327 338 γενόμενον,
1352 278 1627 338 ὗποφρούριον

185 353 293 408 τρισὶ
306 350 471 408 χρόνοις
491 354 559 395 καὶ
579 352 700 395 αὐτὸν
716 351 990 402 Ἰουστινιανὸς
1011 352 1212 406 ἐποίησεν·
1245 349 1329 393 εἶτα
1352 355 1425 405 τῆς
1445 353 1628 407 φρουρᾶς

185 419 312 470 λύσας
333 420 554 476 στρατηγὸν
575 425 646 474 τῆς
658 418 852 470 Ἑλλάδος
869 418 1136 475 προβάλλεται
1148 450 1162 471 ,
1197 419 1431 476 αὐθημερὸν
1451 416 1628 473 ἀναγκά-

186 504 263 538 σας
282 493 354 531 τοῦ
371 489 591 540 Βυζαντίου
610 488 804 543 ἀπαίρειν.
870 487 971 543 πρὸς
987 486 1031 529 ὃν
1051 489 1220 543 γίνονται
1239 489 1350 544 φίλοι
1370 485 1629 542 τυγχάνοντες

151 554 320 612 ὅᾶωρον
349 560 422 610 τῆς
449 555 588 606 νυκτὸς
613 553 783 605 Παῢλός
804 572 864 605 τις
886 555 1062 609 μοναχὸς
1081 560 1153 610 τῆς
1170 554 1477 612 Καλλιστράτου
1499 559 1625 608 μονῆς
1646 558 1678 593 C

183 621 395 679 ὑπάρχων,
425 622 671 680 ἀστρονόμος
688 624 761 678 τὴν
778 622 1020 678 ἐπιστήμην,
1046 625 1113 665 καὶ
1131 626 1172 664 Γ
1168 622 1354 680 ρηγόριος
1368 624 1546 677 μοναχός
1561 624 1630 664 καὶ

185 689 402 746 ἡγούμενος
429 691 470 734 ἓν
496 696 545 748 τῇ
574 690 747 748 Φλώρου
770 697 896 748 μονῇ,
930 690 1207 746 Καππαδόκης
1227 692 1271 733 τὸ
1294 692 1425 746 γένος,
1454 689 1508 740 ὦς
1526 707 1629 747 προ-

184 759 424 813 πέμψοντες.
492 759 614 811 αὐτὸς
645 761 688 802 δὲ
719 760 816 802 ἰδὼν
836 759 1007 802 ἐνεκάλει
1027 761 1150 815 λέγων
1169 758 1225 810 ὥς
1243 758 1375 813 μάτην
1393 776 1463 813 μοι
1485 759 1536 800 τὰ
1555 763 1630 813 τῆς

184 828 392 880 βασιλείας
423 826 822 884 προεμαντεύσασθε·
868 832 939 870 νῦν
968 829 1046 885 γὰρ
1077 828 1236 870 ἐνθένδε
1265 828 1552 884 ἀποχωροῦντα
1579 826 1627 869 τὸ

131 900 176 936 10
188 896 300 945 τέλος
324 913 376 949 με
406 900 478 949 τῆς
504 898 606 950 ζωῆς
631 896 774 953 πικρὸν
804 895 1094 950 καταλήψεται.
1162 896 1200 937 οἱ
1220 896 1265 938 δὲ
1281 900 1353 950 τῆς
1370 894 1464 938 ὁδοῦ
1486 893 1629 951 εἶργον,

183 964 332 1016 βέβαια
361 949 623 1019 παρεχόμενοι
649 962 705 1013 ὥς
731 965 766 1006 εἰ
794 964 852 1017 μὴ
880 962 1077 1018 ὀκνήσειεν
1098 968 1169 1018 τῆς
1188 964 1370 1014 ἐξουσίας
1387 962 1631 1019 κρατήσειεν.

182 1029 340 1080 τούτοις
355 1033 534 1081 πεισθεὶς
554 1031 678 1081 εὐθὺς
694 1033 928 1085 ε’πικομίζων
943 1033 1054 1081 τινὰς
1072 1036 1151 1073 τῶν
1169 1030 1374 1087 ὑπηρετῶν
1395 1032 1453 1073 ἔτι
1470 1036 1542 1084 τῆς
1560 1048 1632 1072 νυ-

183 1097 276 1148 κτὸς
306 1099 572 1155 ἐφισταμένης
598 1101 667 1140 καὶ
694 1098 798 1141 ὅπλα
824 1098 1056 1153 ἀνελόμενος
1076 1101 1131 1149 εἷς
1151 1100 1197 1141 τὸ
1221 1097 1465 1155 πραιτώριον
1485 1098 1632 1145 ἄνεισιν

181 1164 326 1222 ἡσυχῇ.
393 1168 460 1208 καὶ
486 1166 760 1221 σημαινόντων
786 1165 841 1217 ὥς
867 1167 937 1210 τὸν
956 1168 1126 1221 βασιλέα
1146 1175 1328 1222 παρεῖναι
1351 1168 1392 1209 ἐν
1409 1173 1494 1216 τοῖς
1511 1168 1634 1209 ε’κεΐσε

130 1243 172 1278 15
185 1237 334 1290 πρᾶξαι
351 1233 403 1275 τὰ
422 1234 526 1276 κατὰ
545 1232 730 1289 γνώμην,
765 1232 786 1275 ὅ
806 1239 878 1276 τοῦ
899 1235 1143 1291 πραιτωριόυ
1173 1233 1354 1290 ὕπαρχος
1382 1232 1538 1288 ὑπήντα
1565 1237 1629 1276 δι-
1650 1239 1683 1274 D

184 1302 369 1357 ανοιγνὺς
386 1302 460 1352 τὰς
477 1300 627 1352 πύλας·
663 1302 711 1344 ὃν
730 1302 872 1345 αὐτίκα
889 1309 1030 1359 χεῖρας
1050 1303 1118 1343 καὶ
1138 1300 1270 1352 πόδας
1284 1303 1483 1356 ἓπέδησεν.
1525 1302 1636 1352 ε’ντὸς

184 1370 228 1412 δὲ
246 1368 453 1425 γενόμενος
469 1369 668 1420 Λεόντιος
687 1369 840 1420 πάντας
857 1371 951 1421 τοὺς
971 1371 1283 1426 καθειργμένους
1301 1370 1417 1412 ἔλυσε
1434 1371 1500 1411 καὶ
1519 1368 1634 1412 ὅπλί-

184 1455 261 1488 σας
279 1439 342 1479 ἐπὶ
362 1437 431 1479 τὸν
451 1437 693 1492 καλούμενον
713 1437 840 1495 φόρον
863 1437 1066 1495 ἐξώρμησε
1077 1469 1091 1489 ,
1125 1438 1310 1480 κάκεῖθεν
1331 1436 1635 1492 σκεδαννύμενοι

184 1506 264 1549 ἀνὰ
293 1505 423 1548 πάντα
450 1506 552 1562 μέρη
581 1510 655 1560 τῆς
683 1505 835 1556 πόλεως
859 1511 939 1563 βοῇ
970 1506 1127 1563 κράζειν
1152 1507 1327 1549 ἐκέλευσε
1349 1505 1502 1557 πάντας
1523 1508 1634 1562 Χρι-

129 1574 372 1623 soonam&
398 1576 454 1623 εἷς
481 1573 527 1615 τὸ
558 1574 664 1630 ἱερὸν
689 1578 761 1627 τῆς
786 1575 943 1630 Σοφιάς
964 1575 1272 1629 παραγίνεσθαι.
1340 1574 1382 1624 ἐξ
1409 1567 1463 1616 ὧν
1484 1578 1564 1616 πᾶν
1587 1573 1633 1616 τὸ

183 1645 344 1696 πλῆθος
362 1642 601 1697 θορυβηθὲν
617 1643 771 1697 σπουδῇ
787 1641 888 1698 πρὸς
904 1641 973 1683 τὸν
991 1645 1168 1696 λουτῆρα
1180 1646 1254 1696 τῆς
1267 1643 1477 1695 ἐκκλησίας
1487 1642 1636 1698 ἠθροί-

182 1711 284 1760 ζετο.
352 1706 373 1749 ὅ
395 1710 438 1751 δὲ
458 1708 531 1751 σὺν
548 1715 631 1758 τοῖς
646 1716 838 1763 μοναχοῖς
856 1711 922 1750 καὶ
941 1708 1088 1765 ἑτέροις
1107 1714 1188 1752 τῶν
1211 1712 1338 1766 φίλων
1357 1709 1460 1766 πρὸς
1478 1711 1636 1751 Καλλί-

182 1793 292 1819 νικον
316 1775 387 1819 τὸν
414 1780 632 1831 τηνικαῦτα
661 1775 848 1833 ἱεράρχην
876 1781 949 1831 τῆς
976 1775 1128 1826 πόλεως
1159 1776 1335 1832 ἔρχεται,
1363 1779 1431 1819 καὶ
1453 1776 1635 1831 βιάζεται

276 1894 299 1929 5
322 1891 401 1938 α’ωρ
403 1892 444 1928 2?
569 1893 611 1930 15
634 1892 861 1940 πραιτωρίου
882 1892 1070 1929 Petavius=
1094 1893 1305 1938 πραίτωρος
1325 1893 1355 1928 P
1490 1893 1534 1929 18
1557 1904 1633 1930 σκε-

275 1905 555 1984 δαννυμὲνους7

183 2041 338 2087 signem,
371 2041 585 2076 lastinianus
616 2039 702 2076 totis
732 2040 846 2077 tribus
877 2040 976 2076 annis
1011 2039 1049 2075 in
1082 2039 1241 2076 custodia
1267 2039 1455 2085 habuerat,
1490 2052 1637 2086 eumque

183 2092 309 2134 postea
331 2087 508 2122 dimissum
530 2087 704 2122 Graeciae
725 2092 995 2142 praeposuerat,
1019 2087 1138 2121 eadem
1159 2087 1218 2122 die
1239 2086 1411 2131 Byzantio
1432 2087 1558 2121 cedere
1576 2100 1639 2122 co-

186 2138 312 2168 actum.
359 2133 403 2168 ad
435 2133 525 2168 hunc
550 2132 689 2178 quidam
724 2145 768 2167 ex
798 2133 916 2168 amicis
945 2133 1155 2178 intempesta
1183 2138 1286 2167 nocte
1308 2132 1476 2177 veniunt,
1512 2132 1641 2168 Paulus

186 2179 345 2212 nimirum
362 2180 549 2213 monachus
573 2191 617 2213 ex
640 2178 832 2213 callistrati
849 2179 1017 2214 coenobio
1037 2179 1246 2223 astrologiae
1265 2178 1420 2221 deditus,
1445 2184 1483 2212 et
1500 2178 1640 2231 Grego-

185 2224 260 2258 rius
284 2224 468 2258 monachus
490 2223 590 2258 Flori
610 2225 819 2259 monasterio
839 2226 1059 2270 praefectus,
1082 2236 1211 2269 genere
1232 2225 1436 2278 Cappadox.
1466 2223 1544 2279 uqui
1565 2236 1641 2259 cum

187 2281 265 2304 eum
270 2269 454 2303 adiissent
471 2269 567 2303 velut
583 2269 724 2304 honoris
741 2282 846 2305 causa
863 2271 1056 2314 deducturi,
1080 2276 1117 2304 at
1137 2270 1193 2304 hic
1214 2270 1290 2303 illos
1311 2270 1449 2304 intuens
1466 2265 1640 2303 “”srustra

185 2315 301 2359 inquit
320 2311 458 2348 “mihi·
447 2314 628 2368 imperium
648 2316 829 2350 vaticinati
851 2317 956 2351 estis:
981 2328 1071 2351 nunc
1089 2317 1179 2350 enim
1197 2328 1241 2350 ex
1262 2316 1327 2350 hac
1346 2316 1432 2349 urbe
1449 2315 1641 2359 digressum

186 2362 330 2395 acerbus
352 2372 408 2394 me
426 2360 521 2394 vitae
545 2360 658 2394 exitus
676 2360 814 2396 manet!
805 2359 829 2373 ”
871 2362 923 2396 illi
946 2363 1102 2396 discessu
1123 2362 1328 2415 prohibere,
1351 2367 1516 2405 certoque
1537 2360 1641 2405 polli-

187 2406 281 2450 ceri,
310 2406 379 2441 nisi
404 2406 530 2451 ignavo
555 2411 592 2439 et
611 2405 718 2440 inerti
740 2407 852 2441 animo
877 2420 955 2443 esse
977 2408 1102 2452 vellet,
1128 2408 1263 2448 omnino
1287 2406 1425 2451 imperii
1449 2412 1640 2451 compotem

185 2452 277 2486 fore.
324 2451 450 2496 quibus
471 2451 589 2485 verbis
616 2458 801 2486 commotus
823 2453 882 2487 ille
905 2465 981 2488 cum
1003 2454 1137 2498 aliquot
1161 2463 1339 2487 servorum
1367 2463 1468 2486 manu
1489 2457 1639 2486 armatus

187 2504 293 2532 noctu
314 2498 398 2532 clam
421 2498 466 2531 ad
487 2497 699 2542 praetorium
722 2499 891 2533 ascendit.
936 2499 996 2533 ubi
1020 2511 1094 2534 cum
1118 2500 1241 2533 adesse
1263 2498 1505 2542 imperatorem
1527 2498 1640 2543 signi-

187 2543 372 2587 ficassent,
407 2543 464 2577 cui
490 2543 622 2587 aliquid
644 2542 715 2577 illic
742 2544 875 2588 negotii
899 2546 1086 2589 gerendum
1108 2551 1220 2587 esset,
1255 2543 1425 2588 praetorii
1441 2544 1640 2598 praefectus

188 2587 322 2632 apertis
342 2570 455 2623 ianuis
480 2589 650 2630 occurrit;
674 2601 775 2633 quem
795 2589 888 2624 illico
905 2590 1060 2625 manibus
1080 2603 1120 2625 ac
1138 2571 1283 2635 pedibus
1302 2589 1520 2624 constrinxit.
1566 2596 1640 2623 tum

188 2633 282 2667 intro
301 2640 486 2679 penetrans
507 2634 674 2668 Leontius
693 2634 866 2669 custodias
885 2647 1003 2670 omnes
1024 2636 1169 2677 liberat,
1198 2640 1235 2668 et
1253 2635 1393 2669 armatis
1416 2635 1572 2670 omnibus
1595 2635 1641 2668 ad

187 2680 302 2713 forum
325 2680 566 2724 progreditur,
588 2681 680 2714 unde
703 2691 768 2724 per
788 2686 896 2715 totam
914 2683 1031 2716 urbem
1050 2682 1236 2726 dissipatos
1257 2680 1405 2715 clamare
1425 2681 1522 2715 iubet
1539 2686 1578 2714 ut
1595 2681 1640 2714 ad

189 2724 344 2768 Sophiae
368 2724 530 2779 templum
558 2725 749 2760 Christiani
778 2738 895 2761 omnes
920 2728 1158 2762 convenirent.
1205 2737 1273 2771 quo
1290 2726 1436 2761 tumultu
1457 2726 1638 2760 multitudo
1661 2733 1696 2758 a
1720 2723 1790 2758 694

189 2770 301 2804 omnis
331 2770 468 2805 concita
497 2771 543 2804 ad
571 2771 814 2816 baptisterium
841 2773 1005 2818 frequens
1028 2771 1183 2807 advenit.
1229 2772 1397 2807 Leontius
1420 2783 1496 2806 cum
1518 2782 1638 2804 mona·

189 2815 265 2851 chis
288 2820 326 2851 et
352 2815 431 2852 aliis
457 2815 576 2852 amicis
597 2816 800 2853 Callinicum
821 2823 904 2854 tunc
921 2819 1017 2855 urbis
1037 2817 1228 2854 antistitem
1249 2819 1343 2864 adit,
1367 2829 1409 2853 ac
1431 2817 1642 2853 descendere
