1890 3224
242 183 306 227 82
715 185 953 230 GEORGH
990 187 1203 232 PISIDAE

458 302 573 355 σιγᾶν
599 300 775 342 δοκοῦσα
800 303 1024 358 λῃστρικῶς
1046 300 1276 356 ὥδοστάτει,

377 365 428 407 75
457 372 514 424 πῇ
537 367 577 408 δ’
603 362 657 408 αὖ
679 369 960 420 συνεκθέοντες
979 371 1017 412 οἱ
1038 369 1218 425 Σκλάβοι
1244 370 1359 415 λύκοι

456 439 509 491 τῇ
528 439 580 491 γῇ
601 440 801 491 συνῆπτον
822 442 896 493 τῆς
915 437 1126 495 θαλάττης
1147 440 1216 482 τὸν
1236 439 1374 493 σάλον,

456 504 523 544 καὶ
545 510 629 554 τοῖς
650 505 753 562 παρ’
777 505 910 549 αὐτῶν
931 508 1074 561 αἵμασι
1094 510 1346 566 πεφυρμένος

456 569 477 612 ὃ
501 571 597 628 ῥοῦς
618 573 793 631 ἐρυθρὸς
814 575 857 616 ἐκ
876 576 975 628 βίας,
990 577 1148 631 ἐγίνετο,

457 640 643 683 κάκεῖθεν
661 640 794 699 ὥσπερ
813 643 1072 700 ἀντερίζουσα
1090 645 1208 688 πλέον

374 710 428 748 80
455 708 760 765 ἀντιπρόσωπος
778 710 804 766 ἦ
827 711 1074 768 δυσάντητος
1093 714 1175 756 θέα

455 781 528 831 τῆς
548 777 751 835 Γοργόνος
770 785 974 837 προσῆκτο
994 786 1067 837 τῆς
1086 787 1160 824 τοῦ
1178 780 1390 837 Περσέως,

458 847 525 887 καὶ
549 851 629 896 πᾶς
649 846 671 889 ὅ
694 846 846 902 κόσμος
866 844 917 904 ἦν
943 848 1048 904 ὁμοῦ
1069 853 1335 908 πεφυρμένος,

460 914 506 956 σὲ
529 915 573 956 δὲ
595 924 830 973 στρατηγεῖν
851 912 902 973 ἦν
923 916 1075 974 ἀνάγκη
1097 922 1168 974 τῆς
1187 915 1347 972 μάχης,

458 982 590 1036 τυχῶν
610 986 684 1038 μὲν
710 985 833 1036 ἄλλος
855 987 896 1029 ἓν
916 986 1094 1044 τοσαύτῃ
1114 984 1302 1043 συγχύσει

379 1051 432 1092 85
463 1051 536 1092 οὐκ
557 1050 607 1093 ἂν
627 1058 825 1110 κυβερνᾶν
842 1054 992 1113 ῥᾳδίως
1006 1055 1207 1110 ἠνέσχετο,

459 1117 554 1172 ὑμῖν
576 1121 620 1162 δὲ
641 1120 763 1170 δόξαν
783 1121 885 1163 ὥστε
902 1128 982 1163 πᾶν
1001 1123 1047 1164 τὸ
1072 1125 1252 1179 φορτίον,

458 1186 566 1243 εἴπερ
589 1189 793 1244 δυνηθῇς,
830 1189 924 1230 ἀντὶ
937 1187 1098 1231 πάντων
1114 1187 1336 1243 βαστάσαι,

458 1253 740 1311 ἀπηγόρευσας
759 1260 841 1299 τῶν
861 1261 1034 1299 σεαυτοῦ
1058 1258 1284 1314 φροντίδων

460 1324 527 1364 καὶ
549 1323 625 1373 σὰς
646 1324 782 1366 ἕποίου
806 1325 880 1375 τὰς
904 1323 1092 1367 ἁπάντων
1118 1326 1350 1383 φροντίδας.

374 1393 430 1432 90
457 1392 526 1432 καὶ
548 1390 741 1442 πολλάκις
760 1392 806 1435 τὸ
823 1392 940 1444 τόξον
958 1391 1123 1436 ἐντεῖναι
1140 1395 1277 1436 θέλων

457 1463 598 1512 βαλεῖν
619 1478 660 1503 τε
682 1460 757 1515 τὴν
776 1459 1018 1519 Χάρυβδιν,
1054 1465 1110 1512 εἷς
1129 1462 1203 1516 τὴν
1225 1460 1410 1518 Γοργόνα

461 1528 535 1581 τὴν
556 1528 794 1585 πετροποιὸν
816 1534 897 1572 τῶν
915 1535 1078 1572 θεατῶν
1102 1529 1236 1573 εῗκόνα

461 1597 654 1652 στραφεὶς
671 1598 834 1650 ἐπέσχες
858 1598 931 1652 τὴν
949 1598 1078 1652 βολὴν
1097 1598 1350 1654 ἦπειγμένην.

461 1665 529 1704 καὶ
549 1664 600 1718 δὴ
622 1665 715 1706 κατ’
740 1666 866 1721 αὐτῆς
886 1665 1193 1720 ἀντιβάλλοντες
1212 1667 1331 1720 βέλος

378 1733 432 1775 95
461 1731 682 1773 ἀνθεῖλκον
701 1731 810 1786 ὑμᾶς
830 1735 869 1775 οἳ
889 1733 1139 1791 φιλάρπαγες
1157 1733 1285 1776 λύκοι.

455 1797 592 1856 χρόνῳ
617 1801 661 1842 δὲ
681 1806 816 1858 μικρῷ
833 1807 1063 1858 συγκροτῶν
1084 1803 1308 1859 ἐκαρτέρεις

461 1869 561 1920 μιάν
582 1868 675 1910 κατ’
699 1869 833 1912 αὐτῶν
854 1872 1179 1927 τριπλοκίνδυνον
1199 1869 1348 1926 μάχην.

513 1935 622 1995 Ἐπεὶ
645 1937 834 1981 δὲταῦτα
856 1943 929 1994 τῆς
951 1937 1126 1995 ἀνάγκης
1148 1939 1200 1982 τὰ
1223 1941 1320 1996 ξίφη

335 2109 382 2144 94
406 2106 720 2155 ἇντιβοὶλλονταςί)
858 2114 904 2149 96
926 2112 1109 2158 ἑκατέρεις
1131 2113 1175 2148 ed

242 2270 344 2305 altrix
359 2268 477 2302 tacere
491 2267 649 2303 simulans
663 2270 886 2314 grassabatur
900 2270 1086 2305 clanculum
1098 2281 1110 2314 3
1135 2270 1218 2316 (75)
1240 2279 1308 2316 qua
1322 2281 1405 2304 vero
1419 2269 1590 2304 turmatim
1604 2276 1706 2304 ruen-

242 2320 297 2350 tes
313 2313 439 2355 sclavi,
464 2317 502 2347 ut
516 2314 597 2359 lupi,
622 2315 720 2349 simul
736 2320 860 2351 terram
876 2317 1061 2350 miscebant
1076 2321 1111 2351 et
1125 2328 1219 2351 mare
1229 2342 1240 2358 ‚
1265 2328 1307 2350 ac
1322 2316 1526 2361 exipsorum
1542 2315 1706 2360 sanguine

242 2358 469 2395 contaminata
483 2360 574 2393 unda
590 2361 656 2394 vim
672 2372 772 2406 passa
785 2362 892 2396 fiebat
905 2363 1019 2397 rubra.
1043 2363 1162 2408 procul
1178 2369 1303 2402 autem,
1318 2366 1478 2407 tanquam
1493 2361 1537 2395 ad
1552 2371 1708 2406 pugnan-

241 2407 323 2440 dum
338 2404 482 2449 aemula,
498 2405 577 2449 (80)
595 2406 692 2441 nobis
708 2413 827 2441 contra
840 2408 1064 2442 truculentior
1079 2413 1220 2454 aspectu
1235 2409 1380 2452 Gorgon
1395 2411 1450 2441 est
1463 2407 1598 2441 obiecta
1611 2407 1708 2440 Gor-

239 2463 331 2496 gone
347 2450 475 2486 Persei.
498 2456 534 2484 et
549 2451 615 2485 iam
630 2452 807 2486 universus
823 2454 915 2488 orbis
931 2458 1008 2488 crat
1023 2456 1256 2494 conturbatus,
1270 2458 1306 2487 te
1320 2464 1403 2488 vero
1417 2453 1460 2486 ad
1475 2452 1597 2486 bellum
1613 2452 1708 2486 exire
1724 2472 1728 2481 ι

239 2501 317 2531 emt
333 2495 530 2532 necessitas,
577 2497 665 2532 alter
691 2499 836 2533 fortasse
858 2499 893 2533 in
917 2504 1012 2533 tanta
1033 2507 1145 2534 'rerum
1161 2499 1360 2534 confusione
1380 2498 1463 2544 (85)
1489 2496 1578 2532 haud
1603 2497 1707 2538 facile

240 2543 306 2577 boc
320 2546 427 2577 totum
442 2543 632 2585 gubernare
645 2544 820 2580 valuisset.
865 2546 930 2579 tibi
945 2557 1029 2580 vero
1045 2546 1165 2588 visum,
1190 2545 1282 2591 quod
1295 2544 1398 2579 totius
1413 2543 1525 2578 oneris
1540 2543 1707 2577 sarcinam

241 2599 342 2634 quam
357 2589 445 2623 belle
460 2599 579 2632 posses
593 2594 730 2634 gestare
752 2602 815 2635 pro
831 2591 994 2626 omnibus.
1042 2595 1114 2626 tum
1139 2591 1312 2625 valedicto
1336 2589 1404 2623 tuis
1426 2588 1707 2623 sollicitudinibus

241 2637 319 2668 tuus
341 2633 488 2669 effecisti
511 2634 656 2670 omnium
681 2636 935 2672 sollicitudines.
984 2638 1067 2681 (90)
1090 2649 1131 2672 ac
1145 2648 1250 2682 saepe
1264 2635 1367 2669 telum
1383 2645 1458 2669 cum
1473 2634 1578 2669 velles
1592 2634 1708 2668 inten-

241 2679 326 2714 dere
337 2704 349 2721 ‚
371 2684 408 2714 et
424 2681 631 2724 Charybdim
644 2681 679 2715 in
695 2682 893 2726 Gorgonem
908 2683 1085 2717 immittere
1095 2707 1107 2725 ,
1129 2683 1308 2726 imaginem
1325 2685 1514 2715 vertentem
1531 2682 1707 2725 spectato-

243 2735 298 2759 res
313 2724 348 2759 in
362 2725 395 2759 la
419 2725 502 2768 ides,
527 2738 708 2762 conversus
725 2728 906 2763 cohibuisti
919 2733 1109 2763 contortum
1123 2728 1281 2763 iaculum.
1316 2727 1442 2772 quippe
1456 2726 1493 2760 in
1506 2726 1613 2771 ipsam
1627 2723 1706 2758 mit-

243 2774 357 2805 tentes
378 2783 400 2805 a
412 2772 446 2806 ia
470 2784 513 2807 ex
528 2778 625 2819 purte
640 2773 772 2819 spicula
794 2774 876 2818 (95)
892 2778 928 2808 te
949 2778 1168 2809 retraxerunt
1193 2773 1266 2819 lupi
1287 2771 1506 2819 rapacissimi.
1553 2780 1595 2805 nc
1610 2769 1706 2804 brevi

244 2817 390 2852 futurum
402 2818 485 2853 haec
493 2819 600 2855 auimo
607 2831 750 2856 versans
765 2820 879 2856 dixisti
892 2831 992 2856 unum
1006 2820 1043 2855 in
1057 2820 1150 2866 ipsos
1162 2819 1298 2861 bellum,
1319 2818 1382 2853 sed
1399 2816 1540 2863 triplicis
1551 2815 1704 2862 periculi.
