1838 3210
527 178 862 224 DESCRIPTIO
889 180 935 223 S.
961 178 1210 223 SOPHIAE.
1528 178 1592 223 95

140 296 221 334 τῶν
242 291 540 347 γυναικωνίτων
559 290 725 360 Codino.
781 291 930 329 Paulus
949 290 1198 329 silentiarius
1217 287 1267 327 de
1287 286 1429 328 iisdem
1447 295 1548 340 part.
1573 291 1592 329 1

142 365 179 389 v.
208 351 313 392 256-

360 400 510 445 ἐνθᾶὅε
528 402 761 457 θηλυτέρων
775 398 960 457 ’ὑπερώϊα
975 399 1076 442 καλοὶ
1093 398 1268 454 νοήσεις.

146 469 186 500 et
202 468 303 513 part.
321 463 347 501 2
370 459 531 502 v.125-

363 517 464 557 ἕνθα
479 516 714 570 γυναικείων
733 511 998 565 ἀναφαίνεται
1021 513 1132 555 ἔνὸια
1149 512 1310 555 θάκων.

146 571 418 611 catechumeni
437 571 631 624 Sophiani
652 573 835 609 meminit
854 579 1056 623 praeterea
1074 573 1251 622 Ignatius
1275 571 1438 608 Diacon.
1457 570 1499 607 in
1517 570 1598 607 vita

144 629 355 681 Nicephori
388 637 489 681 patr.
510 630 586 667 ΟΡ.
604 642 646 666 n.
668 631 740 677 69,
770 627 951 680 illudque
980 625 1047 669 τὸν
1074 630 1148 667 τοῦ
1172 629 1356 681 μεγίστου
1381 624 1460 666 veno*
1489 628 1601 678 περί-

145 699 296 727 πυστον
314 683 608 737 κατἠχούμενον
628 691 756 722 vocat.
815 692 856 722 at
875 686 1034 736 sequior
1058 685 1222 722 Graecia
1242 691 1450 735 utramque
1472 684 1601 734 porti-

146 757 237 781 cum
261 743 487 780 inferiorem
515 749 553 779 et
579 743 823 792 superiorem
847 740 1220 779 catechumenorum
1242 742 1403 778 nomine
1426 739 1599 787 donavit,

144 807 189 837 ut
206 798 407 837 advertere
426 805 485 836 est
502 811 554 835 ex
570 799 781 848 Anonymo
801 796 850 834 de
867 799 984 835 Locis
1007 798 1202 835 Hierosol.
1225 810 1257 835 c.
1279 801 1300 838 l
1326 803 1365 834 et
1385 796 1568 834 Codino
1556 809 1601 833 m

144 858 279 893 Descr.
310 856 352 894 S.
379 853 573 906 Sophiae,
606 855 676 919 qui
694 854 900 891 inferiores
922 851 969 892 τοὶ
992 868 1132 904 πρωτα
1153 850 1452 904 κατηχούμενα,
1479 866 1602 904 supe-

146 914 266 950 riores
287 908 451 964 δεύτερα
468 924 743 961 κατηχουμενα
759 916 982 960 nuncupat,
1011 910 1072 946 uti
1094 922 1211 960 supra
1234 922 1256 946 a
1277 910 1391 947 nobis
1414 910 1601 946 observa-

144 976 244 1006 tum.
302 975 488 1019 utraque,
518 967 683 1004 inferior
704 967 853 1003 scilicet
874 973 912 1003 et
932 968 1129 1016 superior,
1159 978 1355 1003 marmore
1382 967 1601 1003 coruscanti

145 1033 266 1063 strata
295 1026 554 1075 conspicitur,
584 1029 630 1061 ut
661 1029 718 1060 est
743 1024 787 1059 in
813 1024 1018 1060 Itinerario
1038 1024 1087 1060 D.
1116 1021 1164 1060 de
1184 1023 1421 1072 Saligniaco.
1480 1035 1603 1073 supe-

145 1083 266 1120 riores
289 1094 382 1119 vero
402 1082 444 1118 in
462 1078 565 1118 tholi
584 1078 750 1116 modum
773 1086 992 1117 cameratae
1015 1086 1120 1117 sunt.
1178 1078 1429 1117 silentiarius
1454 1086 1557 1130 part.
1579 1083 1600 1120 1

143 1153 183 1177 v.
211 1139 315 1179 257:

362 1194 491 1244 σχῆμα
509 1187 637 1233 θόλου
657 1190 896 1243 φορέουσιν,
925 1188 950 1232 ὃ
968 1186 1128 1232 νειόθεν
1148 1190 1253 1232 ἔστιν
1271 1191 1443 1232 ἰδέσθαι.

144 1253 200 1289 ita
221 1250 328 1288 enim
346 1247 588 1287 restituenda
603 1249 745 1285 lacuna
766 1262 819 1286 ex
835 1250 1049 1315 Procopio,
1080 1249 1149 1285 ubi
1165 1251 1247 1299 agit
1265 1248 1314 1286 de
1335 1249 1603 1299 superioribus

144 1307 381 1360 porticibus:
423 1304 491 1345 καὶ
524 1300 663 1352 αὐταῖς
693 1302 723 1352 ἦ
755 1301 888 1357 ὄροφη
917 1302 1055 1352 θόλος.
1112 1306 1154 1341 in
1187 1304 1353 1342 modum
1378 1303 1518 1356 scyphi
1543 1311 1605 1342 te-

145 1363 364 1402 studinatas
404 1361 525 1398 habet
561 1362 819 1412 Anonymus:
862 1358 1134 1429 οἷνεγείραντες
1163 1360 1206 1401 δὲ
1235 1358 1307 1431 τρὶς
1339 1357 1494 1412 οἷψῖὸας
1524 1364 1607 1400 τῶν

144 1414 363 1472 ὑπερῴων,
391 1420 473 1457 τοῖν
499 1432 540 1457 τε
567 1418 710 1465 δεξιων
729 1417 798 1457 καὶ
820 1421 903 1458 τοῖν
927 1413 1170 1469 εὕωνυμων,
1201 1417 1268 1457 καὶ
1295 1413 1439 1465 ταύτας
1459 1413 1607 1457 σκεπό-

146 1490 285 1523 σαντες
316 1487 516 1523 σκυφικας
545 1469 713 1522 ἀψῖδας.
769 1474 838 1511 ubi
871 1486 1071 1524 σκυφικας
1089 1472 1199 1511 idem
1218 1475 1323 1525 valet
1344 1487 1388 1511 ac
1409 1475 1606 1526 κυμβαλι-

145 1530 244 1582 κός,
275 1529 415 1583 scyphi
441 1536 508 1566 aut
533 1529 706 1580 cymbali
724 1530 862 1567 instar.
919 1531 1167 1580 superiorum
1192 1532 1358 1568 istarum
1380 1533 1606 1581 porticuum

145 1588 450 1627 intercolumnia
468 1586 613 1637 pluteis
630 1587 864 1622 muniuntur
878 1587 1123 1633 marmoreis,
1153 1587 1243 1623 altis
1263 1593 1450 1638 quattuor
1468 1586 1604 1638 pedes,

146 1646 289 1699 quibus
315 1643 589 1681 incumbentes
610 1640 757 1679 vident
781 1643 1011 1679 interiorem
1038 1641 1148 1680 aedis
1171 1650 1351 1693 partem,
1380 1650 1463 1680 tam
1479 1645 1605 1680 infer-

146 1715 241 1741 nam
263 1713 384 1753 quam
405 1711 630 1750 supernam.
688 1699 836 1736 Paulus
858 1699 1107 1737 Silentiarius
1126 1706 1227 1750 part.
1251 1700 1274 1739 1
1298 1713 1338 1737 v.
1357 1702 1463 1742 263·

360 1751 493 1799 πάντα
514 1754 554 1794 δὲ
576 1755 830 1795 Θεσσαλικοῖο
849 1756 1053 1806 μεταίχμια
1071 1755 1207 1803 κίονος
1226 1751 1329 1808 ἄνηρ

361 1810 535 1857 λαϊνέοις
554 1809 755 1877 ἔφραξεν’
738 1811 980 1862 ερείσμασιν,
1011 1811 1113 1851 ἔνθα
1128 1814 1331 1852 κλιθεῖσαι

366 1862 610 1919 ἔργοπόνους
627 1862 810 1918 ἀγκῶνας
830 1867 1085 1918 ἐπηρείσαντο
1103 1871 1302 1919 γυναῖκες.

147 1925 212 1964 his
238 1931 502 1963 consentanea
529 1921 650 1959 habet
674 1923 892 1972 Euagrius,
924 1922 972 1959 de
997 1924 1185 1960 lateribus
1206 1920 1456 1959 merifflonali
1480 1929 1519 1959 et
1539 1936 1605 1960 se-

145 1981 399 2035 ptentrionali
428 1981 503 2020 τοῦ
531 1980 636 2019 ναοῦ
662 1979 861 2017 scribens:
890 1975 1054 2033 ὑπερῷα
1075 1994 1116 2019 τε
1136 1980 1434 2045 μετεωρίζουσιν
1460 1977 1606 2030 ἑτέροις

145 2038 439 2104 παραπλησίοις
465 2037 592 2084 κίοσι,
619 2032 860 2085 προκύπτειν
889 2040 970 2082 τοῖς
997 2035 1254 2087 βουλομένοις
1285 2031 1463 2083 διδόντες
1491 2034 1531 2082 ἐς
1557 2033 1606 2074 τοὶ

145 2091 374 2144 τελούμενα.
433 2090 482 2129 de
517 2091 713 2130 similibus
742 2093 889 2143 pluteis
915 2093 1156 2143 interpositis
1183 2093 1240 2130 sic
1265 2091 1478 2140 Paulinus,
1510 2090 1604 2129 dum

148 2153 230 2204 agit
251 2150 299 2188 de
320 2144 535 2201 porticibus
555 2149 667 2186 atrii.

363 2205 435 2243 secl
451 2205 707 2242 circumiectis
725 2205 767 2241 in
778 2203 1001 2254 porticibus
1019 2205 1192 2254 spatiari

365 2263 479 2312 copia
499 2261 618 2312 larga
637 2260 785 2306 subest,
813 2262 1126 2312 interpositisque
1146 2260 1352 2298 columnas

366 2318 554 2355 cancellis
565 2318 700 2368 fissos
720 2317 955 2354 incumbere.

149 2372 258 2427 quod
279 2386 372 2412 vero
396 2376 450 2411 ait
472 2376 689 2425 Euagrius,
718 2374 862 2424 pluteis
884 2373 1201 2411 incumbentibus
1217 2372 1452 2410 mulieribus
1472 2369 1607 2408 divina

150 2430 340 2468 sacrificia
358 2432 502 2468 intueri
520 2432 678 2468 licuisse
689 2460 698 2477 ‚
730 2429 772 2467 id
789 2429 1096 2481 intelligendum
1115 2436 1174 2467 est
1192 2429 1240 2467 de
1257 2430 1344 2467 loco
1363 2428 1544 2467 sacrificii
1562 2441 1607 2465 ac

151 2487 329 2524 bemate:
359 2500 454 2524 nam
482 2486 578 2524 dum
605 2485 708 2524 illud
735 2488 1015 2537 peragebatur,
1046 2488 1180 2525 velum
1208 2488 1341 2524 statim
1363 2485 1413 2523 ad
1435 2487 1609 2522 interco-

152 2544 303 2580 lumnia
333 2543 644 2591 subducebatur,
673 2556 803 2594 neque
831 2545 879 2581 iis
909 2545 1037 2594 capita
1069 2551 1137 2581 aut
1165 2543 1300 2580 oculos
1322 2541 1373 2580 ad
1393 2542 1463 2578 illa
1479 2541 1608 2591 inspi-

155 2598 292 2635 cienda
323 2602 548 2650 promittere
579 2600 651 2637 sub
681 2598 942 2637 anathematis
969 2613 1098 2651 poena
1127 2601 1187 2636 fas
1218 2606 1313 2636 erat.
1370 2597 1415 2635 id
1444 2599 1606 2635 omnino

155 2655 341 2705 colligere
363 2663 422 2694 est
438 2670 491 2693 ex
506 2658 595 2694 Vita
617 2657 660 2694 S.
678 2657 841 2704 Basilii,
873 2669 974 2709 quae
999 2653 1279 2707 Amphilochio
1302 2655 1507 2700 tribuitur,
1540 2654 1606 2704 qui

153 2713 251 2748 ritus
276 2711 383 2749 illius
409 2719 544 2749 auctor
566 2713 688 2750 fuisse
708 2712 875 2750 videtur.
933 2726 1027 2750 nam
1052 2726 1143 2749 cum
1167 2712 1444 2748 mulierculam
1472 2711 1607 2759 impu-

155 2766 242 2804 dice
262 2767 338 2804 sibi
358 2767 669 2806 subministranti
689 2767 853 2806 diacono
877 2775 1115 2806 annuentem
1129 2798 1139 2818 ,
1170 2767 1267 2805 dum
1284 2767 1333 2804 de
1354 2764 1606 2804 catechume—

154 2825 231 2861 niis
250 2825 290 2859 in
311 2823 431 2860 altare
452 2826 712 2875 prospiceret,
743 2824 997 2874 advertisset,
1027 2825 1116 2864 vela
1140 2826 1183 2862 in
1206 2821 1511 2864 catechumenus
1532 2833 1605 2871 ap·-

1624 1191 1653 1224 P
1679 1191 1744 1227 551
