1890 3224
548 162 816 207 PERSIGAE
848 162 1119 206 ACROASIN
1151 161 1204 205 Π.
1513 163 1603 208 111

155 276 247 323 δίας
273 267 351 316 οὔκ
375 268 490 328 εὗρεν
508 272 564 314 ἔτι
585 271 858 326 ἐντεταμένας,
891 268 983 314 ἄλλ’
1004 269 1086 314 ὑπὸ
1109 273 1302 325 χειμῶνος
1317 269 1607 324 διαλελυμένας.

155 331 380 371 Herodotus
390 346 438 382 Ρ.
462 329 558 371 497.

267 391 363 430 338.
420 387 624 425 Heraclius
635 415 646 435 ,
675 393 719 423 ut
735 399 788 424 ex
802 385 938 424 Pisida
955 386 1198 436 colligImus,
1227 397 1318 422 cum
1332 397 1355 422 a
1370 385 1458 422 loco
1474 383 1607 423 dimo-

157 446 279 483 visset
304 445 514 494 barbaros,
553 442 705 481 aditum
734 443 810 481 sibi
838 449 941 480 certe
971 443 1139 490 fecerat,
1169 448 1214 479 ut
1248 443 1283 479 si
1305 442 1447 490 vellet,
1476 449 1611 493 posset

157 502 327 551 intrare,
371 500 464 550 sed,
506 506 552 538 ut
582 498 761 549 videtur,
803 512 850 537 eo
888 512 991 537 anno
1020 512 1102 537 non
1130 499 1305 537 intravit.
1361 497 1453 537 vide
1487 513 1612 549 supra

158 571 197 596 v.
219 560 316 601 261.

269 613 366 655 345.
423 611 692 664 Theophanes
706 628 750 665 Ρ.
773 611 876 655 255:
909 610 1112 665 φοβηθεὶς
1139 610 1184 652 δὲ
1210 607 1265 680 μὴ
1296 609 1363 652 δια
1383 614 1456 663 τῆς
1470 607 1613 680 ’Aemi-

159 671 249 719 νίας
275 671 333 718 εἰς
360 685 434 723 την
464 671 643 723 Περσίδα
671 667 693 711 ὁ
721 666 907 736 βασιλευς
934 667 1129 721 εἰσβαλών
1155 665 1305 721 ταύτην
1330 665 1506 724 ταραξῃ,
1537 683 1615 708 ουκ

160 724 263 779 εἶχεν
279 724 351 768 τόν
367 726 512 767 ἑαυτοῦ
528 723 718 780 λογισμὸν
736 721 952 779 βεβηκότα,
982 742 1003 767 o
1020 740 1059 765 τι
1073 721 1226 792 δράσω.
1282 725 1389 762 unde
1406 725 1614 763 confirma-

160 791 224 821 tur
250 785 479 821 Heraclium
505 783 715 821 nondum
704 797 747 820 111
766 781 1004 820 Persidem
992 784 1203 833 irrupisse,
1234 781 1305 820 sed
1320 784 1505 820 timorem
1522 789 1615 819 tan—

160 847 248 877 tum
270 842 464 878 iniectum
488 840 612 878 fuisse
635 840 833 888 barbaris,
862 851 914 876 ne
934 841 967 877 si
988 853 1030 877 se
1051 838 1145 876 inde
1164 846 1368 878 moverent
1389 846 1428 877 et
1449 841 1493 876 in
1516 840 1615 877 cili-

162 899 266 934 ciam
293 903 568 946 excurrerent,
597 898 813 947 imperator
839 902 973 933 contra
1002 897 1136 933 statim
1159 909 1232 947 per
1251 897 1503 946 Armeniam,
1536 909 1615 949 qua

162 953 322 1005 patebat
340 952 469 991 aditus
481 982 492 1002 ‚
520 954 564 990 in
578 952 786 990 Persidem
803 959 1037 1003 penetraret.

273 1010 371 1052 350.
429 1008 662 1059 similitudo,
691 1016 735 1047 ut
756 1010 909 1060 opinor,
938 1008 1146 1060 desumpta
1163 1022 1216 1046 ex
1232 1007 1418 1047 machina
1437 1010 1616 1058 militari,

161 1079 263 1118 quae
284 1080 434 1118 onager
457 1066 673 1104 dicebatur.
731 1078 925 1116 onagrum
948 1064 1134 1103 describit
1156 1067 1393 1104 Ammianus
1414 1067 1617 1104 Marcelli-

161 1136 237 1160 nus
257 1125 311 1163 23
341 1122 391 1168 43
433 1131 555 1171 quem
581 1131 604 1155 a
630 1122 836 1168 scorpione
862 1120 965 1154 1111111
989 1121 1147 1155 differre
1165 1123 1312 1159 statuit.
1371 1129 1411 1158 at
1432 1124 1618 1173 Vegetius

162 1179 189 1221 4
217 1180 274 1220 22
302 1189 497 1227 onagrum
515 1188 538 1212 a
557 1176 762 1226 scorp10ne
785 1173 1012 1225 distinguit,
1043 1173 1172 1226 deque
1191 1176 1274 1213 eius
1295 1177 1337 1213 vi
1355 1175 1455 1215 haec
1472 1178 1594 1218 habet
1606 1192 1619 1217 ε

162 1248 311 1286 onager
329 1234 469 1284 dirigit
484 1231 655 1282 lapides,
684 1230 755 1268 sed
764 1245 842 1281 pro
858 1244 1068 1268 nervorum
1084 1231 1343 1269 crassitudine
1362 1241 1398 1270 et
1414 1237 1621 1287 magnitu-

163 1291 256 1328 dine
282 1302 468 1327 saxorum
491 1288 674 1339 pondera
689 1287 930 1324 ,iaculatur-.-
970 1299 1067 1325 nam
1103 1295 1252 1340 quanto
1281 1289 1455 1340 amplior
1468 1292 1621 1342 suerit,

164 1354 273 1384 tanto
300 1347 454 1384 maiora
479 1359 578 1383 Saxa
590 1344 787 1396 fulminis
811 1358 917 1381 more
941 1351 1179 1396 contorquet.
1242 1342 1409 1394 ὕστατος
1431 1350 1625 1387 vertimus

164 1403 378 1441 titubanter
399 1403 555 1453 positas
584 1415 638 1439 ex
666 1400 827 1439 laudato
857 1402 1089 1439 Marcellino
1117 1400 1173 1442 24
1201 1399 1251 1451 4,
1295 1403 1365 1440 ubi
1392 1404 1537 1442 iterum
1573 1405 1624 1443 de

166 1473 314 1511 onagro
346 1471 570 1498 sermonem
587 1459 772 1496 instituit.
829 1464 869 1495 at
888 1460 923 1496 si
941 1459 1029 1510 quis
1047 1471 1130 1496 non
1147 1456 1201 1495 ad
1218 1471 1411 1510 onagrum
1428 1468 1495 1499 aut
1514 1476 1625 1501 scor-

165 1519 349 1569 pionem,
378 1515 450 1554 sed
476 1514 529 1553 ad
561 1528 659 1553 saxa
691 1528 792 1567 quae
820 1527 874 1552 ex
898 1514 1005 1553 edito
1034 1515 1122 1553 1000
1152 1513 1480 1567 demittebantur,
1509 1520 1624 1558 malit

164 1580 344 1612 nostrum
367 1573 613 1624 respexisse,
642 1585 715 1623 per
734 1585 800 1608 me
819 1584 914 1609 sane
935 1572 1082 1612 licebit.
1138 1573 1306 1610 memini
1327 1575 1435 1611 enim
1453 1575 1625 1614 eundem

166 1631 376 1682 Vegetium
391 1628 418 1670 4
447 1631 473 1670 8
503 1628 657 1666 dicere:
687 1629 865 1665 maxima
891 1642 991 1666 saxa
1008 1628 1203 1679 pondere,
1221 1629 1441 1682 formaque
1459 1632 1627 1670 volubili

167 1689 212 1724 in
230 1685 551 1738 propugnaculis
575 1685 828 1736 digeruntur,
857 1691 904 1721 ut
923 1685 1094 1721 demissa
1105 1698 1182 1734 per
1189 1699 1383 1736 praeceps
1401 1702 1480 1726 non
1496 1689 1624 1729 solam

167 1744 339 1782 obruant
358 1742 583 1787 subeuntes,
612 1741 683 1778 secl
699 1741 818 1777 etiam
836 1741 1161 1778 machinamenta
1179 1742 1360 1794 consrinb
1345 1751 1452 1781 «rant.

281 1797 378 1841 357.
435 1800 580 1836 Persae
593 1795 758 1835 tandem
759 1798 890 1863 sequi
906 1797 1134 1834 Heraclium
1152 1805 1359 1848 coguntur.
1405 1799 1626 1854 Theopha—

169 1870 241 1895 nes
268 1855 344 1893 loe.
379 1856 444 1892 cit.
477 1851 586 1906 ὅμως
610 1848 871 1906 η’ναγκασθαι
901 1849 1145 1894 ἀκολουθεῖν
1175 1849 1302 1894 ὀπίσω
1333 1858 1408 1895 τοῦ
1434 1855 1626 1910 Ῥωμαίου

170 1926 353 1979 στρατου.
407 1910 545 1949 Pisida
572 1909 729 1948 videtur
756 1908 1065 1980 Xenophontem
1085 1910 1252 1960 legisse:
1282 1913 1338 1948 ita
1358 1913 1464 1950 enim
1484 1913 1550 1953 1110
1571 1918 1626 1954 ait

167 1966 361 2022 Ἀναβασ.
385 1967 455 2005 lib.
479 1970 505 2009 3
522 1982 569 2018 p.
598 1968 699 2009 157·
730 1962 807 2006 οὔκ
836 1962 889 2006 ὄῖν
916 1981 991 2007 ουν
1014 1963 1264 2034 θαυμαζοιμι
1297 1967 1335 2008 εἰ
1359 1969 1402 2009 οἷ
1429 1971 1625 2023 πολέμιοι,

172 2024 305 2078 ὥσπερ
335 2024 377 2066 οἱ
404 2024 525 2065 δειλοὶ
550 2037 691 2074 κυνες,
719 2038 814 2071 τους
845 2021 917 2074 μὲν
939 2019 1164 2088 παριόντας
1189 2019 1383 2065 διώκουσί
1402 2041 1443 2066 τε
1462 2027 1531 2068 καὶ
1552 2027 1627 2070 δα-

171 2094 352 2130 κνουσιν,
379 2078 433 2133 ἢν
454 2076 666 2129 δύνωνται,
695 2094 792 2127 τους
813 2078 856 2119 δὲ
876 2075 1094 2128 διώκοντας
1111 2076 1343 2134 φεύγουσιν,
1374 2082 1494 2124 εἶκαὶ
1510 2081 1626 2127 αὕτοι

171 2139 271 2193 ημῖν
291 2134 483 2179 απιοῦσιν
499 2133 829 2178 ἔπακολούθοιεν.

287 2198 382 2237 364.
437 2191 593 2246 κλοπην
617 2196 828 2231 Persarum
854 2200 1018 2231 conatus
1046 2194 1242 2246 appellat,
1283 2193 1391 2247 quod
1421 2197 1483 2234 illi
1507 2206 1628 2237 noctu

174 2254 373 2290 Romanos
404 2250 569 2302 aggredi
596 2252 827 2302 cogitarent.
883 2252 967 2288 Leo
997 2251 1095 2302 imp.
1126 2251 1179 2291 14
1207 2254 1235 2292 7
1255 2266 1304 2302 p
1337 2253 1417 2293 181
1452 2252 1628 2293 hostium

175 2306 491 2347 machinationes
521 2306 658 2345 odiosa
681 2308 946 2374 appellatione
968 2309 1195 2360 σοφίσματα
1212 2315 1436 2360 nuncupat,
1468 2319 1512 2349 ut
1534 2320 1630 2364 puto

177 2379 231 2411 ex
253 2363 454 2403 Herodoto
466 2394 478 2413 ,
513 2365 582 2416 qui
599 2377 717 2415 saepe
736 2365 987 2402 inimicorum
1010 2365 1236 2416 σοφίσματα
1255 2364 1323 2405 καὶ
1344 2381 1526 2417 μηχανας
1543 2383 1631 2407 me—

177 2429 319 2460 morat.
364 2428 403 2459 at
419 2422 453 2459 si
472 2419 693 2458 audiendus
710 2427 768 2458 est
786 2420 1076 2458 eruditissimus
1093 2422 1320 2459 Br1ssonius
1337 2422 1410 2459 lib.
1430 2427 1486 2465 3·
1475 2439 1518 2462 m
1533 2429 1633 2464 Per-

179 2492 312 2517 sarum
330 2479 482 2516 animos
501 2479 619 2530 plane
634 2490 715 2514 non
733 2476 897 2515 cadebat
915 2477 1016 2514 illud
1031 2479 1317 2528 Virgilianum:
1347 2478 1463 2518 dolas
1481 2497 1536 2519 an
1552 2485 1633 2521 vir-

182 2543 261 2581 tus,
304 2537 392 2586 quis
421 2537 464 2572 in
492 2535 601 2572 hoste
626 2534 832 2585 requirat?
887 2541 1022 2585 aperto
1056 2536 1163 2571 enim
1192 2537 1341 2582 Marte,
1373 2537 1448 2586 ait,
1478 2537 1636 2577 hostem

180 2590 484 2642 opprimendum
515 2591 728 2643 putabant,
760 2604 806 2628 ac
836 2597 950 2641 turpe
973 2604 1133 2642 prorsus
1162 2591 1451 2631 arbitrabantur
1467 2609 1552 2633 esse
1573 2597 1636 2634 vi-

182 2649 346 2685 ctoriam
365 2648 500 2688 furari.
560 2646 837 2686 consuetudini
860 2654 992 2684 autem
1010 2654 1048 2684 et
1062 2649 1201 2698 patriis
1218 2646 1458 2688 Parthorum
1478 2653 1636 2690 institu-

183 2706 233 2741 tis
260 2704 435 2740 alienum
465 2705 587 2742 fuisse
618 2712 735 2741 noctu
766 2705 956 2741 dimicare
984 2703 1104 2741 tradit
1134 2702 1371 2742 Plutarchus
1403 2709 1447 2745 in
1479 2709 1631 2746 Crasso.

182 2773 305 2812 quare
338 2760 514 2798 veterem
546 2762 659 2798 illam
694 2763 904 2798 Persarum
935 2761 1150 2798 militarem
1180 2759 1431 2813 disciplinam
1460 2771 1636 2815 tempore

182 2817 354 2855 Heraclii
371 2829 531 2867 prorsus
550 2818 672 2856 fuisse
690 2819 940 2855 immutatam
958 2816 1172 2855 dicendum
1188 2823 1258 2857 est.
