1890 3224
275 169 345 216 70
590 148 989 213 xNICEPHoRUs
1018 168 1371 214 'GPOLITANUS

219 287 251 322 C
275 279 482 342 φρούριον
501 282 546 324 τὸ
578 278 788 337 λεγόμενον
806 279 1045 335 ”Πο·όζαντις
1066 281 1195 324 ἇπιὼν
1213 281 1541 338 ἐγκατακλείεται.
1611 283 1730 325 Κων-

274 356 479 400 σταντῖνος
501 351 545 392 δὲ
568 347 795 407 ἀπόμοιραν
823 352 878 401 εἷς
908 353 1042 402 δίωξιν
1065 351 1189 394 αὐτοῦ
1213 351 1425 405 ἐκπέμψας
1446 348 1567 392 αὐτόν
1587 367 1629 392 τε
1644 368 1731 405 χει-

275 425 438 478 ροῧται,
477 419 545 460 καὶ
577 417 651 460 σὺν
671 419 755 469 τοῖς
774 416 898 462 υἱέσιν
920 420 1046 462 αὐτοῦ
1070 417 1278 474 δεσμώτας
1307 420 1368 461 ἐπὶ
1397 418 1550 474 ἀγῶνος
1569 418 1730 468 ἱππικοῦ

274 490 402 531 ἕλκων
420 485 675 544 θριαμβεύει.
745 487 792 530 οὗ
806 488 914 545 ,πολὺ
934 490 985 531 ’δὲ
1003 488 1048 531 τὸ
1076 490 1117 531 ἐν
1137 488 1261 545 με’σῳ,
1296 489 1363 530 καὶ
1388 488 1585 538 Σισίννιος
1608 485 1629 529 ὃ
1648 504 1730 529 πα-

274 557 425 613 τρίκιος
449 556 668 612 τυραννίδα
699 555 900 613 ἐφωράθη
927 557 1031 599 κατὰ
1052 557 1358 599 ’Κωνσταντίνου
1383 554 1624 610 μελετήσας,
1659 555 1764 612 ἐφ’ὃ

274 619 591 682 ᾗδιαγνωσθεὶς
612 623 706 674 τοὺς
728 624 974 681 ὀφθαλμοὺς
996 624 1239 668 ἐκκόπτεται.
1306 625 1408 680 μετὰ
1439 628 1569 668 ταῦτα
1601 625 1645 667 δὲ
1665 626 1734 666 καὶ

270 692 519 751 Ἀρτάβαζος
538 694 603 734 καὶ
622 693 659 734 οἳ
682 693 806 735 αὐτοῦ
827 694 909 736 υἱοὶ
929 698 980 750 τῇ
1002 694 1104 751 αὐτῇ
1120 694 1292 752 τιμωρίᾳ
1311 693 1553 750 ᾗκίσθησαν.

415 764 560 803 Ταῦτα
581 760 686 803 οὕτω
704 761 756 803 τὰ
773 766 846 817 τῆς
864 763 970 812 ἰδίας
988 762 1116 819 ἀρχῆς
1136 764 1295 812 διαθεὶς
1313 763 1617 812 Κωνσταντῖνος
1631 759 1734 815 μετὰ

271 827 421 886 χρόνον
456 830 503 871 οὗ
540 829 666 872 πολὺν
700 831 805 872 κατὰ
837 830 910 886 τὴν
932 829 1073 888 χώραν
1097 826 1347 887 Σαρακηνῶν
1366 828 1638 887 ἐκστρατεύει,
1679 822 1736 871 ὧν

279 895 359 940 εἷλε
377 896 495 940 πόλιν
512 899 553 939 Γ
549 899 801 954 ερμανίκειαν
818 903 890 954 τῆς
907 900 1197 956 Εὐφρατησιάς
1212 897 1366 956 χώρας.
1459 919 1463 923 ·
1746 899 1792 936 10

224 968 256 1003 D
281 963 351 997 **
365 964 393 997 *
418 968 485 1008 καὶ
507 968 609 1008 καθ’
636 966 707 1016 οὓς
726 965 875 1018 τόπους
895 966 940 1010 τὸ
960 968 1213 1025 φθοροποιὸν
1237 965 1428 1024 ἐπεφύετο
1452 964 1602 1018 πάθος,
1629 964 1738 1009 ἅπαν

278 1033 509 1090 ἀνθρώπων
537 1035 648 1090 γένος
677 1034 957 1089 ἐπινεμόμενον
992 1035 1163 1078 διώλλυέ
1192 1052 1234 1077 τε
1264 1037 1330 1077 καὶ
1360 1034 1490 1092 ἄρδην
1514 1033 1738 1091 ἐξηφάνιζε.

235 1111 242 1133 ’ν
279 1101 458 1157 διεσώθη
489 1102 532 1144 δ’
565 1101 614 1144 ἄν
640 1119 701 1153 τις
728 1104 826 1162 θείᾳ
846 1101 1005 1154 πάντως
1025 1101 1236 1156 βουλήσει,
1273 1101 1382 1153 ὅστις
1410 1101 1465 1152 ὧς
1489 1101 1738 1160 πορρωτάτω

277 1169 432 1213 τούτων
452 1174 533 1212 τῶν
550 1175 698 1226 χωρῶν
719 1171 889 1228 ἀπέδρα.
958 1171 1170 1213 ἐπετείνετο
1195 1172 1238 1213 δέ
1261 1171 1311 1212 τὰ
1332 1175 1404 1225 τῆς
1429 1174 1596 1228 φθορᾶς
1616 1169 1740 1224 μάλι-

280 1256 357 1280 στα
381 1239 471 1295 περὶ
491 1237 536 1280 τὸ
557 1237 791 1289 Βυζάντιον.
860 1236 1052 1296 τεράστια
1084 1238 1126 1280 δ’
1159 1234 1229 1281 οὗν
1257 1240 1323 1281 καὶ
1353 1240 1522 1292 δείματα
1555 1239 1739 1294 ἐξαπίνης
1751 1239 1794 1277 15

281 1307 465 1363 ἐφαίνετο
477 1319 489 1330 ·
515 1304 633 1347 τύποι
654 1308 924 1363 σταυροειδεΐς
935 1305 976 1348 ἵν
988 1323 1030 1349 τε
1048 1314 1136 1358 ταῖς
1154 1311 1235 1349 τῶν
1252 1306 1481 1364 ἀνθρώπων
1496 1311 1659 1358 στολαῖς
1673 1309 1742 1350 καὶ

281 1379 363 1417 τῶν
394 1375 511 1431 ἱερῶν
538 1374 784 1429 ἐσθημάτων
805 1375 1083 1427 ἐπανέτελλον,
1116 1382 1205 1426 ταῖς
1225 1375 1377 1432 θύραις
1402 1392 1444 1418 τε
1463 1373 1657 1428 ὡσαύτως
1673 1378 1742 1420 καὶ

282 1449 367 1492 τοῖς
384 1447 463 1485 τῶν
483 1446 625 1499 θυρῶν
644 1447 868 1497 σταθμοῖς,
905 1443 932 1485 ιῖ
961 1444 1011 1499 δὴ
1043 1442 1266 1501 φαινόμενα
1297 1445 1446 1502 φρίκην
1476 1443 1653 1500 μεγάλην
1674 1445 1742 1487 καὶ

283 1510 454 1567 ἀπορίαν
469 1515 592 1553 πᾶσιν
608 1512 797 1554 ἐνέτικτεν
816 1510 871 1562 ὡς
886 1517 1137 1569 παραχρῆμα
1155 1513 1225 1555 τὸν
1244 1511 1416 1569 ὄλεθρον
1433 1512 1639 1567 μηνύοντα
1655 1512 1742 1556 ἔσε-

285 1582 403 1621 σθαι..
436 1578 568 1635 ὥσπερ
592 1579 635 1620 δὲ
657 1577 906 1634 ἐξεστηκότες
926 1586 981 1637 τῷ
1006 1581 1083 1622 δέει
1107 1581 1145 1622 οἱ
1169 1580 1380 1635 ἄνθρωποι
1402 1583 1468 1622 καὶ
1494 1580 1799 1637 φαντασιοῦ-Ξθ

167 1646 197 1681 Ρ
220 1648 263 1684 41
281 1650 394 1700 ’μενοι
415 1645 582 1689 ἐδόκουν
600 1644 735 1697 αὖτοῖς
757 1645 812 1696 ὡς
833 1647 959 1697 ξένοις
980 1649 1058 1690 τισὶ
1082 1646 1306 1690 συνοδεύειν
1333 1650 1400 1690 καὶ
1430 1639 1648 1703 εἷδεχθέσιν
1667 1649 1741 1691 ἀν-

283 1712 489 1771 θρώποις,
523 1716 590 1756 καὶ
613 1712 697 1757 εἶτα
719 1712 774 1764 ὥς
791 1715 1017 1771 γνωρίμους
1038 1717 1164 1770 δῆθεν
1181 1722 1265 1765 τοῖς
1286 1715 1566 1772 ἐντυγχάνουσι
1585 1732 1743 1774 προσαω

283 1781 535 1840 γορεύοντες,
570 1783 637 1824 καὶ
657 1782 709 1825 τὰ
725 1782 827 1840 πρὸς
847 1782 922 1838 τὴν
941 1781 1036 1826 ὁδὸν
1055 1782 1286 1839 ὧμιλημένα
1308 1783 1458 1842 ἑτέροις
1476 1784 1611 1828 ἔπειτα
1631 1785 1744 1844 ἀφη-

136 1966 171 1989 a.
196 1955 264 1992 743
287 1955 459 2000 quoddam
486 1955 682 2000 castellum,
717 1955 812 2000 quod
836 1954 1001 1990 Pusantis
1030 1955 1179 2000 dicitur,
1211 1966 1252 1991 se
1275 1955 1430 1991 coniicit.
1479 1956 1744 2002 Constantinus,

286 2000 392 2035 missa
414 2001 460 2035 ad
482 2013 558 2035 eum
582 2002 860 2046 persequendum
883 2001 1059 2035 exercitus
1081 2006 1201 2046 parte,
1225 2008 1400 2047 postremo
1418 2002 1595 2037 redactum
1617 2003 1654 2036 in
1677 2015 1743 2048 po-

287 2052 450 2080 testatem
469 2057 543 2080 cum
564 2047 645 2081 filiis
666 2047 803 2081 vinctos
823 2058 941 2081 omnes
963 2047 1188 2082 Circensibus
1210 2047 1300 2081 ludis
1324 2047 1459 2081 solenni
1478 2059 1603 2093 pompa
1623 2049 1745 2082 tradu-

288 2091 349 2126 cit.
398 2103 463 2126 nec
484 2092 589 2126 multo
613 2097 695 2138 post
711 2092 887 2128 Sisinnius
910 2092 1079 2138 patricius
1101 2093 1351 2127 coniurationis
1369 2093 1407 2127 in
1421 2093 1686 2128 Constantinum
1703 2099 1747 2129 et

287 2138 474 2172 affectatae
495 2138 692 2182 tyrannidis
715 2139 896 2173 convictus
918 2138 1027 2174 oculis
1050 2139 1209 2184 privatus
1232 2143 1300 2173 est.
1347 2140 1468 2173 eadem
1490 2150 1605 2184 poena
1624 2139 1663 2173 in
1675 2138 1744 2174 Ar-

287 2185 449 2218 tabazum
474 2189 510 2218 et
535 2184 627 2218 filios
651 2184 865 2218 decernitur.

378 2229 482 2263 Hunc
504 2229 541 2263 in
561 2230 699 2263 modum
719 2229 919 2264 constitutis
941 2229 1046 2264 rebus
1069 2228 1226 2275 imperii,
1264 2228 1515 2264 Constantinus
1538 2229 1640 2275 paulo
1690 2233 1747 2265 ost

285 2274 324 2309 in
347 2275 600 2310 Saracenorum
623 2275 711 2309 fines
735 2275 991 2320 expeditionem
1013 2275 1099 2320 agit.
1156 2276 1200 2310 ab
1225 2274 1280 2309 his
1301 2275 1556 2310 Germaniciam
1578 2242 1745 2321 Rupera-

287 2321 401 2355 tesiae
421 2320 625 2366 provinciae
646 2321 766 2354 urbem
790 2321 898 2365 capit.

140 2379 174 2402 a.
197 2368 266 2405 747
288 2366 307 2385 *¹
322 2366 340 2385 *
355 2366 374 2385 *
389 2378 430 2401 ac
448 2367 573 2412 quibus
595 2365 633 2399 in
653 2365 738 2400 locis
762 2366 964 2411 pestilentia
983 2370 1142 2411 grassata
1162 2370 1227 2410 est,
1250 2365 1424 2401 hominum
1447 2378 1547 2401 omne
1567 2377 1676 2411 genus
1701 2366 1747 2401 ad

287 2412 560 2447 internecionem
580 2411 766 2446 exstinxit=
798 2412 901 2466 pauci
931 2414 1102 2447 duntaxat
1133 2412 1252 2447 divino
1283 2412 1455 2447 beneficio
1488 2411 1621 2446 servati
1653 2417 1746 2456 sunt,

290 2458 350 2502 qui
369 2470 470 2503 quam
490 2458 691 2503 longissime
715 2469 758 2491 ex
781 2457 835 2491 his
858 2457 944 2493 locis
962 2463 1196 2493 recesserunt.
1243 2458 1432 2505 praecipue
1454 2469 1540 2492 vero
1564 2457 1667 2503 Cpoli
1690 2457 1747 2492 vis

289 2503 350 2537 illa
371 2504 483 2538 morbi
508 2503 650 2538 saeviit.
696 2514 761 2549 per
778 2514 879 2548 quam
904 2509 1042 2540 ostenta
1065 2505 1234 2550 quaedam
1255 2516 1298 2538 ac
1320 2503 1480 2550 prodigia
1501 2508 1649 2549 repente
1670 2503 1749 2537 visa

290 2553 392 2590 sunt;
431 2554 466 2583 et
492 2550 606 2584 crucis
633 2549 771 2594 effigies
796 2550 922 2594 partim
948 2550 985 2584 in
1014 2550 1162 2595 privatis
1188 2550 1360 2584 hominum
1382 2549 1538 2583 vestibus
1561 2548 1686 2595 partim
1708 2548 1748 2583 in

291 2594 400 2628 sacris
419 2595 594 2640 apparuit,
617 2596 806 2641 eademque
827 2595 863 2629 in
880 2596 992 2630 ianuis
1017 2608 1057 2630 ac
1080 2595 1237 2641 postibus
1262 2601 1461 2641 conspecta.
1494 2595 1621 2640 quibus
1640 2595 1747 2629 rebus

289 2639 444 2685 perculsi
477 2652 519 2674 ac
557 2641 770 2676 consternati
810 2641 982 2676 hominum
1019 2642 1125 2676 animi
1161 2642 1204 2676 ad
1242 2641 1475 2675 imminentem
1519 2641 1650 2675 cladem
1690 2643 1746 2675 at-

290 2696 359 2730 que
390 2686 533 2721 exitium
561 2687 740 2731 pertinere
770 2698 838 2721 non
869 2688 1088 2723 dubitabant.
1140 2692 1238 2723 tanta
1259 2698 1345 2722 vero
1369 2686 1517 2722 terroris
1546 2685 1747 2731 magnitudo

289 2731 360 2766 fuit
391 2735 430 2766 ut
457 2744 481 2767 a
509 2733 670 2767 sensibus
703 2732 848 2768 alienati
877 2733 993 2769 varias
1025 2733 1092 2768 sibi
1124 2733 1261 2780 species
1293 2738 1398 2779 atque
1422 2732 1590 2777 imagines
1615 2730 1748 2774 offerri,

291 2787 400 2822 seque
431 2789 507 2813 cum
537 2778 735 2823 peregrinis
767 2783 804 2814 et
834 2779 1048 2816 deformibus
1079 2778 1274 2815 hominibus
1298 2779 1368 2814 iter
1387 2779 1507 2814 facere
1536 2782 1572 2813 et
1599 2775 1750 2821 colloqui

289 2827 474 2868 putarem
497 2834 586 2871 quos
609 2825 669 2860 ubi
692 2830 854 2871 tanquam
880 2830 981 2860 notos
1006 2826 1074 2862 sibi
1095 2825 1347 2871 salutaverant,
1371 2830 1494 2872 atque(
1512 2829 1553 2859 ut
1572 2822 1678 2859 moris
1697 2826 1753 2857 est
