1890 3224
252 263 383 295 xxxu
869 251 1101 305 QUERCII

250 371 365 403 tuunt
380 395 390 414 ,
427 345 527 418 tluae
547 363 671 402 codici
696 355 862 420 scriptor
879 363 1085 414 apposuit,
1129 361 1239 415 quod
1255 363 1421 400 fortasse
1447 361 1570 400 vellet
1597 360 1709 397 eoin

251 433 350 471 libro
372 433 568 486 quaedam
588 445 638 469 ex
659 431 808 484 Cyrillo
829 437 868 468 et
888 429 1025 468 Pisida
1044 431 1190 468 selecta
1209 430 1491 477 transcribere3
1520 428 1599 465 nisi
1618 439 1707 465 lna·-

252 501 302 537 lis
325 499 432 537 hunc
449 501 611 537 titulum
631 501 766 538 statim
785 499 928 536 {iecisse
948 499 1050 536 libro
1071 511 1117 536 eo
1141 500 1234 551 quia
1261 497 1310 536 de
1330 500 1581 535 Hexaemero
1601 495 1706 532 Pisi-

253 566 326 603 dae
348 566 555 605 scribendo
574 568 748 619 primum
770 567 1022 618 cogitaverit3
1042 579 1132 604 cum
1152 573 1287 604 autem
1306 579 1360 603 ex
1377 562 1590 611 codicibus,
1606 573 1705 614 quos

248 633 420 672 habebat
446 645 541 686 prae
566 636 771 684 manibus,
809 633 962 672 videret
988 633 1109 672 modo
1134 635 1304 684 Georgio
1331 631 1453 671 modo
1473 637 1608 669 autem
1624 630 1704 681 cy-

246 702 335 738 rillo
347 700 450 738 illud
461 703 635 751 attribui,
652 702 799 740 idcirco
820 708 1034 754 utrumque
1052 701 1200 739 nomen
1218 700 1277 737 ibi
1298 704 1402 737 recte
1423 699 1570 756 apponi
1588 709 1705 749 posse

245 767 419 806 duxerit.
475 782 581 821 <quae
612 768 758 807 deinde
785 777 1004 822 sequuntur
1021 770 1163 818 verba,
1207 768 1252 805 S.
1274 768 1414 806 Patris
1443 766 1586 818 Gyriui
1600 765 1705 802 Bre—
1763 818 1766 823 ἱ

244 837 417 873 viariam
437 843 507 873 ecc.
519 865 531 881 ‚
572 836 623 874 ad
652 836 872 874 secundum
891 837 1055 875 titulum
1074 842 1286 889 spectant,
1316 836 1358 872 in
1377 847 1457 887 quo
1481 847 1572 871 cmn
1591 830 1704 869 nulla

244 905 413 956 amplius
431 904 499 941 fiat
521 903 680 943 Pisidae
704 906 877 954 mentio,
915 904 1008 943 inde
1030 905 1073 942 fit
1087 903 1346 941 manifestum
1367 900 1471 939 illud
1489 900 1703 938 chronicon

243 971 295 1008 ad
316 970 488 1009 eundem
505 973 682 1011 Pisidam
698 975 932 1027 neutiquam
948 973 1144 1025 pertinere
1156 1001 1166 1021 ,
1197 983 1318 1024 quem
1339 970 1382 1007 in
1398 975 1554 1021 partem
1571 967 1702 1019 operis

198 1079 203 1085 ,
240 1052 321 1076 non
350 1046 465 1076 vocat
490 1039 599 1077 idem
627 1043 806 1093 scriptor.
863 1055 937 1079 nee
958 1040 1068 1079 rudis
1092 1041 1161 1078 ille
1183 1038 1424 1086 versiculus,
1468 1037 1539 1089 qui
1561 1041 1700 1087 postea

240 1105 437 1155 succedit,
469 1114 527 1144 est
545 1107 718 1158 Pisidae,
749 1107 821 1148 sed
840 1110 1107 1156 amanuensis,
1142 1107 1212 1159 qui
1231 1108 1274 1144 in
1291 1106 1421 1142 fronte
1435 1104 1528 1141 libri
1545 1103 1701 1140 monuit

238 1173 451 1211 chronicon
475 1174 528 1211 ab
553 1175 717 1213 Adamo
743 1177 934 1214 exordiri.-
976 1177 1111 1215 statim
1141 1176 1250 1212 enim
1278 1173 1418 1224 incipit
1455 1171 1581 1222 igitzu·
1605 1182 1700 1206 cum

237 1240 427 1279 Adamas
441 1243 587 1279 eiectas
609 1251 706 1281 esset
726 1257 746 1280 e
756 1245 951 1294 paradiso
971 1251 1065 1290 etc„
1106 1256 1207 1295 quae
1228 1247 1364 1278 tamen
1383 1239 1503 1277 verba
1523 1235 1699 1275 chronici

236 1306 389 1359 aliquid
417 1306 554 1347 deesse
584 1311 625 1346 in
651 1311 844 1362 principio
867 1310 1152 1350 demonstrant.
1209 1322 1343 1347 nonne
1360 1309 1470 1345 enim
1489 1313 1604 1343 antea
1624 1303 1699 1355 def

234 1375 319 1412 buit
336 1388 421 1413 esse
441 1389 572 1414 sermo
593 1375 642 1414 de
661 1380 858 1416 creatione
876 1377 1052 1416 Adami?
1085 1376 1195 1430 quod
1214 1383 1349 1414 autem
1370 1374 1423 1412 ad
1439 1375 1482 1413 S.
1503 1373 1696 1426 cyrillum

232 1443 392 1491 attinet,
430 1445 496 1480 cui
525 1443 739 1482 chronicon
762 1444 1025 1495 adscribitur,
1064 1446 1124 1483 nil
1142 1443 1273 1482 habeo
1296 1441 1407 1481 aliud
1423 1439 1530 1495 quod
1551 1439 1694 1488 dicam,

230 1511 308 1548 nisi
334 1517 484 1548 temere
514 1510 590 1549 hoc
616 1514 789 1551 nominis
816 1514 873 1551 ibi
892 1527 918 1551 >a
939 1515 1127 1565 scriptore
1145 1513 1268 1550 fuisse
1286 1511 1505 1549 effictum?
1530 1520 1626 1546 nam
1649 1514 1694 1544 ut

228 1577 396 1627 videtur,
427 1577 503 1616 hoc
529 1578 743 1617 chronicon
764 1578 873 1632 quod
894 1580 937 1618 S.
961 1581 1101 1632 eyrilli
1124 1578 1280 1628 dicitur,
1307 1591 1389 1616 non
1407 1583 1467 1615 est
1490 1575 1693 1614 diversum

228 1645 277 1682 ab
300 1659 346 1682 eo
365 1645 472 1698 quod
491 1659 514 1683 a
535 1647 792 1697 Du-Cangio
812 1649 855 1684 in
867 1648 1044 1690 ‚Di-esen.
1069 1647 1118 1684 de
1133 1646 1344 1684 Hebdomo
1362 1645 1422 1683 ad
1437 1644 1589 1683 calcem
1601 1651 1686 1682 not,

227 1714 271 1750 in
294 1713 514 1759 Zonaram,
553 1720 596 1751 ut
617 1727 864 1766 anonymum
888 1716 947 1751 ita
974 1715 1205 1767 frequenter
1229 1715 1448 1765 allegatur,
1479 1712 1691 1750 chronicon

226 1793 286 1817 ms
307 1780 360 1817 ab
376 1780 541 1818 Adamo
557 1782 616 1819 ad
630 1783 801 1820 Leonem
823 1783 1066 1833 Sapientem.
1128 1781 1201 1820 sed
1221 1780 1288 1819 hic
1312 1781 1507 1832 Cyrillum
1521 1780 1581 1823 nil
1597 1792 1689 1818 mcv

226 1860 301 1896 ror,
335 1861 380 1885 ac
401 1846 450 1886 de
467 1848 604 1886 Pisida
624 1847 781 1887 tantum
801 1851 993 1888 sollicitus
1006 1848 1056 1888 'id
1071 1856 1218 1898 statuo,
1248 1850 1424 1901 primum
1440 1848 1594 1885 nullam
1612 1859 1689 1886 au-

225 1916 444 1953 ctoritatem
459 1916 715 1954 tribuendam
733 1930 819 1956 esse
838 1915 958 1956 huius
973 1916 1120 1956 codicis
1136 1918 1266 1966 titulo,
1289 1915 1433 1954 deinde
1446 1928 1542 1954 vero
1557 1927 1687 1967 quan-

223 1994 345 2034 quam
365 1982 487 2021 fidem
507 1987 543 2022 ei
566 1984 741 2023 dandam
762 1999 847 2023 esse
869 1986 959 2038 quis
978 1992 1169 2034 autumet,
1197 1985 1317 2023 nullo
1331 1982 1452 2022 modo
1472 1996 1526 2020 ex
1543 1995 1591 2020 eo
1612 1981 1686 2021 dc·
1747 2004 1752 2005 ν

167 2048 170 2051 ’
222 2048 314 2087 duci
335 2063 453 2101 posse
473 2051 653 2090 Pisidam
681 2066 767 2091 esse
792 2054 876 2091 eius
900 2052 1082 2091 chronici
1106 2058 1331 2099 auctorem,
1366 2049 1477 2103 quod
1490 2063 1583 2089 vere
1602 2051 1685 2102 Cy-

220 2118 308 2154 rillo
325 2123 481 2155 tantum
501 2120 741 2158 inscribitur.
798 2118 899 2157 haec
928 2128 1064 2158 autem
1089 2117 1191 2157 mihi
1219 2118 1355 2169 paullo
1385 2118 1514 2156 fusius
1539 2118 1685 2169 expla-

218 2183 351 2220 nanda
374 2192 497 2233 erant,
529 2194 572 2224 ut
589 2186 746 2225 Radero
764 2200 1023 2236 occurrerem,
1049 2184 1171 2241 quem
1185 2199 1305 2238 supra
1325 2185 1499 2225 vidimus
1519 2198 1573 2223 ex
1594 2187 1682 2237 epi-

218 2249 369 2302 graphe
398 2251 544 2291 codicis
564 2255 768 2306 Augustae
796 2255 838 2291 in
867 2255 1036 2305 collegio
1062 2255 1228 2292 Annaeo
1258 2254 1462 2307 quondam
1487 2255 1681 2292 exstantis

220 2318 268 2356 ab
295 2318 556 2358 adscribendo
587 2319 800 2359 chronicon
818 2320 977 2359 Pisidae
1007 2335 1089 2359 non
1115 2323 1239 2361 fuis-se
1260 2323 1462 2370 alienum3
1496 2320 1680 2374 quando-

220 2385 405 2438 quidem,
443 2390 486 2425 ni
514 2388 632 2426 fallor
646 2418 656 2436 ‚
696 2387 827 2426 codex
849 2402 971 2441 quem
988 2391 1192 2441 Augustae
1210 2390 1312 2428 vidit
1334 2389 1532 2438 Raderus,
1568 2387 1679 2426 idem

218 2454 286 2491 ille
306 2461 365 2492 est
382 2467 503 2506 quem
518 2462 675 2507 apertae
693 2456 878 2494 falsitatis
894 2457 935 2493 in
945 2457 1061 2495 titulo
1078 2470 1208 2510 nuper
1228 2460 1444 2510 arguimus,
1460 2470 1513 2495 ex
1529 2457 1676 2494 biblio-

218 2519 332 2558 theca
347 2521 511 2561 Davidjs
529 2522 756 2562 Hoeschelii
775 2524 870 2561 civis
887 2525 1123 2576 Augustani,
1145 2524 1198 2563 ad
1219 2538 1339 2578 quem
1361 2531 1475 2562 antea
1494 2519 1675 2563 Nesselib

219 2595 257 2625 et
275 2590 535 2629 Reimmanno
553 2593 718 2630 testibus
740 2592 983 2642 pertinebat,
1023 2594 1067 2630 in
1085 2593 1369 2631 bibliothecam
1388 2591 1674 2631 vindobonen-

218 2669 322 2704 sem,
360 2665 404 2694 ut
425 2657 602 2707 videtur,
647 2666 783 2711 postea
805 2662 1032 2699 translatus.
1091 2659 1163 2699 sed
1189 2667 1234 2698 ut
1261 2659 1361 2698 haee
1382 2659 1513 2699 adhuc
1530 2661 1673 2699 clarius

217 2725 462 2763 innotescant
474 2755 484 2774 ,
528 2739 609 2764 non
632 2729 812 2765 omittam
828 2726 871 2766 id
891 2727 1007 2781 quod·
1018 2728 1271 2767 doctissimus
1291 2729 1612 2766 montfauconius
1628 2729 1672 2766 in

216 2793 393 2845 catalogo
414 2793 676 2833 bibliothecae
699 2796 964 2834 coislinianae
995 2795 1199 2835 adnotavit
1227 2795 1279 2834 ad
1296 2796 1474 2835 codicem
1494 2797 1612 2845 305,
1627 2798 1669 2833 in

216 2873 294 2911 quo
314 2859 481 2900 habetur
500 2860 712 2901 chronicon
734 2863 941 2903 cuiusdam
957 2863 1333 2917 Georgiimonachi,
1349 2867 1417 2918 qui
1433 2878 1475 2903 se
1484 2866 1671 2904 Hamar-
