1890 3224
766 159 1084 208 PRAEFATIO.
1538 173 1649 212 xxm.

201 266 257 315 εἰς
270 263 502 321 Ἡράκλειον
518 265 589 309 τόν
605 266 769 321 βασιλέα
785 268 854 310 καὶ
874 270 932 319 εἰς
945 267 1016 312 τόν
1032 267 1133 314 κατὰ
1148 271 1318 323 Περσῶν
1334 265 1515 322 πόλεμον.
1543 271 1648 309 unde
1690 286 1695 290 -

199 336 330 386 magis
348 336 412 384 fit
443 336 654 374 verisimile
687 338 886 388 scripsisse
915 340 1033 378 etiam
1060 338 1245 377 Pisidam
1274 339 1492 377 encomium
1506 339 1562 382 ‚in
1599 339 1643 375 S.

199 403 468 443 Anasta-vium
486 411 698 455 martyrem
707 404 979 455 sortis-simum
997 413 1117 459 atque
1132 406 1489 447 celebratissimum.

313 474 378 515 10.
434 468 735 525 Ἐπιγροὶμματα
754 472 823 515 καὶ
843 469 1171 527 ἆποσπασμάτια,
1201 475 1488 526 epcssgrammata
1507 473 1648 524 etsra-

194 547 376 591 gmenta,
404 553 507 592 quae
528 540 654 578 multo
677 539 807 583 studio
833 547 871 578 et
893 538 1099 591 diligentia
1115 555 1170 580 ex
1186 543 1298 580 libris
1318 553 1408 582 cum
1429 538 1544 578 editis
1562 546 1647 577 tum

197 607 357 647 ineditis
389 608 645 658 collegimus,
676 614 721 645 ut
747 605 883 647 videre
913 615 972 646 est
995 609 1039 645 in
1060 608 1295 650 fineznihil
1328 609 1436 650 enim
1453 606 1520 647 hic
1538 609 1648 646 iuvat

196 682 373 727 repetere
395 689 442 718 ea
459 688 560 728 quae
579 675 675 714 alibi
693 675 821 713 fusius
842 676 1025 726 exposita
1049 689 1095 714 ac
1113 683 1346 728 pertractata
1364 681 1469 717 sunt.

308 745 417 785 Haec
449 745 584 796 itaque
621 750 713 781 sunt
741 741 907 783 indubia
942 756 1063 795 opera
1095 744 1274 793 Pisidae,
1314 756 1415 796 quae
1442 755 1568 796 usque
1597 741 1648 781 ad

195 809 304 848 hunc
330 810 438 852 diem
468 811 584 851 nobis
614 810 755 860 obtigit
772 811 944 861 reperire
966 824 1012 848 ac
1029 819 1184 863 reperta
1203 812 1381 862 vulgare.
1436 809 1509 851 sed
1527 823 1580 848 ex
1598 811 1648 848 iis

195 878 274 918 alia
300 879 434 928 ipsum
461 878 664 929 scripsisse
693 879 948 916 coniicimus:
978 892 1071 916 cum
1093 880 1201 916 enim
1218 879 1321 916 inter
1335 878 1559 928 fragmenta
1577 890 1647 915 oc-

194 952 352 982 currant
364 945 499 996 plures
519 946 664 995 iambi,
695 946 764 998 qui
783 946 827 985 in
845 947 1049 984 recensitis
1067 946 1266 998 opusculis
1284 958 1365 986 non
1380 945 1647 992 inveniuntur,

194 1010 248 1053 ad
274 1012 451 1064 aliquem
481 1012 733 1065 deperditum
761 1013 946 1051 libellum
973 1026 1039 1052 eos
1069 1013 1267 1063 pertinere
1293 1013 1550 1052 manifestum
1574 1018 1647 1051 est·

192 1067 245 1122 id*
259 1087 392 1121 autem
408 1082 495 1132 ipse
511 1079 648 1118 Pisida
667 1094 738 1118 suo
757 1081 983 1119 testimonio
1001 1079 1159 1120 videtur
1176 1079 1406 1119 confirmare
1421 1094 1433 1119 ε
1462 1083 1518 1120 ait
1540 1084 1647 1122 enim

191 1147 364 1189 Acroas,
385 1151 411 1190 3
442 1151 520 1191 381
551 1149 599 1187 de
617 1149 772 1199 Exped.
804 1146 913 1202 ’ὅμως
930 1147 974 1189 δὲ
990 1150 1120 1203 μικρῷ
1136 1147 1205 1189 καὶ
1222 1144 1484 1204 βραχυδρόμῳ
1502 1145 1649 1201 σκάφει

191 1213 266 1268 τήν
281 1213 362 1269 σήν
376 1212 581 1259 θάλατταν
603 1216 774 1270 ἐκπερᾶν
792 1214 1022 1269 εἰθισμένος
1040 1212 1220 1269 ἥμαρτον
1239 1212 1359 1256 οὐδὲν
1377 1211 1432 1268 μή
1458 1212 1648 1257 διαπλεύ-

191 1295 264 1331 σας
287 1280 396 1335 Ιὅλην.
453 1286 489 1326 si
516 1291 651 1326 autem
679 1291 860 1325 assuetus
881 1290 965 1321 erat
985 1285 1029 1320 in
1047 1285 1276 1322 Heraclium
1293 1296 1501 1322 excurrere
1520 1285 1648 1338 μικρῷ

190 1347 337 1401 σκάφει
345 1379 357 1399 ,
384 1348 462 1388 hoc
493 1359 554 1390 est
586 1353 720 1403 parvis
752 1352 962 1403 poematiis
996 1349 1046 1388 de
1072 1364 1118 1389 eo
1147 1352 1338 1401 scribere,
1366 1351 1542 1402 profecto
1567 1350 1647 1389 alia

189 1420 272 1457 iam
304 1417 503 1468 ediderat,
533 1425 748 1471 antequam
775 1417 895 1456 hasce
924 1431 1103 1456 acroases
1131 1419 1326 1469 vulgaret.
1384 1417 1456 1456 sed
1488 1418 1645 1460 nullum

189 1488 275 1524 eius
297 1493 428 1524 exstat
445 1499 566 1537 opus,
596 1485 705 1538 quod
722 1499 900 1525 acroases
919 1488 1027 1537 ipsas
1048 1487 1325 1537 praecesserit:
1354 1486 1476 1536 igitur
1495 1486 1528 1524 si
1548 1483 1646 1537 quid

187 1556 368 1606 scripsit,
400 1552 651 1605 deperditum
680 1560 753 1593 est.
811 1554 908 1606 quin
936 1555 1057 1590 etiam
1082 1554 1126 1593 in
1152 1552 1346 1595 Abaricis
1373 1566 1411 1590 ν.
1433 1555 1515 1593 307
1534 1553 1644 1603 pacis

187 1630 366 1674 tempore
382 1635 425 1660 se
443 1622 558 1673 plura
576 1620 774 1658 dicturum
790 1621 1003 1671 pollicetur
1018 1619 1068 1657 de
1084 1621 1206 1671 gestis
1225 1620 1412 1658 Heraclii.
1452 1618 1524 1658 sed
1539 1632 1641 1671 quae
1663 1634 1698 1668 p.
1714 1621 1816 1658 XXII

186 1699 278 1743 post
298 1703 440 1742 pacem
458 1701 550 1726 cum
565 1689 697 1726 Persis
717 1690 912 1726 sancitam
931 1686 1076 1736 edidit,
1108 1695 1200 1726 sunt
1218 1692 1403 1739 poemata
1422 1687 1465 1724 in
1480 1687 1646 1724 Hexae'-

184 1772 322 1796 meren
342 1765 381 1794 et
398 1758 443 1794 in
466 1756 672 1800 Severum,
704 1756 747 1791 111
764 1756 908 1806 quibus
929 1767 1055 1806 pauca
1073 1753 1292 1796 admodum
1307 1756 1464 1804 attingit
1488 1753 1538 1793 de
1560 1757 1645 1792 He-

186 1826 324 1863 raclio.
380 1835 512 1875 neque
539 1834 654 1859 sualn
681 1820 804 1858 fidem
828 1823 991 1858 omuino
1018 1822 1207 1858 liberasse
1234 1821 1413 1859 Pisidam
1436 1820 1584 1862 dixeris
1600 1824 1644 1862 in

184 1890 447 1930 Heracliade:
478 1890 660 1941 quamvis
682 1889 791 1925 enim
810 1901 857 1925 eo
875 1889 918 1925 in
940 1891 1123 1939 poemate
1147 1889 1280 1926 omnia
1300 1889 1547 1939 imperatoris
1568 1901 1642 1940 gea·

184 1967 246 1998 sta
275 1957 485 2009 complecti
513 1958 687 1995 voluisse
718 1955 923 2004 videatur,
955 1968 1076 2007 quam
1101 1955 1244 1997 leviter
1265 1962 1400 1992 tamen
1422 1969 1468 1994 ea
1487 1964 1643 2007 perna,

184 2029 300 2067 ctarit
332 2028 418 2077 ipse
451 2026 595 2073 sensit,
634 2036 680 2061 ac
708 2024 838 2062 fassus
870 2031 950 2072 est,
981 2022 1116 2060 dicens
1146 2024 1190 2059 111
1216 2022 1294 2059 fine
1317 2024 1476 2062 Acroas.
1506 2026 1527 2069 1
1557 2025 1641 2069 238

183 2109 318 2137 rerum
338 2094 451 2144 ,copia
474 2092 609 2143 urgeri
628 2104 674 2128 ac
692 2093 843 2142 premi,
874 2098 913 2133 et
929 2103 1058 2142 pauca
1076 2096 1233 2127 tantum
1251 2103 1272 2127 e
1291 2091 1428 2128 multis
1449 2089 1638 2139 delibare,

183 2163 311 2202 donec
334 2163 420 2213 ipse
449 2161 663 2211 imperator
687 2161 731 2197 in
759 2159 900 2198 urbem
927 2170 1107 2196 reversus
1134 2158 1360 2195 liberiorem
1389 2159 1425 2194 ei
1451 2158 1637 2209 praebeat

185 2229 345 2272 dicendi
360 2229 606 2271 facultatem,
662 2234 708 2265 ut
726 2228 848 2279 igitur
863 2233 998 2265 nostra
1015 2226 1093 2264 fert
1111 2226 1264 2276 opinio,
1294 2231 1451 2276 praeter
1468 2238 1515 2262 ea
1535 2237 1636 2277 quae

182 2313 288 2339 nunc
312 2295 507 2349 prodeunt
524 2297 567 2334 in
587 2297 719 2333 lucem
739 2307 859 2347 opera
877 2293 1035 2332 Pisidae
1049 2323 1060 2342 ,
1090 2293 1214 2330 alium
1236 2291 1436 2344 quendam
1453 2293 1636 2330 libellum

181 2368 354 2409 iambico
381 2371 508 2408 metro
529 2360 660 2416 ὥσπερ
681 2363 834 2409 &isthmo
853 2362 1053 2410 exaravit,
1083 2362 1126 2402 in
1145 2373 1224 2412 quo
1243 2374 1306 2398 res
1326 2361 1374 2402 ab
1395 2361 1578 2398 Heraclio
1591 2361 1633 2396 in

182 2437 341 2477 Oriente
360 2440 494 2484 gestae
511 2431 678 2471 fortasse
698 2431 916 2470 accuratius
933 2427 1275 2480 expendebantur.
1320 2441 1441 2480 quam
1456 2434 1632 2466 nostram

183 2502 420 2541 sententiam
447 2500 566 2537 etiam
592 2497 800 2537 Michaelis
827 2499 951 2537 Pselli
975 2498 1182 2535 auctoritas
1208 2495 1365 2534 videtur
1387 2497 1630 2542 confirmare,

183 2576 228 2608 ut
248 2567 399 2606 dicetur
418 2568 544 2616 infra,
573 2580 666 2605 cum
688 2565 737 2603 de
757 2567 848 2606 stilo
869 2563 1028 2603 Pisidae
1046 2578 1225 2615 agemus.

294 2637 408 2677 Nunc
430 2641 585 2683 autem,
615 2647 666 2671 an
685 2634 763 2671 alia
787 2635 908 2671 etiam
926 2634 1146 2684 scripserit,
1176 2630 1394 2670 videndum
1411 2637 1484 2669 est.
1541 2641 1634 2665 nam

182 2703 420 2741 Possevinus
443 2702 608 2754 quidem
629 2705 672 2740 in
691 2702 869 2753 catalogo
888 2715 971 2740 mss
992 2702 1233 2738 Graecorum
1253 2698 1305 2737 ad
1322 2700 1471 2738 calcem
1489 2703 1580 2732 tom.
1602 2697 1628 2734 3

182 2772 246 2811 sui
267 2769 506 2820 Apparatus
525 2772 580 2808 ait
599 2773 643 2808 iu
663 2768 904 2814 bibliotheca
929 2769 1188 2812 vallicellana
1210 2766 1411 2810 adservari
1435 2763 1626 2811 codicem,
