1890 3224
297 162 392 210 126
906 160 1132 205 PETAVII

291 271 452 324 pascha,
484 273 594 325 cyclo
617 270 712 309 solis
730 271 909 309 Romano
931 273 1007 320 22,
1036 271 1096 309 lit.
1113 272 1174 319 Α,
1216 277 1443 323 pentecoste
1460 284 1554 310 vero
1578 272 1742 322 11111114,

291 331 411 380 longe
430 337 519 380 post
539 331 590 369 12
610 329 719 364 Maii.
778 326 849 366 sed
873 341 1004 380 neque
1033 335 1123 365 ante
1141 326 1248 366 hunc
1271 341 1439 377 annum,
1468 335 1744 381 praeterquam

292 399 330 424 a.
355 386 454 433 642,
485 391 710 436 pentecoste
732 385 775 421 in
793 385 890 421 Maii
916 387 967 424 12
986 385 1172 432 incurrit,
1201 397 1333 437 neque
1350 391 1462 436 post,
1490 386 1570 422 nisi
1590 391 1744 423 tantum

292 455 329 480 a.
354 443 434 483 726
447 471 457 490 ,
502 447 547 478 ut
565 453 618 478 ex
640 439 773 478 Bedae
794 453 840 478 ac
858 442 1040 493 Dionysii
1062 442 1182 494 cyclis
1202 442 1418 492 intelliges.
1474 440 1640 492 proinde
1665 441 1745 480 fal-

291 511 381 537 sum
397 494 444 536 τά
464 496 652 549 γενέθλια
673 497 841 548 Cpoleos
867 499 909 534 in
937 498 1144 535 sabbatum
1173 505 1263 536 ante
1281 504 1535 550 pentecosten
1556 496 1745 547 incidere,

291 562 336 592 ut
371 555 509 592 asserit
538 554 639 592 falso
665 552 810 592 Sethus
833 554 1050 592 Calvisius:
1088 555 1238 607 alioqui
1261 553 1407 606 pascha
1430 554 1484 596 24
1504 555 1637 591 Martii
1660 566 1746 592 esse

291 610 441 659 debuit,
471 609 580 663 quod
603 617 661 648 est
682 609 1021 649 absurdissimum.
1054 610 1160 663 quod
1179 625 1271 649 vero
1293 610 1585 662 Theophanem
1602 617 1746 649 testem

287 668 490 716 nominat,
526 668 620 704 satis
643 665 750 719 quod
769 668 882 705 initio
907 666 1057 705 dictum
1074 674 1132 705 est
1149 667 1320 706 ostendit
1332 697 1342 717 ,
1381 669 1652 706 sse-oscitanter
1671 665 1746 704 ad-

288 722 454 762 modum
492 724 535 760 in
573 724 831 762 illustrissimi
862 725 1023 762 Baronii
1046 725 1286 773 Annalibus,
1331 737 1434 777 quae
1466 723 1744 775 chronologiae

289 781 399 818 illius
418 781 534 817 unica
555 793 668 831 seges
688 787 759 829 est,
791 781 1027 832 scriptorum
1045 781 1133 818 loca
1149 794 1389 832 percurrere.
1418 781 1502 818 illic
1526 781 1637 818 enim'
1651 780 1747 817 sab-

288 837 426 874 batum
445 837 567 874 fuisse
590 836 733 875 dicitur
757 839 867 875 cuius
883 836 1073 888 postridie
1091 844 1316 889 pentecoste
1339 838 1470 885 fuerit,
1504 835 1611 890 quod
1626 837 1747 874 etiam

288 895 466 931 Zonaras
485 906 530 930 ac
550 892 751 932 Oedi-enus
771 892 927 932 docent.
986 901 1160 932 ceterum
1174 893 1433 946 Theophanis
1450 895 1525 932 iste
1545 894 1655 931 locus
1672 894 1746 930 iis-

291 948 384 987 dem
403 951 446 986 iu
465 950 686 988 Annalibus
717 963 769 987 ex
787 951 965 988 Miscella
982 951 1216 1003 perobscure
1241 950 1416 988 redditus
1435 957 1507 988 est.
1565 951 1746 1000 circoque

291 1006 500 1053 natalicio,
527 1007 670 1058 inquit,
702 1020 793 1044 cam
810 1008 977 1045 Prasim'
994 1009 1189 1045 vicissent.
1247 1021 1322 1044 nec
1340 1009 1471 1044 minus
1491 1007 1641 1044 Graeca
1657 1007 1744 1056 ipsa

291 1063 498 1114 perplexa.
533 1075 700 1115 quorum
717 1070 852 1100 tamen
872 1077 1015 1105 sensus
1030 1071 1089 1101 est
1107 1065 1142 1101 is
1158 1076 1279 1115 quem
1301 1075 1354 1101 ex
1372 1061 1593 1114 Nicephoro
1609 1068 1744 1099 nostro

291 1120 537 1169 colligimus,
570 1120 694 1156 natali
710 1120 818 1157 urbis
841 1126 1022 1171 equestre
1045 1126 1243 1156 certamen
1262 1132 1348 1156 esse
1367 1121 1636 1156 commissum.
1674 1115 1747 1155 sed

290 1182 411 1227 quoto
433 1174 595 1211 demum
617 1186 720 1211 anno
746 1172 837 1210 data
855 1174 926 1211 illa
943 1174 1128 1211 natalicia
1149 1173 1267 1212 sunt?
1297 1175 1335 1213 si,
1352 1175 1460 1212 urbis
1478 1187 1520 1211 re
1540 1186 1634 1211 vera
1653 1173 1746 1210 fue-

289 1238 394 1279 runt,
429 1229 477 1268 de
499 1236 725 1281 pentecoste
739 1229 904 1277 falsum.
961 1229 1053 1267 vide
1075 1231 1197 1281 igitur
1218 1243 1268 1267 an
1288 1229 1503 1282 Philippici
1525 1231 1649 1281 ipsius
1668 1242 1745 1267 na-

288 1288 381 1325 talis
400 1285 483 1325 dies
503 1287 643 1334 fuerit,
683 1287 752 1338 qui
775 1299 866 1324 cum
881 1286 1033 1338 aliquot
1053 1285 1192 1325 diebus
1214 1294 1304 1339 post
1320 1288 1495 1324 natalem
1513 1287 1622 1324 urbis
1642 1286 1745 1323 11101-

290 1342 432 1392 disset‚
463 1344 567 1381 Iunii
586 1341 772 1381 videlicet
789 1344 836 1393 3,
867 1343 982 1381 ambo
1002 1344 1064 1381 illi
1083 1343 1168 1383 dies
1190 1345 1233 1381 in
1254 1356 1380 1381 unum
1397 1343 1445 1381 ab
1466 1342 1664 1382 historicis
1681 1349 1744 1381 te-

289 1412 398 1438 mere
419 1400 577 1438 conflati
600 1406 706 1438 sunt.

398 1503 439 1540 p·
460 1487 514 1530 55
534 1501 575 1528 v-
597 1488 662 1531 15.
693 1486 879 1543 δεύτερον
904 1487 1010 1538 ἔτος]
1037 1489 1186 1528 Paulus
1215 1489 1414 1530 Diaconus
1443 1501 1592 1527 annum
1618 1500 1745 1526 unum

286 1552 326 1583 et
355 1548 380 1587 6
408 1558 565 1583 menses
592 1544 817 1597 Philippico
847 1546 998 1584 tribuit.
1057 1547 1201 1598 reliqui
1227 1545 1325 1585 duos
1344 1559 1483 1584 annos.
1540 1547 1743 1583 Manasses

285 1600 420 1642 4108:
464 1601 556 1642 δυσὶ
587 1598 663 1655 γὰρ
694 1599 831 1654 μόνοις
859 1601 982 1643 ἔτεσιν
1011 1599 1196 1655 ἐγεύσατο
1225 1605 1300 1643 τοῦ
1329 1602 1510 1653 στέφους.
1567 1604 1743 1639 Zonaras

284 1664 442 1708 praeter
457 1670 582 1695 annos
604 1656 703 1696 duos
721 1658 873 1710 aliquot
892 1671 1049 1696 menses
1067 1657 1190 1695 addit.
1218 1657 1488 1710 Theophanes
1504 1670 1541 1696 a.
1559 1659 1600 1707 2,
1627 1670 1744 1695 men-

285 1727 350 1752 ses
369 1716 422 1770 92
470 1712 692 1752 chronicon
712 1715 851 1752 Cleric.
872 1727 908 1752 a.
926 1713 1106 1763 totidem,
1135 1728 1191 1752 m.
1212 1716 1252 1756 8.

401 1783 456 1830 ib.
480 1806 521 1831 v.
541 1795 607 1834 18.
662 1789 865 1847 Ἀρτέμιον
887 1792 1157 1845 Φιλιππικοῦ]
1182 1793 1460 1832 Constantinus
1480 1792 1605 1834 4113.

400 1884 442 1922 P·
462 1870 516 1913 56
536 1884 575 1910 V.
597 1871 663 1913 15.
693 1871 759 1912 ἐπὶ
776 1869 847 1913 τᾶν
871 1872 1041 1913 Φοίνικα
1061 1870 1394 1925 ναυπηγησίμοις]
1424 1870 1660 1923 depravatus
1678 1868 1745 1908 hic

288 1928 398 1965 locus
410 1957 420 1976 ,
452 1927 559 1979 quod
577 1929 898 1980 interpretatione
916 1930 1003 1980 ipsa
1021 1930 1244 1980 exprimere
1262 1927 1499 1966 studuimus.
1528 1941 1622 1966 vera
1637 1929 1745 1965 enim

290 1984 407 2021 lectio
430 1985 651 2034 genitivum
669 1985 895 2036 postulabat
913 1986 1242 2038 ναυπηγησίμων.
1301 1983 1480 2030 barbari,
1508 1985 1660 2037 inquit,
1689 1983 1749 2021 ad

290 2040 532 2077 caedendam
550 2042 757 2078 materiam
771 2041 958 2092 profecti.
1007 2054 1140 2110 quam
1164 2042 1376 2079 lectionem
1402 2040 1551 2078 indicat
1568 2042 1744 2078 Zonaras

288 2097 332 2138 111
348 2098 579 2135 Anastasio:
614 2096 761 2150 μαθων
789 2095 832 2138 δὲ
861 2095 922 2138 ότι
950 2097 991 2147 ἐξ
1007 2093 1301 2150 Ἀλεξανδρείας
1317 2096 1383 2138 ἐπὶ
1405 2097 1602 2162 Φοινίκην
1623 2099 1744 2136 πλοῖα

288 2150 593 2206 προσῶρμισαν,
635 2154 704 2194 ι’να
733 2150 831 2202 ξύλα
865 2153 1020 2194 ἐκεῖθεν
1050 2155 1292 2206 κομίσωνται
1321 2148 1616 2205 ναυπηγήσιμα.
1673 2151 1744 2189 ubi

170 2219 199 2254 P
225 2218 269 2253 81
292 2208 551 2247 Phoeniciam
578 2223 664 2248 esse
692 2210 779 2247 vult
804 2211 1008 2261 regionem
1027 2211 1141 2247 illam
1165 2209 1215 2247 ad
1232 2221 1352 2261 quam
1371 2209 1558 2247 Saraceni
1575 2209 1743 2259 naviga-

287 2273 394 2304 runt.
454 2273 494 2304 at
511 2279 602 2303 cum
618 2264 862 2317 Nicephorus
884 2282 953 2306 τον
973 2268 1142 2307 Φοίνικα
1156 2267 1312 2314 scribat,
1343 2267 1569 2317 putavimus
1588 2264 1640 2302 ad
1659 2266 1743 2302 eius

287 2323 461 2361 nominis
483 2321 675 2374 oppidum
692 2322 936 2374 fluviumque
957 2324 1172 2374 pertinere,
1214 2324 1282 2375 qui
1301 2320 1442 2360 Rhodo
1463 2322 1616 2360 insulae
1640 2322 1743 2359 vici-
1764 2338 1772 2347 ⁴

289 2392 363 2416 nus
383 2385 460 2427 est3
494 2378 542 2416 de
563 2392 641 2431 quo
663 2377 903 2431 Stephanus.
960 2385 1004 2416 tu
1027 2378 1118 2417 vide
1142 2392 1193 2416 an
1208 2380 1264 2416 ita
1281 2377 1521 2417 restituenda
1542 2380 1592 2416 sit
1616 2378 1743 2415 inter-

290 2437 458 2486 pretatio
483 2443 635 2475 nostra:
664 2450 755 2473 cum
775 2437 856 2473 iam
874 2449 1009 2472 rumor
1019 2435 1306 2487 percrebuisset
1328 2437 1616 2473 Saracenorum
1636 2433 1743 2471 clas-

291 2504 372 2528 sem
406 2492 695 2531 caedendarum
727 2491 786 2530 ad
819 2493 985 2530 navium
1013 2492 1222 2545 fabricam
1261 2505 1516 2544 cupressuum
1543 2503 1667 2529 causa
1699 2491 1742 2527 in

290 2547 550 2586 Phoeniciam
589 2549 796 2588 traiecisse.
884 2547 1155 2603 Theophanes
1191 2550 1311 2588 etiam
1337 2546 1409 2591 τὸν
1439 2547 1608 2590 Φοίνικα
1641 2547 1740 2586 scri-

289 2605 370 2655 psit
389 2600 441 2656 *).

383 2813 420 2858 ³¹)
442 2812 511 2859 τὴν
534 2813 688 2850 Φοίνικα
711 2814 769 2851 ed.
794 2813 909 2851 Paris.
933 2826 970 2862 p.
989 2815 1056 2851 322
1079 2814 1109 2850 C
1130 2818 1167 2850 et
1188 2814 1232 2850 D.
