1890 3224
718 179 1039 224 PRAEFATIO.
1461 238 1466 241 Ι
1520 190 1606 221 xxv

150 290 296 346 legitur
306 291 508 347 Γεωργίου
524 287 713 332 διακόνοὺ
730 294 802 343 τῆς
817 289 932 345 ἁγίας
949 288 1158 343 ἐκκλησίας
1170 290 1244 330 τοῦ
1254 287 1449 337 Πισίδους
1463 289 1607 342 προοί-

152 376 247 414 μιον
265 362 338 412 τῆς
354 358 595 414 Ἑξαημέρου
612 347 666 399 δί’
690 356 850 413 ἰάμβων
869 361 1026 412 στίχων,
1056 364 1160 396 recte
1179 358 1340 396 omnino
1362 359 1514 409 colligit
1532 356 1608 395 hoc

154 441 253 480 opus
280 441 365 465 esse
393 426 586 481 ἔμμετρον
616 434 655 464 et
681 441 799 466 versu
826 430 1113 479 conscriptum,
1144 424 1216 464 sed
1234 438 1441 477 perperam
1464 424 1608 463 deinde

154 498 289 534 statuit
317 497 430 532 mille
461 497 705 546 octingentos
734 497 933 546 octoginta
963 493 1142 532 eiusdem
1171 495 1300 545 operis
1320 506 1478 543 versus,
1509 505 1608 546 quos

153 563 340 602 habuisse
372 576 474 615 prae
511 563 695 600 manibus
724 562 850 601 editos
879 561 1082 612 adfirmat,
1127 561 1237 599 aliud
1263 575 1343 599 non
1370 574 1454 599 esse
1488 573 1610 613 quam

154 631 357 685 quoddam
381 632 502 669 totius
531 633 754 682 argumenti
782 631 1050 682 prooemium,
1081 629 1188 683 quod
1218 631 1338 667 etiam
1369 630 1531 667 Vossius
1562 629 1611 666 de

154 700 267 736 Hist.
302 700 444 736 Graec.
474 706 566 736 tom.
590 698 618 740 4
633 713 681 750 p.
711 696 812 747 143,
840 697 986 735 Raderi
1013 700 1242 736 auctoritate
1268 704 1425 746 motus,
1454 698 1611 748 impru-

155 765 294 804 denter
321 767 499 804 asseruit.
557 769 692 819 ecquis
719 768 828 803 enim
855 779 935 803 non
954 767 1143 818 intelligit
1160 768 1203 804 in
1225 765 1359 804 codice
1376 767 1609 817 Augustano

155 848 295 872 vocem
314 834 528 887 προοίμιον
545 833 655 872 idem
669 835 788 885 plane
805 846 944 871 sonare
964 846 1009 870 ac
1030 830 1131 885 οἷρχή
1151 836 1224 873 τοῦ
1240 832 1483 886 Ἑξαημέρου
1494 863 1505 882 ,
1534 832 1611 872 hoc

156 909 215 940 est
244 903 403 939 initium
427 902 692 948 Hexaiimeri,
728 901 796 938 vel
822 902 966 952 incipit
992 900 1298 938 Hexa'e‘meron?
1356 902 1445 952 quis
1480 909 1612 939 autem

157 967 290 1006 credat
319 969 430 1020 operi
454 971 576 1007 trium
611 970 787 1008 millium
813 982 1024 1018 versuum,
1062 975 1106 1005 ut
1132 969 1264 1019 placet
1292 968 1463 1018 Suidae,
1499 970 1611 1007 mille

156 1038 471 1088 octingentorum
493 1043 532 1074 et
552 1038 751 1088 octoginta
772 1050 857 1075 esse
877 1037 1046 1075 affixum
1065 1035 1346 1088 prooemium?
1404 1036 1476 1075 sed
1493 1045 1531 1075 et
1549 1039 1612 1076 le·-

155 1107 266 1156 genti
293 1111 401 1156 patet
430 1106 671 1143 Hexa'emeri
688 1107 939 1156 prooemium
956 1111 1133 1143 constare
1151 1110 1308 1141 tantum
1326 1106 1613 1158 quinquaginta

154 1173 350 1223 prioribus
372 1172 516 1210 iambis
529 1201 539 1221 ‚
568 1179 659 1223 post
677 1185 777 1225 quos
797 1176 931 1211 statim
949 1174 1088 1224 incipit
1106 1176 1250 1223 poema
1270 1186 1316 1210 eo
1338 1187 1474 1224 versu,
1504 1171 1612 1228 πηγὴ

157 1237 230 1292 μὲν
251 1234 328 1281 οὖν
346 1238 501 1291 πέφυκε
520 1241 594 1279 τοῦ
611 1236 731 1292 λόγου
752 1241 836 1294 μία.
880 1240 1100 1280 secundum
1119 1241 1261 1278 erravit
1277 1239 1476 1291 Raderus,
1508 1242 1615 1294 quod

156 1306 335 1344 Pisidam
351 1308 553 1358 scripsisse
570 1306 776 1345 historiam
794 1309 842 1345 de
856 1309 1049 1346 Heraclio
1067 1305 1343 1362 καταλογάδην
1361 1307 1478 1358 dicat,
1510 1312 1617 1348 eius-

159 1388 236 1427 que
256 1376 315 1412 rei
333 1381 478 1412 testem
494 1373 663 1412 Suidam
683 1374 893 1426 exhibeat,
925 1375 1033 1429 quod
1060 1389 1145 1414 esse
1164 1376 1310 1414 falsum
1333 1377 1428 1414 alibi
1447 1375 1617 1416 demon-

158 1449 325 1481 stratum
342 1450 413 1482 est.
470 1455 566 1479 nam
585 1455 687 1494 quae
706 1443 851 1482 Suidas
868 1446 922 1481 ait
938 1445 1142 1495 scripsisse
1156 1442 1337 1482 Pisidam
1355 1443 1405 1482 de
1420 1446 1617 1496 Heraclio,

156 1510 301 1547 iambis
323 1510 516 1547 contineri
534 1509 730 1558 vidimus,
763 1524 838 1548 nec
867 1512 994 1549 ullam
1017 1512 1140 1549 aliam
1161 1509 1370 1549 historiam
1392 1513 1619 1565 lexicogra-

156 1575 261 1628 phus
279 1584 495 1626 memorat,
526 1576 578 1615 ad
597 1591 719 1631 quam
735 1576 949 1616 chronicon
966 1578 1160 1617 Paschale
1178 1579 1317 1617 referri
1335 1587 1483 1632 posset.
1539 1583 1619 1619 ita-

160 1658 237 1697 que
271 1658 362 1682 cum
394 1646 622 1684 Herwartus
651 1653 738 1684 tum
771 1646 952 1685 Raderus
981 1649 1024 1684 in
1055 1646 1204 1685 Suidae
1228 1654 1344 1685 textu
1368 1649 1620 1700 explanando

158 1714 251 1751 falsi
277 1719 391 1751 sunt:
422 1711 494 1750 sed
523 1715 678 1765 turpius
708 1716 960 1764 Herwartus,
992 1717 1063 1767 qui
1093 1729 1146 1752 ex
1178 1729 1224 1753 eo
1252 1717 1444 1766 gloriatur
1468 1719 1511 1755 in
1538 1720 1621 1756 suis

165 1780 374 1831 Capitibus
409 1780 553 1818 Chron.
585 1780 787 1819 detexisse
805 1782 985 1820 eiusdem
1002 1781 1178 1820 chronici
1195 1782 1400 1821 Paschalis
1422 1792 1621 1823 auctorem

162 1861 248 1886 esse
272 1846 472 1896 Pisidam,
502 1861 576 1884 nec
601 1849 724 1886 sensit
747 1861 869 1900 quam
893 1850 943 1886 sit
968 1851 1151 1901 ineptum
1171 1849 1247 1887 hoc
1268 1849 1475 1888 adfirmare
1490 1881 1500 1900 ,
1532 1866 1623 1889 cum

162 1914 306 1955 Suidas
339 1911 446 1952 dica‘t
477 1914 657 1953 Pisidam
682 1916 855 1955 iambico
883 1923 1010 1955 metro
1044 1932 1130 1956 esse
1161 1931 1300 1966 usum,
1339 1925 1378 1955 et
1406 1917 1622 1957 chronicon

161 1983 356 2023 Paschale
375 1984 504 2022 soluta
522 1985 697 2022 oratione
716 1986 767 2022 sit
783 1993 1005 2023 exaratum.
1064 1993 1104 2023 at
1135 1985 1314 2024 Raderus
1346 1992 1480 2023 contra
1508 1988 1620 2024 nullo

161 2051 283 2091 modo
306 2065 359 2090 ex
375 2050 502 2090 Suida
525 2052 663 2103 affingi
684 2065 799 2103 posse
816 2051 976 2090 Pisidae
1000 2051 1078 2091 hoc
1098 2053 1309 2092 chronicon
1327 2060 1432 2091 recte
1456 2061 1620 2091 conten-

164 2120 235 2169 dit,
265 2119 338 2158 sed
354 2120 461 2157 male
478 2121 612 2171 ipsum
629 2119 809 2158 Pisidam
825 2119 1014 2158 historiae
1036 2121 1242 2160 cuiusdam
1260 2122 1518 2159 Heraclianae
1536 2136 1621 2161 esse

165 2195 367 2227 auctorem
391 2187 584 2226 concedit.
635 2189 731 2241 quin
753 2189 873 2226 etiam
892 2187 1107 2228 chronicon
1123 2191 1326 2242 scripsisse
1344 2189 1523 2228 Pisidam
1540 2204 1623 2229 non

165 2255 286 2294 audet
317 2256 478 2294 omnino
509 2269 675 2308 negare:
714 2269 811 2294 nam
842 2255 952 2293 aliud
980 2256 1192 2296 chronicon
1216 2271 1460 2310 anonymum
1491 2271 1553 2296 ms
1582 2259 1625 2295 in

163 2323 406 2362 bibliotheca
433 2324 591 2375 collegii
618 2325 774 2362 Annaei
797 2326 1031 2375 Augustana
1061 2339 1103 2364 se
1132 2325 1280 2364 vidisse
1303 2333 1488 2375 testatur,
1520 2325 1628 2378 quod

166 2405 219 2430 ex
244 2391 381 2430 Pisida
411 2399 450 2429 et
478 2392 627 2443 Cyrillo
655 2390 885 2442 decerptum
908 2391 1051 2431 dicitur
1070 2395 1113 2430 in
1131 2393 1382 2446 Epigraphe,
1413 2396 1626 2446 statimque

165 2461 210 2496 in
240 2460 435 2511 principio
469 2459 590 2496 refert
621 2458 728 2511 apud
756 2460 973 2512 Georgium
998 2460 1177 2499 Pisidam
1194 2461 1341 2499 Adami
1359 2462 1461 2500 filias
1478 2463 1627 2514 primas

163 2519 334 2565 ‘alteram
359 2529 538 2566 Azuram
570 2527 736 2565 alteram
752 2529 904 2566 Asuam
921 2531 1143 2578 nominari3
1173 2528 1280 2567 unde
1299 2528 1478 2568 Raderus
1503 2531 1629 2568 conii-

170 2594 297 2631 ciebat
315 2593 527 2633 chronicon
544 2595 704 2633 Pisidae
717 2625 728 2644 ‚
758 2596 793 2633 si
810 2595 920 2648 quod
936 2610 1116 2649 unquam
1132 2598 1209 2635 fuit
1220 2627 1230 2647 ‚
1262 2610 1284 2634 a
1303 2596 1490 2635 Paschali
1511 2596 1626 2634 chro-

169 2663 258 2698 nico
278 2675 362 2700 esse
382 2662 595 2713 diversum,
625 2665 668 2701 in
691 2676 770 2716 quo
790 2677 865 2701 nec
884 2666 1016 2702 Asuae
1033 2678 1108 2702 nec
1129 2666 1283 2703 Azurae
1298 2665 1383 2702 ulla
1400 2665 1444 2702 fit
1460 2665 1623 2702 mentio.

169 2741 242 2766 nos
271 2735 406 2766 autem
427 2731 585 2767 nuilmn
610 2743 791 2783 unquam
823 2730 1035 2770 chronicon
1061 2733 1264 2783 scripsisse
1281 2731 1460 2771 Pisidam
1484 2733 1625 2768 existi-

170 2809 326 2835 mamus
343 2809 355 2834 ε
384 2810 479 2835 nam
504 2799 579 2836 etsi
600 2799 814 2837 concedere
836 2800 1008 2839 velimus
1029 2799 1184 2838 Radero
1205 2807 1362 2839 exstare
1384 2799 1561 2838 codicem
1582 2799 1625 2835 in
