1890 3224
241 188 287 219 ιν
305 207 307 209 -
855 172 1081 219 PETAVII

245 318 449 356 convertit.
506 316 578 354 sed
605 315 672 354 hic
700 322 899 368 postremo
929 321 1123 368 quantum
1149 313 1366 367 sapientiae
1393 319 1485 352 tuae
1514 326 1606 352 cum
1633 327 1699 351 re-

247 398 340 447 gina
368 401 493 432 matre
522 395 711 432 tribueret
740 393 932 443 ostendit,
971 406 1063 432 cum
1098 393 1216 431 ambo
1244 399 1285 430 te
1312 392 1464 430 ultimis
1495 406 1517 430 e
1546 393 1701 430 Galliae

246 474 388 511 finibus
430 472 682 521 exciverunt,
723 485 844 525 quem
880 472 1148 511 formidolosis
1184 472 1430 524 temporibus
1457 471 1502 508 in
1529 469 1701 523 quadam

247 553 358 590 velut
386 552 545 603 imperii
572 550 734 602 specula
763 552 1021 601 collocarent,
1060 549 1260 604 siquidem
1297 556 1436 602 pacato
1465 549 1566 586 mari
1593 555 1702 586 tran-

247 631 450 683 quilloque
480 630 588 668 caelo
617 630 735 667 facile
764 631 888 670 cuivis
926 630 1178 682 gubernatori
1210 628 1406 678 creditur,
1448 628 1515 667 vel
1547 624 1706 664 medio-

249 709 368 746 criter
403 709 552 759 perito,
590 708 634 745 in
667 709 843 759 periculo
884 721 1001 747 nemo
1037 714 1097 746 est
1131 708 1202 761 qui
1237 721 1319 746 non
1349 719 1464 755 eum,
1499 707 1534 744 si
1561 711 1704 758 potest,

249 785 462 837 adsciscat,
493 800 614 840 quem
641 788 948 827 scientissimum
975 785 1405 839 prudentissimumque
1435 785 1627 836 cognorit.

362 868 410 903 In
451 879 530 919 quo
565 879 693 922 unum
729 872 789 904 est
824 866 990 903 minime
1019 863 1373 918 praetereundum,
1413 862 1523 917 quod
1552 861 1604 900 ad
1629 860 1707 916 hoc

250 945 457 996 negotIum
485 944 658 983 multum
684 945 874 983 interesse
904 945 1047 983 sentio.
1101 956 1198 981 nam
1224 944 1404 995 plerique
1428 943 1499 995 qui
1518 940 1708 994 prodesse

251 1012 447 1074 sapientia
476 1003 552 1061 suav
575 1023 734 1074 publice
764 1022 944 1071 student,
975 1034 1182 1073 operosam
1208 1022 1323 1059 illam
1348 1020 1543 1058 duntaxat
1570 1033 1616 1058 ac
1644 1034 1711 1058 re-

251 1100 326 1138 bus
358 1099 542 1151 gerendis
572 1102 828 1139 exercitatam
859 1098 1070 1148 adhibent,
1115 1112 1204 1136 eam
1244 1112 1338 1137 vero
1381 1109 1483 1150 quae
1519 1100 1563 1136 iu
1599 1099 1712 1136 libris

256 1177 523 1231 doctrinisque
554 1181 748 1228 cernitur,
776 1186 967 1231 tanquam
998 1177 1221 1216 civitatibus
1248 1176 1608 1215 inutilemferiatis
1636 1176 1713 1215 ho-

254 1257 434 1294 minibus
462 1258 707 1309 relinquunt.
763 1263 809 1293 tu
837 1268 930 1293 vero
959 1255 1015 1293 sic
1044 1261 1252 1307 utramque
1289 1253 1574 1293 admirabiliter
1602 1269 1713 1295 com-

256 1334 401 1385 plexus
440 1347 503 1384 es,
544 1341 588 1372 ut
629 1347 720 1372 cum
755 1346 873 1371 nemo
909 1330 1203 1371 tractandarum
1235 1346 1368 1371 rerum
1396 1334 1545 1372 maiore
1572 1336 1715 1386 peritia

257 1413 328 1462 sit,
368 1419 455 1450 tum
491 1427 567 1452 usu
602 1414 806 1451 literarum
841 1425 886 1450 ac
914 1410 1193 1464 philosophiae
1221 1411 1351 1451 studio
1379 1411 1443 1451 his
1470 1415 1714 1467 temporibus

259 1492 488 1530 antecellas.

340 1588 342 1591 v
370 1572 485 1608 Hanc
513 1572 802 1623 enim'pr'imus
830 1571 934 1607 inter
966 1567 1120 1618 Gallos,
1149 1575 1195 1607 ut
1211 1568 1281 1606 ille
1303 1567 1505 1621 quondam
1526 1571 1569 1608 in
1590 1572 1716 1610 Grae-

257 1649 324 1686 cia
359 1649 560 1698 Socrates,
602 1650 861 1699 languentem
896 1648 940 1684 in
975 1645 1121 1684 scholis
1135 1677 1137 1680 ⁴
1151 1647 1200 1684 ab
1232 1647 1357 1685 otiosa
1386 1650 1717 1700 contemplatione

260 1740 420 1766 morum
449 1727 500 1765 ad
527 1728 739 1765 utilitatem
767 1731 971 1778 ‘usumque
997 1725 1257 1763 transtulisti„
1302 1731 1390 1763 tum
1419 1740 1465 1764 ea
1492 1728 1719 1772 monimen-

262 1808 313 1845 tis
350 1805 550 1844 mandasti
587 1807 770 1857 plurimis
784 1833 795 1853 ,
845 1804 989 1856 quibus
1028 1809 1068 1840 et
1104 1801 1263 1841 dicendi
1300 1804 1452 1844 civibus
1478 1806 1558 1844 tuis
1589 1813 1628 1844 et
1655 1808 1720 1846 vi-

262 1883 384 1923 vendi
411 1886 485 1936 tibi
515 1885 636 1922 etiam
667 1896 712 1921 ac
740 1884 902 1935 reliquis
931 1882 1117 1934 exempla
1144 1883 1445 1935 praescriberes.
1501 1884 1646 1936 quibus
1676 1886 1720 1922 in

265 1964 377 2002 libris
407 1965 463 2001 ita
491 1953 647 2002 virtutis
676 1969 768 2000 tuae
796 1962 1017 2012 imaginem
1044 1960 1298 2013 expressisti,
1336 1968 1476 2000 utens
1503 1975 1585 2000 una
1610 1964 1721 2001 velut

265 2042 433 2093 pignora
471 2040 707 2094 obsidesque
745 2041 870 2079 Gallis
912 2038 1112 2089 traderesr,
1149 2045 1194 2077 ut
1230 2052 1332 2092 quae
1362 2047 1430 2078 tua
1456 2040 1590 2078 futura
1618 2050 1723 2080 esset

269 2120 328 2156 rei
356 2120 542 2171 publicae
571 2119 768 2173 gerendae
797 2120 918 2169 ratio,
961 2124 1154 2172 tanquam
1190 2130 1243 2156 ex
1278 2119 1470 2170 praetoris
1497 2116 1625 2157 edicto
1653 2132 1724 2158 co-

269 2205 527 2249 gnoscerent,
565 2212 695 2251 neque
732 2211 823 2236 eam
859 2208 1037 2249 unquam
1073 2196 1193 2234 licere
1227 2195 1452 2247 crederent,
1490 2210 1612 2250 quam
1638 2205 1724 2236 tute

268 2278 343 2315 tibi
380 2278 658 2328 imposuisses,
702 2287 913 2328 personam
952 2272 1173 2312 detrahere.
1240 2274 1349 2328 quod
1386 2274 1551 2328 quidem
1587 2277 1724 2328 paucis

272 2353 336 2394 his
364 2356 590 2404 mensibus,
620 2368 673 2392 ex
701 2367 778 2407 quo
807 2365 989 2405 praeesse
1018 2353 1056 2408 ei
1083 2353 1239 2391 muneri
1267 2354 1453 2406 coepisti,
1484 2356 1641 2406 egregie
1665 2361 1727 2393 est

274 2446 299 2470 a
322 2440 366 2471 rte
394 2435 637 2485 perfectumt,
666 2445 796 2485 neque
827 2433 1039 2484 quisquam
1068 2430 1242 2481 dubitat,
1273 2431 1493 2471 cuiusmodi
1520 2431 1620 2471 haec
1645 2434 1728 2471 ini-

275 2511 332 2548 tia
370 2519 461 2549 sunt
477 2541 487 2561 ,
533 2513 630 2564 quin
669 2511 779 2549 brevi
818 2524 889 2561 per
924 2517 965 2548 te
1000 2508 1119 2549 huius
1146 2511 1304 2563 imperii
1332 2511 1439 2550 salus
1468 2512 1653 2552 constitui
1681 2524 1728 2550 ac

276 2590 414 2641 legum
444 2591 653 2628 auctoritas
681 2590 902 2641 recuperari
929 2589 1089 2640 possit„

387 2669 472 2705 Hac
511 2675 555 2706 tu
591 2670 770 2720 graviore
806 2681 898 2707 cura
930 2668 1050 2707 simul
1078 2681 1124 2707 ac
1150 2669 1378 2721 perfunctus
1406 2667 1485 2708 eris
1512 2674 1553 2706 et
1579 2667 1728 2707 maiora

278 2746 349 2785 illa
376 2747 489 2798 regni
514 2749 674 2799 negotia
703 2748 901 2801 sapienter
928 2746 1162 2800 explicat-is,
1196 2754 1283 2787 tum
1310 2754 1349 2786 te
1377 2745 1429 2786 ad
1457 2745 1557 2786 haec
1578 2752 1729 2795 nostra,
