1890 3224
247 171 311 216 80
733 176 969 220 GEORGII
1001 174 1215 222 PISIDAE

461 289 563 343 πλὴν
582 288 849 344 μισθὸςῦμῖν
870 290 977 333 ἐστὶν
997 290 1310 349 εὖτρεπισμένος,

376 356 429 397 25
457 358 503 398 οὗ
523 361 659 410 μῦθος
675 359 787 416 ἵππῳ
803 362 874 413 τῆς
894 363 1060 417 φθορᾶς
1081 360 1286 418 ἀνωτέρω·

455 428 592 478 μῦθος
611 425 688 483 γὰρ
711 421 828 477 οὗτος
850 429 916 469 καὶ
939 430 1213 485 κεχρωσμένος
1235 427 1387 487 ψόφος,

457 495 491 534 εἰ
511 491 570 547 μή
594 511 676 546 τις,
709 493 764 545 ὡς
783 494 856 547 σύ,
891 498 1135 551 γνωστικοῦς
1157 497 1258 552 ἔχων
1283 497 1423 548 τόνους

458 560 722 619 ἀλληγορήσει
743 564 815 618 τὴν
839 564 995 621 σπορὰν
1014 570 1093 607 τῶν
1112 566 1288 623 ἀρσένων

458 628 677 688 ἄφθαρτον
694 630 792 674 εἶναι
813 637 863 689 τῇ
879 632 1091 687 μεταδόσει
1111 639 1184 676 τοῦ
1203 635 1353 690 γένους,

373 700 428 739 30
457 697 580 740 ἄλλου
603 700 696 753 μετ’
725 700 847 743 ἄλλον
871 700 1159 759 ζωπυρούντων
1179 703 1251 758 τὴν
1273 702 1407 761 φύσιν.

455 767 530 821 οὐχ
553 761 670 818 οὗτος
689 767 797 823 ὑμῖν,
832 770 936 824 μηδὲ
950 775 1137 813 τοιοῦτον
1156 770 1298 825 λάβοις

452 835 606 889 μισθὸν
630 838 686 878 δι’
711 836 842 893 ἡμᾶς,
871 839 966 880 ἀλλ’
991 838 1195 894 ὀχήματος
1219 839 1354 894 τύχοις

453 905 556 958 ζωῆς
575 904 795 962 τρεχούσης
810 908 865 957 εἷς
885 905 1005 957 ὁδοὺς
1021 908 1274 965 ἀφθαρσίας.

504 972 612 1015 Ἐπεὶ
637 975 680 1016 δὲ
702 974 842 1017 λοιπὸν
861 977 928 1017 καὶ
951 975 1003 1018 τὰ
1022 980 1095 1018 τοῦ
1116 975 1247 1031 δήμου
1269 975 1407 1033 θράση

371 1039 425 1081 55
453 1043 772 1098 συνεκτραπέντα
791 1048 865 1086 τοῦ
885 1042 1083 1100 τυράννου
1102 1047 1153 1100 τῇ
1173 1046 1283 1101 μέθῃ

451 1107 602 1151 ἴνοικον
619 1109 695 1164 εἶχε
713 1116 794 1153 τῶν
812 1115 946 1164 μελῶν
964 1112 1145 1162 ἀταξίαν,

450 1177 594 1230 σχεδὸν
616 1179 660 1220 δὲ
680 1175 834 1228 πάντας
854 1178 949 1227 τοὺς
971 1180 1138 1228 πολίτας
1158 1176 1184 1232 ἦ
1205 1175 1319 1228 πόλις

446 1246 726 1302 πεφυρμένους
748 1244 863 1288 ὤδινε
885 1244 1120 1303 Κενταύρου
1145 1247 1258 1300 δίκην

444 1313 700 1368 (τετμημένοι
720 1314 798 1370 γὰρ
822 1316 888 1356 καὶ
913 1318 1046 1364 κακῶς
1066 1314 1299 1370 μεμιγμένοι

365 1380 420 1422 40
449 1381 550 1438 πρὸς
567 1382 640 1432 τὰς
663 1381 817 1425 ἑαυτῶν
837 1382 1083 1437 ἠσχολοῦντο
1104 1381 1348 1438 συγχύσεις),

445 1450 584 1507 ἰατρὸς
606 1451 740 1493 ἐλθὼν
761 1452 909 1508 κυρίως
933 1452 1127 1506 γαληνίας
1136 1482 1149 1503 ,

448 1520 516 1559 καὶ
535 1518 610 1568 τὰς
631 1518 830 1569 ἀτάκτους
845 1523 1054 1576 ψηλαφῶν
1073 1519 1280 1575 ἀρτηρίας,

444 1583 678 1643 σφύζουσαν
701 1587 823 1637 αὐτὸς
841 1587 887 1628 οὗ
909 1588 1095 1643 παρεῖδες
1113 1587 1187 1640 τὴν
1210 1584 1343 1637 νόσον,

443 1656 511 1695 καὶ
532 1659 705 1711 τμητικῇ
721 1655 794 1708 μὲν
817 1654 1008 1708 οὕόαμῶς
1030 1655 1219 1711 διαιρέσει

364 1722 418 1764 45
450 1722 540 1764 οὔδ’
565 1717 661 1778 αῧγε
685 1729 770 1772 τοῖς
791 1720 1015 1779 στύφουσιν
1035 1720 1194 1779 ἐχρήσω
1213 1720 1356 1771 τόνοις,

444 1794 682 1847 μαλακτικῷ
702 1791 745 1832 δὲ
767 1793 835 1832 καὶ
856 1794 1043 1832 λαλοῦντι
1065 1787 1269 1848 φαρμάκῳ

446 1857 606 1909 ἔπεισας
630 1858 778 1909 αὖτοὺς
800 1859 842 1901 ἐκ
861 1857 989 1914 μόνης
1012 1859 1197 1909 εὐταξίας

448 1926 494 1969 τὸ
516 1929 723 1985 θηριῶδες.
737 1931 856 1970 τοῦτο
874 1927 933 1982 μὴ
954 1925 1254 1982 νοσεῖν-πάθος,

443 2068 496 2101 γρ.
512 2055 588 2101 μετ’
605 2055 718 2093 ἄλλον
1464 2065 1501 2088 οι

315 2101 361 2136 80
383 2096 498 2137 ἄλλον
520 2102 596 2146 μετ’
621 2100 737 2138 ἄλλον
760 2105 802 2146 Ρ,
826 2099 938 2138 ἄλλον
960 2100 1038 2147 μετ’
1062 2098 1176 2137 ἄλλον
1201 2102 1242 2137 ed
1334 2101 1380 2135 32
1402 2111 1512 2144 τυχης
1533 2099 1598 2134 cod
1618 2098 1690 2133 vat

223 2215 292 2247 late
309 2218 468 2249 evertens
483 2215 736 2260 rempublicam.
762 2216 855 2261 atqui
869 2216 1051 2261 praemium
1066 2215 1130 2250 tibi
1147 2218 1200 2249 est
1215 2216 1383 2260 paratum,
1407 2213 1488 2258 (25)
1503 2224 1571 2247 non
1586 2212 1687 2246 fabu-

223 2260 314 2293 losus
331 2271 437 2306 equus
451 2261 660 2306 corruptioni
672 2272 741 2295 non
755 2262 931 2296 obnoxius.
951 2261 1069 2296 fabula
1083 2262 1167 2295 haec
1182 2261 1268 2294 enim
1286 2263 1340 2294 est
1354 2263 1390 2293 et
1405 2270 1550 2294 canorae
1564 2268 1686 2302 nugae,

222 2305 288 2338 nisi
303 2306 378 2350 quis
393 2307 484 2340 forte
497 2333 507 2350 ‚
543 2310 583 2340 ut
597 2310 636 2340 tu
647 2334 658 2351 ‚
690 2307 812 2341 mentis
833 2307 1012 2342 intendens
1029 2306 1134 2341 aciem
1150 2307 1213 2340 hoc
1227 2306 1276 2340 ita
1289 2306 1534 2351 interpretetur
1544 2329 1556 2347 ‚
1585 2301 1687 2349 virile

222 2362 337 2384 semen
352 2351 607 2397 incorruptibile
622 2362 697 2385 esse
711 2352 746 2385 in
763 2353 994 2387 transfusione
1009 2353 1156 2398 generis,
1182 2352 1262 2397 (30)
1281 2351 1388 2386 altero
1406 2350 1543 2385 alterius
1556 2348 1689 2383 reinte-

221 2401 346 2439 grante
361 2401 524 2431 naturam.
581 2409 648 2431 non
664 2397 728 2431 hoc
742 2398 805 2432 tibi
819 2398 1016 2444 praemium,
1040 2410 1150 2444 neque
1164 2398 1266 2431 talem
1282 2397 1407 2442 accipis
1422 2395 1608 2430 mercedem
1618 2404 1687 2472 Χῖα
1711 2415 1716 2423 -

223 2441 320 2474 nobis
332 2466 343 2482 ‚
378 2443 438 2476 sed
454 2454 588 2477 currum
604 2443 798 2488 adsequeris
814 2444 908 2478 vitae
923 2444 1091 2478 currentis
1105 2445 1137 2478 in
1153 2444 1243 2477 viam
1258 2441 1527 2477 immortalitatis.
1572 2450 1616 2473 au
1642 2450 1686 2473 ax

222 2486 288 2520 iam
302 2487 436 2522 tandem
452 2489 621 2533 ingenium
635 2489 751 2535 populi
779 2489 859 2534 (35)
882 2490 1060 2535 abreptum
1083 2501 1104 2524 a
1126 2489 1261 2534 tyranni
1284 2487 1479 2522 temulentia
1493 2484 1687 2520 domesticis

224 2538 423 2567 assueverat
440 2535 660 2568 membrorum
675 2535 959 2578 dissensionibus3
990 2540 1026 2569 et
1049 2536 1115 2569 iam
1131 2546 1239 2580 prope
1253 2543 1366 2567 omnes
1381 2533 1473 2567 cives
1489 2531 1608 2565 civitas
1622 2530 1686 2584 fle-

223 2579 384 2612 formatos
399 2580 574 2624 pariebat,
606 2580 786 2614 Centauris
811 2580 936 2614 similes
960 2581 1077 2626 (divisi
1101 2581 1188 2615 alim
1210 2584 1247 2614 et
1261 2579 1348 2613 male
1361 2578 1449 2612 inter
1463 2589 1502 2611 se
1516 2579 1686 2610 commixti

225 2624 306 2667 (40)
329 2625 400 2658 suis
414 2627 583 2660 vacabant
600 2626 757 2660 fovendis
773 2627 1056 2670 confusionibus),
1081 2638 1156 2660 cum
1170 2630 1207 2659 tu
1223 2625 1372 2659 medicus
1386 2623 1564 2663 accedens,
1579 2631 1686 2656 verus

225 2669 379 2704 Galenus
390 2695 402 2710 ,
425 2676 528 2716 atque
541 2671 751 2706 inordinatas
766 2675 953 2706 attrectans
969 2673 1109 2706 arterias
1118 2697 1129 2714 ‚
1154 2671 1329 2705 micantem
1343 2670 1434 2703 intus
1449 2669 1600 2703 morbum
1615 2677 1684 2700 non

225 2714 422 2758 neglexisti:
457 2721 493 2750 at
508 2728 674 2763 nunquam
697 2718 901 2752 sectionibus
923 2717 1292 2764 amputationibusque,
1328 2715 1406 2760 (45)
1431 2726 1494 2748 nec
1515 2714 1596 2748 item
1619 2711 1682 2746 ad-

225 2761 465 2804 stringentibus
483 2774 563 2796 usus
580 2774 616 2796 es
631 2763 797 2798 remediis.
843 2764 906 2797 sed
932 2763 1113 2798 emollienti
1137 2762 1259 2807 eloquii
1282 2761 1462 2806 pharmaco
1485 2767 1682 2805 persuasum

226 2806 274 2840 eis
289 2806 420 2849 fecisti,
452 2819 495 2842 ex
521 2809 609 2843 bono
633 2813 764 2844 tantum
785 2808 902 2844 ordine
917 2809 1002 2844 hanc
1017 2809 1196 2844 belluinam
1214 2819 1279 2842 non
1295 2818 1419 2841 nocere
1432 2805 1680 2844 infirmitatum
