1838 3210
213 192 279 238 96
791 193 872 236 DU
908 191 1093 236 CANGII

214 301 338 356 pendi
355 303 576 355 praecepit:
607 302 711 355 βῆλα
731 304 970 356 παραχρῆμα
988 300 1163 344 ἐκέλευσε
1177 283 1464 372 κρεμασθῆναι,
1493 304 1664 345 διαστει-

172 407 177 412 ,
213 357 383 411 λα’μενος
403 364 488 406 ταῖς
508 359 688 412 γυναιξὶν
710 374 763 407 ως
784 359 823 399 εἴ
835 375 894 407 τις
916 359 990 408 ἔξω
1010 375 1090 399 των
1108 356 1243 412 βήλων
1259 356 1375 416 ὀφθῇ
1394 356 1666 401 διακυπτουσα

207 420 287 468 τῆς
319 416 435 462 θείας
464 415 706 468 λειτουργίας
736 414 967 468 γινομένης,
997 415 1239 464 ἐξωθεῖσθαι
1269 418 1340 467 τῆς
1367 416 1573 468 ἐκκλησίας
1595 415 1665 456 καὶ

214 468 488 522 οἷκοινοᾶνητον
520 470 664 523 μένειν.
722 473 764 509 111
794 471 1121 521 catechumeniis,
1151 485 1196 509 ac
1219 470 1358 509 dextra
1381 486 1516 511 eorum
1537 474 1664 524 potis-

214 531 359 567 simum
393 534 523 578 parte,
567 535 718 566 coactas
756 528 929 580 synodos
960 542 1041 566 non
1073 529 1196 567 semel
1227 529 1410 579 legimus.
1485 536 1664 567 octavam

213 587 319 622 enim
350 582 548 634 synodum
578 584 620 625 ἐν
645 588 728 632 τοῖς
761 586 904 634 δεξιοῖς
936 584 1068 638 μέρεσι
1101 588 1182 625 τῶν
1216 586 1556 636 κατηχουμενείων
1591 587 1667 624 τοῦ

211 636 470 692 περιωνύμου
499 644 602 680 ναοῦ
625 644 698 692 τῆς
723 645 797 682 τοῦ
829 644 932 681 θεοῦ
959 642 1102 692 σοφίας
1129 641 1367 678 celebratam
1387 642 1508 679 fuisse
1531 647 1667 678 auctor

213 704 271 742 est
289 694 444 734 Nicetas
465 695 700 764 Paphlago'
689 709 731 734 111
749 699 838 736 Vita
857 699 1001 748 Ignatii
1019 696 1263 748 patriarchae
1287 699 1363 735 ΟΡ.
1409 705 1539 736 exstat
1560 695 1667 748 apud

211 754 498 791 Leunclavium
527 755 569 791 in
597 755 770 820 Synopsi
793 756 915 792 Basil.
941 753 1140 791 decretum
1159 753 1321 806 synodi,
1351 750 1671 807 προκαθημένου

211 812 285 849 τοῦ
321 805 542 862 αγιωτοῖτου
578 806 764 851 Ἰωάννου
799 826 1043 879 πατριαρχου
1071 810 1113 850 ἐν
1141 815 1225 858 τοῖς
1253 811 1396 858 δεξιοῖς
1427 809 1559 865 μέρεσι
1585 811 1668 849 τῶν

211 867 577 918 κατηχουμενείων,
612 864 946 919 συνεδριαζόντων
965 863 1076 921 αὐτῷ
1094 882 1401 916 πανιερωτατων
1423 869 1668 919 μητροπολι-

210 925 303 964 τῶν.
365 922 531 960 eandem
548 924 846 974 inscriptionem
866 923 1038 975 praefert
1055 922 1261 961 Michaelis
1286 924 1475 960 Gerularii
1498 924 1669 973 patriar-

213 978 311 1017 chae
342 978 391 1016 de
416 980 589 1030 proiecto
612 982 772 1031 pittacio
795 979 1016 1027 decretum,
1048 978 1154 1030 apud
1173 980 1365 1017 Allatium
1385 981 1548 1017 Dissert.
1570 980 1597 1018 2
1619 977 1669 1015 de

213 1037 302 1074 Lib.
335 1036 431 1073 eccl.
465 1036 602 1072 Graec.
659 1037 702 1073 in
736 1036 1040 1074 catechumeniis
1061 1036 1231 1087 denique
1253 1034 1672 1087 Sophianis'quando-

216 1106 294 1145 que
325 1099 501 1130 coactam
529 1092 688 1143 plebem
710 1099 843 1130 narrat
864 1094 1011 1130 Paulus
1032 1094 1229 1129 Diaconus
1248 1094 1394 1129 Histor.
1416 1093 1528 1129 Misc.
1549 1092 1576 1128 1.
1600 1092 1670 1132 21.

217 1162 291 1186 nec
321 1150 487 1197 mirum,
519 1162 609 1186 011111
643 1151 773 1200 ampla
804 1148 1020 1187 admodum
1048 1156 1133 1185 tum
1162 1147 1370 1185 latitudine
1391 1155 1477 1185 tum
1495 1148 1672 1198 longitu-

218 1204 309 1243 dine
341 1211 494 1253 essent,
525 1207 583 1242 uti
609 1218 709 1243 mox
739 1219 791 1243 ex
817 1206 998 1243 aularum
1019 1204 1069 1242 ad
1092 1206 1175 1242 alas
1196 1206 1300 1244 ναοῦ
1323 1206 1578 1242 existentium
1598 1202 1672 1240 de-

217 1263 430 1312 scriptione
449 1261 634 1311 colligere
651 1268 723 1300 est.
781 1275 896 1313 porro
916 1274 1103 1312 magnam
1120 1263 1335 1312 porticum,
1367 1273 1469 1313 quae
1484 1273 1563 1298 una
1580 1273 1672 1297 cum

215 1318 372 1355 bemate
406 1324 445 1355 et
474 1319 567 1354 tecti
595 1325 706 1369 parte
727 1331 779 1356 ex
797 1325 923 1356 terrae
943 1325 1056 1356 motu
1076 1325 1294 1366 corruerat,
1325 1330 1427 1355 anno
1460 1324 1673 1368 antequam

213 1377 382 1412 Ioannes
413 1374 708 1412 Cantacuzenus
737 1377 976 1426 Byzantium
1007 1375 1196 1425 cepisset,
1239 1375 1472 1411 instauravit
1497 1375 1673 1424 primum

212 1433 331 1468 Anna
361 1432 615 1481 imperatrix,
644 1429 863 1468 Andronici
888 1431 1118 1481 Palaeologi
1144 1428 1286 1477 vidua3
1326 1431 1389 1466 cui
1417 1427 1673 1481 postmodum

214 1489 325 1538 operi
343 1487 428 1537 ipse
449 1487 744 1525 Cantacuzenus
772 1500 818 1524 ac
845 1486 1013 1539 denique
1033 1490 1200 1525 Ioannes
1219 1487 1480 1537 Palaeologus
1498 1488 1674 1537 impera-

214 1550 319 1580 tores
350 1550 571 1580 extremam
601 1556 766 1580 manum
793 1545 1031 1614 imposuere.
1087 1555 1175 1580 rem
1199 1543 1379 1594 pluribus
1408 1549 1542 1580 narrat
1563 1541 1673 1579 idem

213 1600 509 1637 Cantacuzenus
538 1598 564 1638 4
597 1598 637 1638 4-

328 1657 394 1696 39.
451 1657 588 1706 Neque
617 1661 752 1691 tamen
781 1660 886 1691 recta
918 1654 1026 1691 linea
1054 1652 1272 1705 procedunt
1296 1655 1338 1691 111
1361 1655 1557 1703 interiorex
1574 1652 1673 1690 aede

213 1712 402 1762 porticus.
461 1724 555 1747 nam
589 1712 692 1748 inter
721 1717 906 1762 quattuor
936 1712 1105 1748 maiores
1134 1711 1234 1761 pilas
1265 1711 1313 1747 ab
1340 1716 1508 1761 utroque
1535 1710 1672 1758 latere,

215 1767 267 1804 ad
298 1766 508 1804 meridiem
538 1774 577 1804 et
608 1766 658 1804 ad
684 1769 1017 1818 septentrionem,
1048 1768 1104 1802 ita
1123 1767 1233 1804 velut
1255 1767 1341 1803 alae
1362 1779 1559 1817 appensae
1583 1772 1675 1803 suut
1706 1790 1715 1797 -

213 1831 293 1861 tres
322 1825 435 1860 aulae
466 1823 671 1861 inferiores
693 1830 732 1860 et
749 1822 917 1860 totidem
937 1824 1176 1874 superiores,
1206 1829 1252 1859 ut
1276 1823 1324 1859 ab
1347 1824 1428 1860 imo
1444 1824 1674 1873 pavimento

75 1886 102 1919 P
127 1883 195 1920 552
217 1893 308 1931 pars
330 1881 399 1916 illa
423 1878 531 1917 aedis
556 1881 718 1917 interior
736 1885 774 1916 et
792 1878 946 1928 media,
975 1880 1117 1929 ingens
1139 1885 1176 1915 et
1194 1891 1340 1927 vacua,
1367 1877 1555 1930 procedat
1575 1891 1677 1929 qua-

218 1936 330 1974 drata
360 1949 487 1988 usque
522 1934 573 1972 ad
609 1942 857 1973 curvaturam
887 1937 1137 1986 superiorum
1167 1935 1366 1982 aularum,
1401 1934 1545 1971 deinde
1573 1936 1677 1972 intra

217 2000 306 2031 octo
332 1993 434 2043 pilas
461 1994 504 2029 in
531 1999 689 2030 ovatam
710 1992 882 2029 formam
904 1990 1177 2039 contrahatur,
1207 2003 1333 2042 usque
1352 1989 1404 2027 ad
1426 1997 1677 2028 curvaturam

216 2055 402 2101 quattuor
439 2061 603 2085 arcuum
639 2049 919 2085 sustinentium
956 2045 1306 2097 hemisphaerium.
1363 2046 1470 2083 unde
1500 2047 1545 2084 fit
1568 2053 1614 2084 ut
1642 2048 1676 2084 si

217 2118 308 2156 pars
338 2105 408 2140 illa
443 2103 711 2141 consideretur
738 2101 1021 2154 comprehensa
1050 2105 1153 2140 intra
1180 2104 1281 2154 pilas
1307 2109 1345 2139 et
1368 2104 1591 2151 columnas,
1622 2105 1675 2141 sit

217 2162 348 2198 forma
365 2167 500 2206 ovata3
532 2161 567 2197 si
587 2173 679 2196 vero
699 2166 781 2196 tam
800 2162 902 2196 intra
922 2172 1042 2211 quam
1064 2166 1176 2205 extra
1197 2161 1297 2210 pilas
1316 2161 1591 2210 perspiciatur,
1623 2161 1674 2196 sit

220 2215 428 2269 quadrata.
488 2216 598 2252 aulas
617 2217 711 2253 istas
731 2215 915 2252 cubicula
935 2222 1076 2252 vocant
1103 2216 1332 2266 scriptores,
1364 2228 1531 2267 quorum
1556 2228 1674 2253 usum

220 2272 407 2310 describit
435 2272 626 2309 Paulinus
657 2273 771 2322 epist.
803 2273 876 2319 ¹12,
907 2271 975 2308 ubi
1002 2270 1050 2308 de
1083 2273 1232 2323 templo
1260 2272 1302 2310 S.
1327 2273 1468 2310 Felicis
1496 2272 1672 2310 Nolano:

218 2328 404 2366 cubicula
425 2329 532 2363 intra
547 2328 725 2378 portica-5·
744 2334 936 2378 quaterna
950 2327 1079 2379 longis
1099 2327 1286 2365 basilicae
1303 2328 1493 2365 lateribus
1508 2329 1674 2373 inserta,

217 2385 373 2423 secretis
393 2385 592 2420 orantium
613 2383 679 2421 vel
698 2384 740 2420 in
762 2384 848 2434 lege
873 2384 1024 2420 domim·
1044 2384 1338 2430 meditantium,
1362 2391 1569 2434 praeterea
1591 2396 1675 2420 me-

218 2442 353 2478 moriis
370 2440 642 2490 religiosorum
661 2453 710 2476 ac
714 2439 993 2490 familiarium
1013 2441 1326 2477 accommodatos
1344 2441 1402 2477 ad
1413 2442 1532 2491 paci-s·
1547 2446 1675 2476 aeter-

218 2511 294 2534 nae
311 2497 483 2547 requiem
501 2496 604 2532 locos
618 2496 821 2546 praebent.
865 2498 1095 2534 Anastasius
1109 2498 1151 2533 in
1170 2497 1308 2547 Sergio
1327 2498 1413 2533 PP:
1445 2496 1510 2533 hic
1532 2502 1676 2532 tectum

219 2560 257 2590 et
279 2552 464 2590 cubicula
486 2553 672 2590 universa
700 2554 743 2589 in
770 2553 938 2589 circuitu
967 2552 1153 2590 basilicae
1181 2553 1236 2589 B.
1269 2552 1397 2590 Pauli
1424 2552 1594 2602 apostoli
1618 2573 1676 2580 —

218 2609 431 2647 studiosius
467 2610 672 2645 renovavit
703 2622 753 2645 ac
790 2610 1002 2658 reparavit.
1065 2608 1259 2646 eiusmodi
1292 2608 1560 2646 cubiculorum
1593 2620 1675 2645 non

219 2666 343 2704 semel
374 2665 469 2702 alibi
498 2667 701 2711 meminit,
733 2677 755 2701 a
785 2666 927 2716 quibus
947 2666 1188 2716 capellarum
1206 2672 1451 2713 nostrarum,
1482 2667 1542 2702 uti
1565 2676 1675 2701 nuuc

221 2722 491 2773 appellantur,
523 2723 631 2772 origo
660 2720 816 2758 videtur
845 2720 1065 2772 desumpta.
1125 2721 1294 2761 οἰκίσκοι
1318 2719 1500 2758 dicuntur
1519 2721 1560 2758 S.
1583 2720 1675 2757 Nilo

221 2778 272 2815 ad
303 2777 629 2829 olympiodorum
657 2778 901 2829 praefectum
928 2780 970 2814 in
1001 2778 1271 2828 Descriptione
1300 2779 1440 2829 templi
1461 2778 1508 2815 ab
1533 2775 1676 2814 eodem

221 2833 503 2887 Olympiodoro
526 2836 738 2874 exstructi.
768 2833 811 2875 ἐν
834 2831 878 2875 δὲ
897 2849 952 2890 τω
981 2849 1104 2890 κοινω
1129 2834 1225 2890 οἴκω
1251 2836 1411 2884 πολλοῖς
1435 2833 1503 2875 καὶ
1527 2827 1677 2884 διαφό-
