1890 3224
285 183 425 215 xxvm
893 169 1123 224 QUERCII

285 283 327 321 in
349 279 490 335 quibus
514 281 597 319 eius
618 280 789 332 genuina
806 280 951 333 scripta
970 282 1160 320 contineri
1180 289 1247 320 aut
1267 281 1439 321 vidimus
1463 288 1530 320 aut
1549 283 1733 334 legimus.

284 351 326 387 in
346 348 587 388 bibliotheca
606 349 793 388 Vaticana
812 351 988 402 quinque
1008 357 1099 388 sunt
1115 349 1345 389 huiusmodi
1361 350 1513 389 codices
1526 381 1536 399 ,
1566 348 1734 403 quorum

284 419 434 469 primus
463 419 641 468 signatur
662 430 773 454 num.
798 410 892 459 121.
950 420 992 456 in
1023 432 1068 456 eo
1098 413 1253 470 praeter
1276 417 1522 467 Cleomedis,
1551 419 1733 470 Dionysii

282 486 511 536 Periegetae
524 515 534 534 ‚
565 483 768 522 Theodori
792 486 999 524 Prodromi
1019 487 1266 538 aliorumque
1286 468 1405 537 opera
1423 493 1514 523 sunt
1535 486 1734 539 Γεωργίου

285 549 476 594 διακόνου
505 552 574 593 καὶ
601 554 909 608 ῤἐφερενδαρίου
934 557 1008 595 τοῦ
1039 555 1213 595 Πισίδου
1235 554 1357 606 στίχοι
1376 554 1431 602 εἷς
1451 550 1526 606 τὴν
1543 550 1734 605 Ἑξαήμε-

285 636 369 673 ρον.
428 620 557 658 codex
586 627 645 659 est
668 623 977 672 minutissimus,
1009 621 1079 660 sed
1100 623 1344 673 elegantibus
1363 622 1504 659 litteris
1525 628 1707 659 exaratus
1720 634 1733 658 τ

284 689 407 728 iambi
426 689 591 740 singulis
611 690 768 741 paginis
796 692 839 727 in
868 697 1051 743 quattuor
1072 691 1273 728 columnas
1296 689 1524 741 digeruntur
1537 719 1547 739 ‚
1570 702 1655 727 non
1677 691 1734 727 ita

282 763 417 794 tamen
433 764 477 794 ut
499 763 577 795 tota
595 759 777 812 columna
791 760 920 810 prima
936 757 1107 809 legenda
1123 759 1192 807 sit,
1224 765 1435 810 antequam
1453 756 1504 794 ad
1519 756 1734 795 secundam

286 825 375 876 quis
394 824 691 877 progrediatur,
722 825 794 864 sed
813 840 836 864 a
855 827 1022 877 singulis
1045 826 1234 877 cuiusque
1255 826 1461 863 columnae
1483 827 1622 877 primis
1641 838 1734 862 ver-

285 892 393 931 sibus
427 892 700 944 incipiendum
735 896 807 943 sit,
846 902 884 932 et
914 896 970 932 sic
1001 893 1142 931 deinde
1177 891 1418 931 veniendum
1447 892 1497 931 ad
1525 892 1732 941 secundos,

283 961 419 998 tentios
433 990 443 1009 ,
475 969 656 1013 quartos,
687 969 805 1014 atque
836 976 882 1000 eo
911 961 1047 1000 ordine
1069 958 1379 999 continuandum
1397 972 1524 1011 usque
1545 959 1596 996 ad
1613 959 1734 997 finem

285 1029 467 1079 paginae.
528 1035 702 1066 ceterum
724 1030 861 1067 multis
894 1036 1017 1067 scatet
1046 1029 1261 1077 erroribus,
1297 1041 1341 1064 ac
1366 1028 1500 1079 plures
1527 1029 1570 1064 in
1594 1041 1639 1065 eo
1662 1026 1734 1065 de-

285 1103 377 1133 sunt
403 1110 539 1134 versus
553 1126 563 1145 ‚
601 1097 735 1148 plures
767 1104 856 1135 sunt
887 1103 1001 1134 extra
1031 1095 1212 1134 ordinem
1241 1097 1481 1146 transpositi.
1539 1095 1734 1134 secundus

286 1161 414 1200 codex
430 1165 642 1202 Vaticanus
663 1171 722 1202 est
740 1165 818 1205 166
832 1193 842 1212 ‚
871 1177 953 1201 non
982 1164 1227 1214 ineleganter
1253 1148 1324 1200 sed
1351 1163 1524 1201 multum
1545 1162 1735 1202 mendose

285 1231 473 1281 scriptus,
527 1245 618 1269 cum
657 1230 999 1269 emendationibus
1030 1245 1051 1268 a
1081 1233 1287 1268 recentiori
1322 1244 1445 1268 manu
1472 1230 1661 1282 adpositis
1692 1232 1735 1268 in

283 1300 478 1348 margine.
536 1300 675 1337 titulus
693 1306 751 1337 est
770 1302 843 1340 τοῦ
861 1295 1098 1350 σοφωτάτου
1119 1298 1187 1338 καὶ
1203 1294 1440 1351 λογιωτάτου
1457 1297 1525 1338 καὶ
1548 1298 1737 1351 ρεφερεν-

283 1366 426 1418 δαρίου
445 1367 518 1418 τῆς
538 1363 709 1420 μεγάλης
731 1366 956 1419 ἐκκλησίας,
985 1367 1127 1419 κυρίου
1148 1368 1222 1406 τοῦ
1240 1366 1434 1415 Πισίδου,
1462 1366 1584 1418 στίχοι
1603 1366 1738 1418 ἰαμβι-

281 1433 348 1474 nol.
375 1431 472 1487 πρός
503 1431 573 1475 τὸν
599 1430 847 1488 πατριάρχην
876 1430 1338 1480 Κωνσταντινουπόλεως
1363 1431 1552 1486 Σέργιον,
1581 1432 1657 1471 hoc
1679 1440 1738 1471 est

282 1503 327 1539 in
343 1501 617 1539 Hexab'meron
636 1503 772 1553 Sergio
792 1502 981 1539 dicatum.
1044 1515 1098 1539 ex
1116 1500 1192 1539 hoc
1211 1499 1345 1538 codice
1365 1499 1503 1537 decem
1523 1501 1614 1538 illos
1633 1502 1738 1538 iam-

280 1569 352 1606 bos
374 1570 646 1620 supplevimus
670 1570 713 1606 in
734 1570 928 1620 principio
950 1583 988 1607 v.
1012 1573 1088 1618 22,
1120 1570 1189 1620 qui
1210 1575 1301 1605 sunt
1315 1569 1358 1605 in
1375 1567 1537 1605 laudem
1558 1566 1738 1605 eiusdem
1768 1603 1777 1610 ,

282 1636 426 1686 Sergii.
487 1634 631 1673 desinit
658 1638 702 1673 in
730 1649 890 1674 versum
924 1639 1052 1678 1627:
1084 1633 1211 1683 οὕτως
1237 1635 1379 1675 ἕκαστα
1407 1630 1688 1687 συμφερόντως
1709 1633 1739 1688 ἦ

281 1699 416 1756 χάρις,
444 1702 515 1741 sed
544 1716 615 1755 pro
649 1699 763 1755 χάρις
788 1701 911 1741 habet
933 1704 1070 1752 κτίσις.
1126 1705 1264 1741 tertius
1294 1702 1421 1740 codex
1447 1704 1659 1741 Vaticanus
1679 1710 1738 1741 est

282 1773 364 1812 867
377 1800 387 1819 ,
417 1772 461 1807 in
488 1784 566 1822 quo
586 1770 667 1812 419
685 1771 809 1808 iambi
827 1778 981 1808 tantum
1006 1771 1054 1808 ab
1077 1773 1326 1809 Hexaemero
1347 1772 1522 1822 excerpti
1538 1760 1737 1822 leguntur,

284 1839 353 1890 qui
375 1845 467 1876 sunt
487 1837 535 1875 de
555 1839 789 1876 animalium
808 1838 1135 1890 proprietatibus:
1173 1840 1312 1890 incipit
1334 1841 1440 1876 enim
1461 1853 1482 1876 a
1504 1853 1619 1878 versu
1635 1842 1737 1882 938:

286 1908 346 1955 τίς
365 1909 513 1960 ταῦρον
530 1903 761 1960 ἔκροίτυνεν,
793 1913 832 1943 et
851 1904 995 1944 desinit
1013 1907 1056 1943 in
1077 1915 1237 1944 versum
1256 1906 1386 1948 1357:
1417 1903 1517 1959 πρὸς
1531 1904 1661 1960 ἤνπερ
1680 1903 1739 1947 εἶ-

285 1989 353 2027 χεν
372 1970 514 2014 ου’σίαν
535 1969 785 2027 α’ναστρέφει.
843 1981 948 2011 totus
978 1980 1036 2012 est
1060 1975 1309 2025 negligenter
1327 1981 1365 2011 et
1385 1987 1407 2011 a
1425 1975 1591 2011 barbara
1616 1987 1740 2012 manu

286 2049 472 2080 exaratus
485 2072 495 2091 ,
527 2049 572 2079 ut
588 2055 670 2080 non
689 2041 844 2080 dubites
867 2056 959 2080 eum
979 2056 1002 2080 a
1017 2043 1210 2094 sequioris
1230 2042 1377 2079 saeculi
1398 2040 1571 2094 quodam
1591 2042 1738 2079 Graeco

289 2122 507 2147 emanasse.
565 2110 704 2147 titulus
725 2117 784 2148 est
802 2110 1003 2164 Γεωργίου
1026 2112 1100 2150 τοῦ
1116 2105 1352 2160 σοφωτάτου
1369 2108 1438 2149 καὶ
1458 2105 1649 2150 διακόνου
1666 2111 1740 2161 τῆς

286 2179 359 2217 τοῦ
381 2173 552 2229 μεγάλης
570 2170 777 2229 ἕκκλησίὰς
794 2177 928 2228 στίχοι.
985 2179 1028 2215 in
1055 2177 1132 2215 fine
1154 2178 1300 2227 legitur
1321 2175 1430 2225 τέλος
1451 2179 1531 2218 τοῖν
1549 2177 1738 2229 στιχείων.

285 2246 458 2293 interea,
490 2243 598 2295 quod
624 2246 788 2293 mirere,
818 2245 942 2281 iambi
966 2257 1048 2281 non
1075 2251 1166 2282 sunt
1193 2247 1386 2298 στιχηρῶς
1411 2243 1482 2284 sed
1508 2246 1550 2281 in
1573 2242 1740 2281 modum

285 2325 425 2364 prosae
459 2312 645 2349 orationis
676 2313 857 2363 scriptae.
916 2318 1077 2363 quartus
1109 2311 1237 2349 codex
1256 2315 1344 2351 Vat.
1368 2319 1427 2350 est
1446 2313 1576 2360 1126,
1606 2323 1738 2348 mem-

284 2381 522 2429 branaceus,
554 2382 636 2418 eius
655 2380 807 2417 formae
829 2391 949 2431 quam
970 2378 1137 2417 dicimus
1157 2382 1199 2417 iu
1218 2382 1268 2421 16
1282 2410 1292 2430 ,
1322 2368 1446 2418 nitide
1472 2387 1511 2417 et
1539 2380 1739 2429 eleganter

85 2467 121 2502 p.
142 2451 263 2489 XXVI
287 2457 345 2498 et,
374 2456 419 2486 ut
445 2447 625 2496 videtur,
656 2448 758 2484 circa
785 2448 987 2484 saeculum
1013 2448 1065 2488 13
1094 2461 1117 2484 a
1138 2450 1264 2499 perito
1288 2445 1530 2498 calligrapho
1556 2448 1737 2496 scriptus.

253 2519 317 2556 ‘is
345 2523 405 2554 est
433 2514 562 2553 codex
590 2529 643 2552 ex
668 2528 746 2567 quo
774 2516 934 2553 fuerunt
960 2516 1156 2566 exscripta
1178 2514 1367 2566 opuscula
1385 2513 1544 2551 Pisidae
1566 2515 1614 2550 ab
1637 2514 1738 2551 Hol-

287 2586 412 2624 stenio
438 2585 560 2621 missa
585 2584 789 2632 Maltreto,
821 2596 939 2635 quem
970 2584 1140 2621 Allatius
1162 2595 1243 2620 non
1264 2581 1386 2631 vidit,
1421 2595 1442 2619 a
1466 2595 1544 2634 quo
1568 2566 1737 2633 apogra—

287 2652 414 2705 phum
432 2649 696 2688 bibliothecae
715 2652 966 2688 Corsinianae
984 2652 1200 2688 formatum
1219 2657 1298 2698 est,
1329 2657 1367 2687 et
1385 2662 1463 2702 quo
1484 2648 1646 2686 demum
1663 2660 1737 2685 nos

289 2723 333 2759 in
356 2719 433 2757 hac
464 2717 635 2756 editione
660 2717 905 2769 procuranda
928 2720 990 2755 usi
1015 2731 1164 2756 sumus.
1223 2719 1265 2754 in
1292 2731 1337 2755 eo
1363 2719 1470 2755 enim
1493 2718 1739 2754 continentur

292 2789 424 2827 omnia
456 2783 614 2825 Pisidae
644 2788 817 2824 carmina
849 2784 925 2825 hoc
958 2787 1073 2824 titulo
1098 2793 1216 2839 atque
1240 2785 1375 2824 ordine
1397 2785 1520 2838 στίχοι
1541 2778 1740 2836 Γεωργίου
