1890 3224
434 190 509 233 DE
532 190 919 236 EXPEDITIONE
950 191 1175 236 PERSICA
1208 192 1327 236 AcR.
1354 192 1387 234 ι.
1483 154 1489 159 ’
1609 192 1640 236 7

319 305 372 346 85
403 301 527 348 ἄϋλον
548 305 590 347 ἓν
609 306 672 348 σοὶ
695 309 775 348 τῶν
798 310 955 364 φρενῶν
976 307 1218 363 μελουργίαν

401 373 442 414 ἓν
464 377 522 430 τῷ
542 377 761 431 γλυκασμῷ
774 387 786 400 ·
819 375 888 417 τὸν
908 375 986 432 γὰρ
1010 374 1071 416 Hm
1093 375 1165 417 οὐκ
1187 374 1287 429 ἔχεις
1298 407 1311 428 ,

400 440 452 482 σὺ
472 440 621 492 παντὸς
641 441 795 492 ἄνθους
814 443 951 499 ε’κλέγῃ
973 442 1019 485 τὸ
1035 442 1238 500 χρήσιμον

400 510 456 558 εἷς
478 508 608 551 πάντα
630 509 793 567 καιρόν·
822 511 963 568 οὐγὰρ
987 513 1043 561 εἷς
1065 511 1136 568 ἴαρ
1157 510 1294 565 μόνον.

398 576 449 619 σὺ
472 578 654 634 κέντρον,
689 577 744 629 ὥς
762 579 928 633 μέλιττα
939 611 952 630 ,
986 579 1081 629 τοὺς
1101 578 1251 634 νόμους
1274 579 1389 633 ἔχεις.

315 647 372 687 90
402 644 494 686 ἀλλ’
519 646 592 687 οὒκ
614 646 812 703 ἀναιρεῖς,
859 647 955 690 οὐδὲ
975 646 1159 702 πλήττεις
1182 650 1238 698 εἷς
1258 646 1409 702 βάθος.

402 713 444 756 εἷ’
460 730 536 755 που
560 714 637 771 γὰρ
665 714 795 771 εὕροις
817 714 929 766 ἄξιον
950 719 1103 771 πληγῆς
1123 717 1245 770 μέλος
1251 748 1264 768 ,

396 781 493 831 τοὺς
511 783 585 835 μὲν
607 781 769 836 νόμους,
792 781 847 833 ὥς
868 784 1042 840 κέντρον,
1063 782 1204 834 ἁπλοῖς
1224 784 1326 840 πρὸς
1348 780 1491 840 φόβον,

396 851 514 906 φείδῃ
540 850 584 891 δὲ
607 849 788 900 πάντως·
822 853 890 893 καὶ
910 850 955 893 τὸ
974 852 1135 908 κέντρον
1152 851 1346 903 πολλάκις

393 920 540 972 πλῆξαι
562 920 754 977 προπηδᾷ
774 920 840 960 καὶ
866 917 987 961 πάλιν
1013 920 1292 971 συστέλλεται,

311 984 367 1028 95
394 984 440 1027 τὸ
464 986 678 1042 δραστικὸν
698 987 742 1029 δὲ
764 988 1001 1046 συμπαθείᾳ
1020 986 1292 1045 κρατούμενον

395 1052 544 1107 ἔμεινεν
565 1052 707 1110 ἀργόν·
742 1053 817 1096 κᾶν
842 1054 919 1112 γὰρ
945 1056 1076 1106 ὀξεῖαν
1098 1055 1224 1113 ῥοπὴν

393 1119 486 1178 ἔχῃ,
522 1121 583 1163 δι’
605 1120 720 1176 ὑμῶν
743 1123 918 1178 εὐσεβῶς
938 1122 1208 1178 ἀμβλύνεται,

391 1191 459 1231 καὶ
481 1188 645 1242 λοιπόν,
681 1187 815 1248 ὥσπερ
839 1193 883 1233 ἐκ
906 1190 1203 1249 φιλανθρώπου
1222 1191 1406 1247 πάθους,

392 1256 524 1310 στάζει
545 1258 591 1300 τὸ
612 1259 774 1316 κέντρον
795 1259 884 1302 ἀντὶ
909 1261 1070 1317 πικρίας
1089 1261 1193 1314 μέλι.

277 1329 360 1369 100
454 1325 566 1368 Ἀλλ’
590 1326 632 1368 ἓν
651 1326 896 1383 παρεκβάσει
918 1345 970 1381 με
991 1332 1065 1370 τοῦ
1086 1329 1345 1386 προκειμένου

391 1392 419 1448 ἦ
441 1398 521 1436 τῶν
540 1398 675 1436 καλῶν
696 1411 770 1437 σου
787 1395 1004 1452 τερπνότης
1023 1395 1246 1452 ἀπήγαγεν·

393 1462 491 1504 ὅθεν
510 1462 611 1518 πρὸς
634 1463 762 1513 αὐτὰς
782 1468 855 1506 τοῦ
875 1462 995 1520 λόγου
1019 1464 1094 1515 τὰς
1111 1464 1292 1515 αὔλακας

389 1527 511 1571 πάλιν
530 1534 714 1587 γεωργῶν
733 1529 879 1586 εἰσάγω
897 1532 949 1574 τὰ
968 1533 1193 1588 σπέρματα.

439 1595 504 1639 ‘H
521 1598 591 1649 νὺξ
609 1599 684 1652 μὲν
705 1596 731 1653 ἦ
751 1599 921 1652 μέλαινα
941 1604 1022 1642 τῶν
1044 1602 1231 1642 ἐναντίων

273 1667 354 1711 105
389 1667 446 1716 εἲς
468 1670 604 1708 πᾶσαν
626 1665 830 1721 ἓξήπλωτο
852 1667 926 1722 τὴν
949 1669 1205 1724 οἰκουμένην·

388 1732 508 1790 κόρος
526 1733 604 1790 γὰρ
627 1735 699 1776 οὐκ
717 1728 767 1789 ἦν
782 1736 991 1792 Περσικῆς
1012 1736 1259 1791 ἀπληστίας,

389 1801 485 1842 ἀλλ’
510 1802 697 1851 ἓξέτεινον
716 1802 790 1851 τὰς
812 1802 960 1859 ὀρέξεις
979 1805 1035 1853 εἷς
1054 1802 1218 1860 φόνους.

387 1868 492 1922 πλὴν
512 1871 567 1919 εἷς
589 1869 744 1926 ἄφεγγῆ
765 1870 833 1911 καὶ
853 1868 1054 1925 τοσαύτην
1073 1869 1246 1927 ἑσπέραν

387 1936 490 1994 πρὸς
509 1937 634 1980 ὕπνον
658 1937 780 1988 αὐτὸς
796 1937 987 1992 οὐδαμῶς
1002 1937 1274 1996 μετετράπης·

226 2095 228 2098 .
258 2061 478 2147 ῗέιέκλὲἰξις
499 2065 529 2100 P
665 2065 712 2102 95
735 2076 779 2101 an
803 2066 1019 2111 συμπαθεῖῖ
1057 2067 1103 2104 cf.
1126 2067 1150 2103 Ξ
1171 2066 1241 2104 214
1274 2065 1342 2102 τοῦ
1374 2065 1442 2101 σοῦ
1473 2062 1626 2111 ἡμέρου,

345 2121 385 2146 σε

167 2221 248 2266 (85)
268 2233 335 2257 non
359 2221 535 2258 materiale
556 2225 638 2258 tuae
662 2222 782 2260 mentis
808 2224 1012 2262 mellificium
1037 2235 1136 2273 quam
1160 2225 1408 2261 dulcissimum?
1454 2236 1521 2259 non
1539 2224 1626 2259 enim

165 2268 230 2302 tibi
244 2272 298 2302 est
311 2279 489 2304 venenum.
534 2274 573 2304 tu
593 2281 637 2304 ex
652 2271 741 2305 omni
755 2272 843 2307 flore
858 2273 986 2318 colligis
1000 2273 1092 2319 quod
1109 2274 1231 2307 bonum
1248 2278 1301 2307 est
1314 2299 1326 2315 ,
1350 2283 1410 2317 per
1425 2283 1522 2305 omne
1537 2275 1625 2304 tem-

165 2322 247 2358 pus:
285 2324 353 2348 non
376 2314 464 2349 enim
490 2326 571 2349 vere
594 2320 736 2353 tantum.
781 2322 820 2351 tu
842 2319 995 2353 aculeum
1008 2343 1020 2361 ,
1060 2325 1099 2352 ut
1121 2319 1207 2363 apin,
1244 2319 1278 2352 id
1304 2324 1357 2351 est
1380 2318 1474 2361 leges
1502 2317 1624 2350 habes:

165 2359 248 2403 (90)
261 2358 323 2393 sed
338 2370 403 2394 neo
418 2359 557 2404 occidis,
579 2372 643 2395 nec
658 2362 724 2395 imo
738 2362 822 2397 feris
837 2364 991 2400 vulnere.
1037 2364 1065 2399 si
1082 2364 1216 2410 quando
1233 2363 1321 2398 enim
1338 2360 1469 2397 invenis
1485 2362 1623 2406 dignum

165 2403 269 2449 plaga
283 2406 476 2448 membrum,
499 2406 594 2450 leges
610 2411 648 2440 ut
663 2407 814 2442 aculeum
827 2408 976 2445 intendis
988 2410 1034 2443 ad
1049 2409 1213 2445 timorem.
1243 2409 1356 2454 parcis
1371 2421 1454 2442 vero
1470 2419 1624 2453 semper3

165 2454 203 2483 et
225 2461 330 2496 saepe
351 2451 487 2486 aculeus
510 2451 554 2485 ad
579 2450 767 2487 feriendum
793 2454 896 2490 micat
917 2460 953 2490 et
974 2465 1092 2489 rursus
1116 2455 1344 2497 contrahitur,
1377 2454 1461 2498 (95)
1485 2454 1624 2498 eiusque

164 2494 275 2530 aerior
300 2495 353 2530 vis
379 2496 609 2531 misericordia
631 2498 745 2532 fracta
769 2499 910 2544 languet
929 2499 1038 2535 iners=
1072 2501 1225 2546 quamvis
1253 2501 1338 2534 enim
1363 2504 1494 2533 acutam
1516 2499 1620 2532 aciem

163 2538 304 2583 habeat,
325 2546 386 2575 tua
400 2542 610 2587 benignitate
624 2544 839 2578 obtunditur:
862 2550 900 2580 at
912 2546 991 2581 dum
1006 2545 1153 2589 demum,
1177 2546 1224 2580 uti
1241 2558 1285 2579 ex
1300 2545 1464 2579 bominum
1484 2545 1621 2578 commi-

163 2584 356 2630 sei-atione,
386 2587 451 2622 mel
472 2599 535 2634 pro
551 2588 704 2623 amarin'e
718 2589 858 2625 instillat
871 2590 1021 2626 aculeus.
1068 2592 1170 2637 (100)
1186 2591 1248 2625 sed
1261 2592 1296 2624 in
1311 2589 1552 2634 digressionem
1567 2602 1620 2623 me

162 2641 185 2664 a
205 2631 381 2675 proposito
399 2637 481 2667 tuae
505 2632 665 2668 bonitatis
680 2634 826 2669 iucunda
841 2636 1065 2672 consideratio
1079 2637 1234 2671 abduxit.
1286 2636 1376 2670 unde
1389 2636 1423 2669 in
1439 2637 1532 2681 ipsos
1547 2635 1619 2680 pri-

162 2686 236 2710 mos
249 2677 410 2711 sermonis
424 2678 535 2713 sulcos
549 2679 671 2714 iterum
685 2679 820 2715 fodiens
834 2692 962 2728 spargo
976 2683 1114 2717 semina.
1149 2692 1219 2716 nox
1233 2681 1368 2727 quidem
1381 2681 1478 2726 nigra
1493 2682 1614 2714 barba-

162 2732 279 2755 rorum
301 2721 444 2756 hostium
468 2724 573 2766 (105)
587 2729 695 2759 totam
715 2724 784 2760 late
803 2730 929 2762 terram
942 2732 1188 2773 occupaverat:
1212 2727 1359 2761 noudum
1375 2728 1461 2761 enim
1478 2728 1616 2771 expiem

162 2770 240 2801 erat
255 2766 400 2801 aviditas
413 2768 593 2804 Persarum
603 2794 616 2813 ‚
636 2770 696 2804 sed
710 2770 863 2807 inhiabat
876 2774 986 2808 adbuc
1002 2774 1045 2807 ad
1061 2773 1194 2806 medes.
1240 2777 1280 2806 tu
1294 2784 1378 2806 vero
1392 2771 1482 2806 inter
1498 2776 1616 2805 tantae

162 2811 453 2847 noctis—lenebms
472 2825 588 2849 somno
613 2819 651 2850 te
665 2814 774 2862 ipsum
788 2817 978 2855 nullatenus
992 2817 1181 2854 tradidistiz
1203 2819 1305 2864 (110)
1320 2823 1513 2852 nostrarum
1528 2819 1614 2852 euim

218 2875 349 2921 Georg.
378 2877 489 2912 Pa'sid.
1312 2876 1340 2918 4
