1838 3210
549 149 881 196 DESCRIPTIO
915 150 960 195 S.
992 150 1243 197 SOPHIAE.
1527 152 1619 199 103

173 260 278 298 inter
298 266 483 311 quattuor
498 272 671 297 summos
686 272 804 297 arcus
823 266 862 298 et
878 259 1227 311 hemisphaerium,
1265 260 1537 313 quadraginta
1546 261 1621 312 fe-

175 318 314 354 nestris
338 316 466 353 lucem
493 317 740 364 intromittit;
775 317 929 354 muruli
952 317 1124 357 arcubus
1155 318 1318 357 subiecti
1339 318 1620 356 illuminantur
1640 316 1670 352 P
1692 314 1760 352 557

173 374 322 424 viginti
335 386 401 409 sex
410 372 619 424 fenestris,
647 372 767 410 aulae
790 374 1041 412 intermediae
1067 376 1232 427 viginta
1252 375 1432 414 duabus:
1472 376 1516 412 in
1534 376 1621 412 sin-

168 429 282 480 gulis
308 430 486 466 extremis
510 429 616 467 aulis
645 429 900 468 orientalibus
927 430 1063 468 lucent
1084 431 1186 482 plus
1206 433 1364 484 viginti.
1418 438 1619 482 praetaeo

172 486 276 523 duas
302 486 561 523 occidentales
587 492 626 522 et
649 493 839 538 quattuor
860 486 1064 538 inferiores
1081 488 1216 535 aulas,
1255 497 1339 526 tum
1362 488 1464 526 duae
1480 494 1619 538 partes

170 542 379 592 sphaerae,
417 549 502 580 tum
526 555 684 580 sacram
708 543 817 580 aedis
839 551 999 593 partem
1019 543 1112 582 solis
1141 544 1407 600 sacerdotibus
1424 544 1519 582 olim
1533 557 1617 594 pa-

172 605 329 637 tentem.
386 598 480 636 sileo
504 600 741 649 superiorem
750 601 968 651 porticum,
1009 602 1127 638 etiam
1153 596 1196 639 in
1224 603 1397 639 medium
1427 600 1618 652 templum

170 655 326 692 clarum
355 655 491 693 lumen
520 657 779 704 emittentem5
830 670 997 707 quorum
1023 658 1200 695 omnium
1226 658 1382 696 lumina
1410 670 1619 695 numerare

169 713 285 749 omisi
300 711 347 748 ob
367 711 675 749 multitudinem
734 719 851 764 atque
882 726 929 751 eo
960 720 1138 765 spectant
1168 716 1244 753 ista
1274 715 1482 765 Procopii·
1513 711 1616 765 φωτὶ

168 768 213 808 δὲ
231 767 300 808 καὶ
303 767 435 837 ηλίου
453 771 727 821 μαρμαρυγαῖς
741 767 961 837 ὑπερφυῶς
976 766 1139 822 πλήθει.
1169 768 1336 823 maine*
1309 786 1360 811 αν
1374 786 1449 811 ουκ
1462 769 1616 818 ἔξωθεν

165 820 496 890 καταλάμπεσθαι
520 823 626 879 ἡλίῳ
644 822 711 865 τὸν
718 827 884 892 χῶρον,
923 821 1022 866 dud
1050 841 1124 878 την
1155 827 1296 895 αἴγλην
1316 827 1360 868 ἔν
1385 823 1495 880 αυτῷ
1512 821 1615 877 φύε-

165 885 285 921 σθαι·
323 876 495 932 τοσαύτη
530 895 588 928 τις
616 895 752 932 aporos
780 882 990 934 περιουσία
1018 881 1076 930 εἰς
1102 885 1219 924 τοῦτο
1250 880 1294 924 τὰ
1324 880 1429 937 ἱερὸν
1452 880 1615 936 περικέ-

162 952 344 1034 zmm48.
381 994 529 1033 Verum
549 993 623 1031 etsi
641 999 700 1030 tot
718 993 902 1031 fenestris
919 993 1052 1031 lucem
1069 994 1242 1046 excipiat
1261 991 1380 1032 aedes
1396 992 1612 1046 Sophiana‚

162 1051 304 1088 maiori
323 1051 449 1088 fenne
471 1062 524 1087 ex
541 1050 711 1087 lucernis
731 1047 982 1100 lampadibus
1005 1050 1281 1088 uoluminibus
1296 1052 1445 1102 passim
1460 1050 1513 1088 ad
1528 1051 1612 1088 for-

160 1108 271 1145 uices
290 1114 330 1144 et
346 1114 494 1144 ceteras
516 1107 656 1157 templi
671 1112 804 1157 partes
825 1107 1022 1157 appensis,
1048 1106 1287 1159 quibusdam
1307 1109 1427 1144 etiam
1445 1102 1614 1158 α’κοιμή-

160 1178 245 1211 τοις
262 1176 332 1201 seu
347 1169 537 1215 perpetuo
553 1162 789 1211 lucentibus,
817 1163 884 1199 vel
905 1161 1079 1201 interdiu
1097 1164 1163 1201 vel
1180 1162 1229 1201 de
1246 1170 1374 1211 nocte,
1398 1165 1441 1200 in
1461 1163 1613 1202 diurnis

161 1232 208 1257 ac
237 1221 472 1272 vespertinis
502 1219 666 1267 officiis,
710 1216 1004 1271 quodamnodo
1034 1219 1278 1258 collucebat:
1324 1220 1471 1272 ubique
1503 1221 1614 1257 enim

160 1276 364 1314 micabant
379 1288 558 1321 coronae,
587 1274 829 1313 candelabra
847 1274 1167 1326 resplendebant,
1193 1283 1238 1314 ut
1257 1276 1388 1314 verbis
1408 1283 1498 1314 utar
1513 1277 1613 1314 scri-

159 1335 284 1384 ptoris
300 1334 405 1371 vitae
427 1332 470 1370 S.
488 1331 687 1369 Desidet-ii
708 1332 881 1383 episcopi
901 1332 1147 1370 Cat-urcensis
1170 1345 1203 1370 c.
1227 1334 1253 1372 9
1279 1338 1318 1369 et
1338 1339 1383 1369 ut
1401 1334 1456 1370 ait
1478 1332 1614 1370 Silen-

158 1390 298 1427 tiarius
318 1396 418 1440 part.
441 1390 468 1428 2
487 1401 526 1426 v.
547 1387 651 1435 442,
681 1400 878 1439 appensae
897 1394 1008 1426 erant
1026 1395 1114 1426 tum
1129 1387 1182 1425 ad
1202 1388 1405 1426 columnas
1424 1395 1463 1426 et
1478 1390 1612 1440 parie-

160 1452 219 1483 tes
231 1474 241 1493 ,
270 1452 357 1483 tum
376 1446 498 1483 etiam
516 1457 540 1481 a
558 1442 756 1481 testudine
771 1457 843 1495 per
861 1450 1017 1482 catenas
1037 1443 1287 1496 pendebant,
1316 1450 1425 1483 tanto
1444 1457 1611 1483 numero

159 1508 203 1540 ut
221 1503 263 1540 in
283 1506 372 1540 aere
392 1508 584 1552 tanquam
600 1501 645 1537 in
661 1501 762 1538 mari
782 1500 934 1538 fluitare
954 1499 1160 1553 lampades
1180 1499 1430 1539 viderentur:

1077 1555 1280 1620 ἕκκρεμὲες
1297 1554 1341 1596 δὲ

375 1608 546 1662 ευφαὲος
564 1607 745 1651 πλώουσι
762 1606 853 1650 κατ’
870 1606 991 1662 η’ἕρος
1009 1606 1100 1651 ἀντὶ
1117 1609 1338 1677 θαλάσσης

155 1682 288 1721 neque
309 1668 423 1706 aliter
436 1666 541 1705 hanc
554 1665 791 1718 lychnorum
809 1669 958 1719 passim
973 1669 1017 1705 in
1034 1666 1198 1706 aedibus
1213 1669 1332 1706 sacris
1349 1665 1610 1720 pendentium

155 1723 454 1764 multitudinem
485 1724 681 1775 expressit
700 1722 970 1774 Theophanes
990 1724 1202 1762 Cerameus
1218 1726 1338 1761 Hom.
1360 1724 1437 1773 55,
1468 1724 1538 1761 ubi
1559 1723 1610 1761 de

156 1782 255 1820 aede
278 1783 322 1821 S.
341 1782 451 1819 Petri
467 1786 667 1817 exstructa
689 1780 734 1816 in
757 1780 907 1831 palatio
927 1780 1134 1830 cpolitano
1159 1793 1183 1817 a
1203 1781 1350 1817 Basilio
1370 1779 1608 1818 Macedone.

156 1838 305 1879 πυκνοὶ
331 1835 375 1877 δὲ
404 1838 630 1888 λαμπτῆρες
646 1832 776 1902 πρὸς
788 1831 954 1882 ἓαυτους
985 1850 1043 1884 ως
1072 1835 1198 1876 εἰπεῖν
1235 1832 1502 1888 ἁμιλλώμενοι
1538 1833 1610 1876 τόν

155 1893 260 1937 ναόν
288 1894 528 1950 δαδουχοῦσι
550 1893 603 1947 τῇ
630 1885 836 1946 ἄκοιμήτω
864 1891 1100 1947 λυχνοκαΐα,
1142 1891 1212 1931 ἴσα
1235 1895 1323 1938 ταῖς
1347 1890 1513 1946 ἡμέραις
1540 1907 1611 1940 τας

155 1949 302 2001 νύκτας
316 1935 568 2002 φωτίζοντες
621 1947 813 1985 Paulinus
834 1949 925 1984 Nat.
943 1947 996 1987 9.

372 2018 460 2043 ecee
476 2004 585 2042 vides
602 2010 778 2055 quantus
794 2002 1000 2054 splendor,
1015 2001 1127 2041 velut
1139 2001 1236 2040 aede
1253 2009 1394 2040 renata

371 2062 524 2100 rideat.-
555 2059 799 2110 insculptum
817 2072 975 2098 camera
994 2060 1191 2110 crispante
1213 2059 1385 2097 lacunar

370 2120 417 2156 in
432 2117 542 2170 ligno
561 2117 748 2154 mentitur
766 2115 880 2162 ebur,
909 2123 1082 2167 tectoque
1100 2128 1268 2166 superne

365 2174 582 2226 pendentes
602 2172 739 2224 lychni
757 2174 875 2224 spiris
897 2173 1114 2210 retinentur
1128 2172 1286 2217 ahenis,

372 2238 410 2267 et
428 2230 555 2268 medio
574 2231 618 2267 in
636 2242 764 2267 vacuo
783 2229 888 2267 laxis
908 2242 1018 2281 vaga
1036 2228 1193 2266 lumina
1211 2233 1356 2265 nutant

363 2286 560 2339 funibus;
581 2286 778 2324 undantes
780 2286 977 2336 flammas
991 2285 1088 2324 levis
1101 2298 1206 2322 aura
1211 2284 1387 2336 fatigat

156 2355 181 2380 a
197 2335 450 2395 laquearibus
468 2344 576 2381 enim
592 2341 819 2394 pendebant
832 2340 1050 2395 lychnuchi
1067 2341 1305 2379 orbiculares
1324 2346 1364 2377 et
1380 2339 1423 2376 in
1440 2336 1607 2376 modum

156 2412 323 2437 coronae
345 2400 465 2437 efficti
485 2400 621 2437 circuli
643 2399 877 2450 complures,
907 2397 1103 2450 gradatim
1123 2397 1229 2435 sibi
1217 2398 1314 2449 ipsis
1332 2396 1521 2446 impositi,
1551 2396 1605 2431 ita

155 2463 199 2493 ut
216 2455 375 2494 infimus
396 2458 524 2494 maior
541 2462 643 2493 esset
662 2454 796 2493 medio
814 2462 854 2493 et
869 2454 1026 2493 medius
1044 2467 1242 2505 supremo,
1257 2452 1485 2503 singulique
1502 2452 1606 2487 lam-

154 2511 322 2562 padibus
338 2514 477 2551 vitreis
494 2511 685 2558 adornati,
710 2510 932 2550 cuiusmodi
951 2512 1152 2562 eleganter
1170 2509 1442 2547 describuntur
1462 2520 1485 2544 a
1500 2509 1607 2545 Pau-

154 2567 238 2606 lino
257 2570 390 2607 Natali
406 2573 447 2611 7.
488 2567 563 2607 hos
579 2569 797 2606 luminosos
815 2568 992 2616 circulos,
1015 2567 1159 2619 quibus
1177 2566 1362 2604 substrati
1380 2570 1490 2601 erant
1508 2562 1606 2601 disci

157 2626 356 2684 argentei,
386 2626 588 2677 eleganter
604 2624 811 2676 descripsit
827 2623 939 2663 idem
955 2624 1205 2663 silentiarius
1225 2635 1265 2660 v.
1284 2621 1389 2662 406:

1028 2679 1073 2721 ἐκ
1095 2677 1138 2720 δέ
1154 2694 1205 2719 νυ
1228 2677 1362 2730 σείρης

323 2732 538 2790 ἀργυρέους
561 2732 810 2788 στεφανηδον
830 2730 907 2776 ἄπ’
925 2731 1046 2802 ἠέρος
1062 2732 1198 2786 ἥψατο
1216 2734 1378 2780 δίσκους

322 2791 532 2847 ἐκκρεμέας
548 2792 641 2849 περὶ
654 2790 770 2835 τέλσα
787 2791 912 2847 μέσου
927 2787 1145 2846 τροχάοντα
1160 2786 1366 2845 μελάθρου
1388 2792 1461 2823 etc.
