1890 3224
265 170 330 214 52
739 170 976 214 GEORGII
1011 170 1224 216 PISIDAE

482 282 503 324 ὃ
527 281 565 324 δ’
592 276 686 338 αὖγε
712 284 865 333 διπλοῖς
885 284 1054 338 Αἰθίοψ
1072 284 1231 339 ἐγίνετο.

481 351 560 392 ἐπεὶ
582 351 624 391 δὲ
643 350 781 392 λοιπὸν
797 349 852 400 ὡς
873 349 1036 406 ἀλώπηξ
1054 351 1150 401 τοὺς
1168 351 1311 402 δόλους

482 416 661 472 ὑπῆλθεν
679 418 794 468 ε’νδὺς
810 419 882 473 τὴν
900 419 1026 474 κακὴν
1044 419 1244 473 ἀπιστίαν,

369 486 447 528 115
481 485 560 536 ἔξω
575 486 648 539 μὲν
669 485 766 541 ὄψιν
787 485 842 537 ὡς
862 487 963 544 πρὸς
981 485 1138 544 εἰρήνην
1152 487 1324 537 πλάσας,

482 552 560 595 ἴσω
578 554 621 595 de*
638 557 791 597 λυττῶν
810 553 910 597 ὥστε
928 556 1074 610 κλέψαι
1091 555 1163 609 τὴν
1180 555 1328 611 μάχην,

482 623 547 664 καὶ
572 621 672 678 πρὸς
690 622 736 664 τὸ
755 628 883 677 τεῖχος
904 618 1030 677 ἦλθεν
1052 621 1107 673 ὡς
1128 627 1183 674 εἵς
1204 621 1438 678 συμβάσεις,

480 690 636 743 τέχναις
655 689 830 748 ε’νόρκοις
851 689 1108 747 συγκαλύψαι
1128 692 1197 735 τὸν
1218 691 1350 743 δόλον,

482 759 549 799 καὶ
570 762 627 814 τῷ
646 759 718 813 μὲν
737 758 966 815 εὐτρέπιστο
989 758 1087 809 τόξα
1105 762 1170 802 καὶ
1190 758 1317 815 μάχη,

369 831 448 870 120
481 824 575 880 ἡμῖν
599 826 642 868 δὲ
665 829 778 883 δῶρα
800 829 866 868 καὶ
887 827 988 882 πρὸς
1009 825 1166 883 εῗρήνην
1186 826 1310 883 λόγοι,

479 897 679 948 μετῆλθεν
698 893 806 949 ἡμᾶς
826 894 900 949 οὔχ
917 893 937 936 ὅ
958 894 1170 953 βάρβαρος
1189 894 1306 945 δόλος

486 962 578 1003 ἀλλ’
602 960 627 1016 ῆ
649 962 750 1004 καθ’
774 961 883 1016 ῆμᾶς
905 963 1093 1019 συγγενὴς
1114 962 1305 1019 ἁμαρτία.

484 1029 593 1084 ὅμως
614 1031 664 1072 τὰ
683 1030 814 1072 πολλὰ
835 1035 908 1072 τοῦ
928 1029 1090 1080 πάθους
1106 1031 1307 1087 σιγητέον·

482 1101 618 1139 λυπεῖν
638 1098 714 1154 γὰρ
736 1096 816 1140 οἶδε
839 1100 906 1140 καὶ
927 1097 1171 1151 λαλούμενον
1191 1096 1342 1147 πάθος.

369 1167 448 1208 125
543 1164 654 1207 Ἀλλ’
680 1164 759 1219 εἶμι
783 1165 922 1207 λοιπὸν
939 1165 1039 1222 πρὸς
1057 1166 1109 1208 τὰ
1130 1170 1202 1220 τῆς
1221 1165 1415 1221 νεωτέρας

481 1229 616 1286 μάχης
634 1231 831 1289 τρόπαια,
863 1234 927 1274 καὶ
949 1231 1068 1274 πάλιν
1092 1234 1135 1276 δὲ
1157 1231 1372 1287 συμμάχου

480 1304 554 1353 τῆς
576 1303 649 1354 σῆς
670 1305 895 1357 προσευχῆς
913 1300 1172 1356 εὐποροῦντες
1194 1302 1231 1343 οἳ
1253 1299 1376 1356 λόγοι,

481 1365 536 1417 ὥς
557 1367 657 1423 πρὸς
676 1367 835 1423 συνήθη
861 1370 926 1410 καὶ
945 1366 1148 1425 φιλεύὸιον
1168 1367 1306 1426 πόρον,

482 1434 621 1490 ἄγουσι
640 1435 741 1492 πρὸς
761 1435 806 1478 σὲ
823 1436 895 1490 τὴν
914 1440 1118 1479 λαλοῦσαν
1138 1435 1306 1488 ὁλκάδα,

368 1506 448 1545 130
483 1498 515 1544 ὦ
538 1501 670 1544 πάντα
689 1502 877 1559 πράττων
899 1503 998 1546 ὥστε
1020 1505 1078 1558 μὴ
1099 1503 1259 1561 στεΐράν
1279 1520 1373 1545 ποτε

482 1570 620 1624 ψυχὴν
640 1575 879 1627 παρελθεῖν,
915 1571 1019 1612 ἀλλὰ
1041 1573 1212 1628 σπείρων
1232 1571 1306 1622 ἀεί,

480 1639 547 1679 καὶ
567 1642 805 1680 τεκνοποιῶν
826 1642 884 1696 τῷ
903 1642 991 1696 θεῷ
1012 1640 1114 1681 καθ’
1141 1637 1308 1696 ἡμέραν,

423 1698 429 1702 γ’
481 1707 546 1747 καὶ
567 1704 848 1761 παρθενεύων,
882 1707 949 1749 καὶ
972 1707 1089 1748 πλέον
1109 1705 1242 1763 μήτηρ
1266 1707 1417 1760 μένων·

483 1771 661 1826 μάλιστα
681 1773 759 1830 γὰρ
776 1778 847 1815 νῦν
864 1771 1017 1823 πάντας
1037 1774 1189 1824 ὠδίνεις
1207 1772 1343 1828 μόνος,

371 1841 451 1883 135
489 1842 555 1882 καὶ
582 1839 694 1883 πᾶσά
716 1858 781 1883 σοι
802 1845 854 1896 γῆ
873 1846 1172 1897 σπαργανοῦται
1192 1843 1259 1884 καὶ
1277 1840 1404 1893 πόλις,

485 1906 635 1963 ταύτης
658 1908 713 1950 δι’
732 1907 846 1963 ’ὑμῶν
865 1910 907 1951 ἐκ
929 1913 1031 1952 θεοῦ
1048 1910 1311 1965 σεσωσμένης.

482 1983 600 2033 χαῖρε
617 1978 813 2033 στρατηγέ
832 1981 1052 2034 πρακτικῆς
1070 1979 1309 2036 ἀγρυπνίας·

360 2068 426 2103 131
450 2067 592 2104 eleuet?

268 2145 429 2188 tangebat:
468 2149 505 2180 at
527 2146 582 2181 hic
604 2150 722 2182 eontra
747 2147 873 2194 duplex
896 2149 1063 2195 Aethiops
1085 2149 1200 2184 fiebat.
1245 2148 1304 2183 ubi
1326 2159 1410 2184 vero
1433 2147 1590 2190 tandem,
1613 2146 1722 2181 veluti

267 2191 388 2235 vulpes
413 2191 507 2225 dolos
533 2193 667 2236 penitus
692 2194 818 2235 induit,
842 2195 1052 2239 adscivitque
1068 2196 1186 2229 malam
1201 2194 1326 2238 fidem,
1350 2195 1449 2239 (115)
1474 2199 1571 2228 extra
1586 2192 1722 2238 quidem

267 2236 366 2269 vultu
380 2237 476 2280 quasi
491 2237 534 2270 ad
549 2248 664 2281 pacem
682 2239 887 2283 composito,
910 2240 1001 2273 intus
1025 2244 1136 2273 autem
1157 2241 1272 2274 furens
1283 2266 1294 2283 ‚
1320 2244 1359 2273 ut
1373 2239 1452 2273 belli
1467 2239 1562 2273 dolos
1577 2239 1721 2272 abscon-

267 2281 384 2320 deret,
410 2281 452 2314 ad
470 2283 600 2316 moenia
614 2284 756 2316 accessit
771 2284 877 2317 veluti
894 2285 937 2318 ad
953 2285 1116 2319 firmanda
1131 2285 1292 2328 foedera,
1319 2285 1404 2318 clam
1426 2285 1518 2318 edito
1533 2284 1722 2317 iuramento

266 2326 311 2359 de
327 2326 468 2359 celanda
482 2327 623 2360 fallacia.
671 2328 797 2373 quippe
811 2329 859 2363 illi
875 2334 973 2363 erant
986 2330 1019 2363 in
1034 2335 1191 2375 promptu
1205 2341 1300 2364 arma
1317 2336 1351 2364 et
1364 2330 1486 2364 benum
1499 2355 1510 2372 ‚
1524 2330 1637 2373 (120)
1659 2339 1723 2361 no-

265 2370 317 2404 bis
339 2376 455 2404 contra
471 2372 559 2405 dona
575 2375 610 2406 et
626 2373 761 2417 pacifici
776 2385 955 2408 sermones.
1004 2376 1169 2420 oppressit
1193 2387 1255 2409 nos
1281 2387 1351 2409 non
1371 2375 1592 2408 barbarorum
1614 2372 1723 2415 dolus,

265 2415 327 2450 sed
354 2416 445 2461 quod
470 2418 567 2451 nobis
589 2421 663 2451 erat
687 2418 822 2453 insitum
837 2424 1024 2464 peccatum.
1072 2431 1207 2463 verum,
1231 2423 1270 2454 ut
1284 2421 1478 2466 plurimum,
1502 2422 1655 2464 praestat
1667 2422 1722 2451 ta-

265 2472 344 2494 cere
369 2461 473 2496 mala:
498 2474 574 2497 nam
589 2467 642 2496 est
657 2464 798 2497 molesta
814 2465 913 2498 etiam
929 2465 1088 2500 malorum
1103 2466 1309 2500 recordatio.
1355 2466 1455 2510 (125)
1478 2475 1544 2508 age
1558 2474 1640 2498 vero
1655 2462 1722 2496 iam

263 2506 461 2551 progredior
484 2508 527 2541 ad
552 2508 698 2542 recentis
714 2509 791 2543 belli
804 2514 959 2554 tropaea.
1005 2521 1119 2545 rursus
1135 2523 1179 2545 ex
1195 2510 1431 2545 commilitante
1443 2513 1503 2543 tua
1517 2520 1620 2554 prece
1635 2509 1724 2542 ube-

264 2562 320 2585 res
344 2552 425 2585 facti
448 2553 512 2587 mei
534 2564 704 2588 sermones
719 2557 877 2599 tanquam
894 2556 938 2588 ad
954 2560 1149 2590 consuetum
1165 2561 1200 2590 et
1215 2556 1431 2600 tranquillum
1446 2559 1580 2600 portum
1592 2579 1603 2596 ,
1628 2553 1669 2587 ad
1684 2557 1723 2587 te

268 2597 472 2641 compellunt.
499 2598 630 2643 eloquii
650 2599 831 2644 navigium.
880 2601 980 2644 (130)
1006 2612 1026 2634 o
1053 2605 1230 2647 praestans
1255 2601 1388 2644 omnia,
1411 2606 1451 2634 ut
1473 2599 1531 2645 qui
1553 2609 1722 2644 nunquam

268 2642 415 2676 sterilem
440 2643 579 2678 animam
601 2643 723 2690 linquis
735 2670 746 2686 ‚
768 2645 827 2680 sed
845 2645 1007 2679 fecundas
1024 2646 1150 2690 iugiter
1161 2671 1172 2690 ‚
1199 2652 1236 2680 et
1250 2646 1338 2680 filios
1352 2656 1513 2691 procreas
1528 2644 1591 2679 deo
1607 2643 1723 2689 quoti-

268 2687 344 2732 die,
368 2691 402 2722 et
427 2688 520 2732 virgo
547 2694 701 2734 perstans
724 2690 765 2724 fis
791 2694 899 2724 mater
913 2691 1099 2726 fecundior.
1145 2702 1236 2725 nunc
1253 2691 1338 2726 enim
1352 2702 1436 2725 vere
1450 2701 1563 2724 omnes
1577 2694 1614 2723 tu
1628 2689 1722 2723 solun

269 2732 416 2777 parturis
427 2758 437 2775 ,
460 2734 560 2778 (135)
584 2739 619 2768 et
641 2735 745 2770 omnis
765 2746 787 2769 a
809 2740 844 2770 te
858 2739 951 2770 terra
967 2741 1003 2770 et.
1019 2738 1100 2770 urbs
1115 2737 1232 2771 fasciis
1247 2736 1456 2779 involvitur,
1480 2736 1544 2769 hac
1558 2745 1622 2769 una
1637 2734 1723 2767 urbo

269 2789 332 2824 per
346 2785 382 2813 te
397 2788 419 2823 a
432 2778 498 2814 deo
515 2783 662 2816 servata.
708 2781 823 2825 salve,
846 2780 916 2816 dux
933 2780 969 2815 in
983 2781 1123 2827 agendis
1138 2782 1265 2819 efficax
1280 2782 1450 2817 excubiisz
1473 2785 1511 2815 tu
1526 2779 1615 2815 enim
1629 2783 1723 2814 mnu
