1838 3210
527 207 860 254 DESCRIPTIO
895 209 940 254 S.
976 207 1226 253 SOPHIAE.
1509 205 1602 253 113

154 331 189 357 c.
201 320 241 368 6,
263 316 359 357 dum
378 318 433 357 ait
446 317 629 357 absidam
647 333 734 358 esse
752 319 933 358 exedram
950 328 1176 371 separatam
1189 334 1216 358 a
1237 318 1381 370 templo
1402 324 1439 356 et
1454 318 1604 357 Graece

154 375 292 426 cyclon
318 377 474 414 vocari:
510 373 661 417 κύκλον
691 377 803 414 enim·
828 377 893 414 vel
924 384 1027 414 certe
1059 374 1224 418 κύκλιον
1251 376 1492 429 appellatam
1517 389 1603 414 esse

154 430 349 471 concham
365 445 387 470 a
399 434 557 470 Graecis
580 431 768 470 docemur
782 447 832 470 ex
849 435 1084 485 Anonymo:
1107 429 1297 474 α’ναδῦων
1317 430 1361 473 δὲ
1379 428 1610 500 εἰσπορεύε-

153 493 253 529 σθαι
271 487 316 528 ἐν
332 503 386 528 τω
409 486 566 541 ἰλύματι
586 490 634 542 (f.
658 487 851 558 εἷληματι)
869 492 923 544 τῷ
938 488 1169 560 καλουμένῳ
1189 489 1348 556 κυκλίῳ,
1380 503 1476 542 οπερ
1499 488 1607 528 ἐστὶν

151 540 344 585 υποκᾶτω
379 546 613 597 βαθμίδων,
665 548 782 587 τοῦτο
812 561 907 599 aym
932 544 1059 599 ἁγίων
1088 542 1417 599 προσηγόρευσεν.
1474 557 1606 596 neque

153 602 231 638 alia
254 602 517 653 appellatione
546 615 667 654 quam
685 598 837 653 αψῖὸος
855 601 1047 641 concham
1066 603 1254 640 ecclesiae
1276 603 1317 640 S.
1339 600 1512 653 Sophiae
1531 603 1605 639 Ni-

154 670 298 695 caenae
324 657 485 696 donavit
511 659 723 710 Gregorius
750 659 1014 697 Caesariensis
1041 661 1147 698 Orat.
1178 660 1219 696 in
1246 661 1437 697 Nicaenos
1458 665 1605 710 patres,

151 721 197 751 ut
215 713 407 752 concham
424 717 558 753 Novae
577 716 797 753 ecclesiae
785 729 828 752 1n
844 716 992 767 palatio
1011 729 1034 752 a
1050 717 1198 754 Basilio
1214 714 1431 753 Macedone
1443 715 1606 784 Mexcita-

151 776 216 808 tae
243 769 409 809 Photius
442 773 484 809 in
513 772 622 809 illius
652 770 936 840 descriptione,
974 770 1085 810 hisce
1112 772 1264 810 verbis.
1300 768 1328 824 ἦ
1358 769 1401 811 δε
1427 767 1508 812 duo*
1532 773 1605 811 τοῦ

150 828 442 892 θυσιαστηρίου
471 827 753 880 ἄνεγειρομένη
780 823 883 878 dapis·
907 830 958 884 τῇ
985 830 1125 884 μορφῇ
1154 831 1224 880 τῆς
1243 826 1451 880 παρθένου
1472 841 1606 879 περια-

151 879 392 952 στράπτεται.
451 882 610 921 aedium
629 885 777 936 quippe
796 897 995 922 sacrarum
1017 869 1223 922 conchae
1212 898 1254 921 m
1271 884 1431 922 fornicis
1454 884 1519 920 vel
1540 897 1606 920 ar-

151 952 220 977 cus
244 952 315 977 seu
341 935 492 991 αψῖδος
522 941 696 991 speciem
724 953 893 992 superne
916 940 1170 992 effinguntur.
1229 947 1288 978 est
1309 941 1417 977 enim
1441 935 1542 989 ἆψὶς
1562 940 1605 976 iu

150 996 280 1033 Gloss.
309 996 376 1033 Gr.
402 997 491 1033 Lat.
511 996 670 1048 forfex,
706 1011 841 1043 arcus,
867 997 1025 1049 fornix.
1100 1004 1139 1035 et
1174 996 1282 1048 apud
1313 997 1533 1034 Aelfricum
1562 997 1606 1033 iu

148 1052 280 1090 Gloss.
297 1052 446 1090 Saxon.
469 1052 612 1090 absida
632 1051 774 1091 dicitur
793 1067 878 1091 esse
896 1053 1099 1091 sinewealt
1117 1053 1263 1105 cleosa,
1291 1052 1334 1091 id
1356 1059 1414 1091 est
1436 1051 1605 1090 rotunda

149 1109 437 1146 concameratio
456 1110 521 1146 vel
538 1111 724 1161 porticus.
781 1108 876 1147 hinc
893 1111 936 1149 S.
960 1111 1225 1162 Hieronymus
1247 1110 1275 1147 l.
1300 1111 1327 1150 2
1351 1111 1394 1146 in
1413 1110 1527 1160 epist.
1554 1107 1607 1146 ad

147 1163 343 1216 Ephesios
374 1163 499 1214 dixit,
537 1167 581 1203 in
606 1179 759 1204 summo
783 1166 886 1204 caeli
899 1167 1078 1218 jbrnice,
1109 1174 1145 1203 et
1172 1174 1219 1203 ut
1243 1167 1327 1216 ipso
1354 1164 1470 1203 verbo
1494 1172 1605 1210 utar,

146 1221 300 1272 apside.
359 1234 500 1260 verum
519 1223 553 1260 si
572 1236 634 1261 res
663 1224 794 1261 stricte
818 1225 1044 1275 accipiatur,
1076 1221 1186 1260 aliud
1205 1223 1282 1260 fuit
1305 1221 1475 1266 concha,
1495 1220 1606 1259 aliud

146 1277 302 1315 absida.
363 1291 458 1315 nam
483 1277 626 1316 absida
652 1281 809 1331 proprie
840 1284 910 1318 est·
925 1282 1011 1331 ipse
1044 1280 1336 1326 semicirculus,
1370 1276 1603 1329 ἦμίκυκλος,

148 1335 218 1386 qui
234 1335 282 1372 ab
303 1334 482 1372 inferiori
501 1338 791 1387 θυσιαστηρίου
810 1343 922 1387 parte
945 1338 987 1373 iu
1019 1337 1144 1374 altum
1171 1336 1340 1385 assurgit
1366 1341 1404 1371 et
1431 1335 1471 1370 in
1494 1335 1604 1385 apsi-

147 1389 241 1428 dem
269 1404 340 1428 seu
368 1403 503 1428 arcum
531 1398 598 1428 aut
629 1393 921 1429 semicircultun
948 1393 1149 1430 sinuatur:
1182 1390 1330 1429 concha
1359 1403 1453 1428 vero
1478 1391 1604 1441 ipsius

146 1446 295 1498 apsidis
317 1459 409 1498 pars
429 1448 593 1485 interior
617 1449 660 1484 iu
684 1447 856 1486 conchae
877 1449 1053 1500 speciem
1073 1454 1268 1486 camerata
1296 1453 1455 1485 curvata
1483 1453 1521 1484 et
1547 1447 1604 1484 si-

145 1508 281 1540 nuata.
338 1502 445 1540 unde
464 1510 567 1541 recte
587 1505 777 1541 Paulinus
798 1504 977 1556 apsidem
1000 1517 1022 1542 a
1045 1517 1213 1551 camera,
1244 1504 1420 1541 interiori
1439 1503 1603 1552 scilicet,

146 1558 376 1610 distinguit:
395 1560 574 1610 apsidem
590 1559 671 1596 solo
691 1567 728 1596 et
735 1560 960 1611 parietibus
979 1567 1264 1597 marmoratam
1277 1573 1435 1596 camera
1451 1561 1604 1596 musivo

144 1616 267 1653 illusa
283 1615 494 1664 clarificat.
557 1622 595 1653 et
614 1617 822 1654 Cassianus
840 1618 980 1654 Collat.
1000 1615 1057 1656 24
1078 1630 1110 1654 c.
1131 1620 1177 1659 6:
1208 1616 1318 1653 velut
1333 1617 1374 1653 si
1389 1617 1478 1667 quis
1491 1617 1604 1665 apsi-

145 1673 208 1710 dis
226 1685 424 1710 cameram
443 1671 576 1710 volens
593 1673 636 1709 in
655 1672 823 1710 sublime
839 1673 1082 1711 concludere.
1143 1673 1320 1724 apsidem
1337 1685 1453 1724 porro
1472 1678 1511 1709 et
1527 1670 1603 1709 ab-

143 1729 269 1766 sidem
288 1728 367 1765 dici
386 1729 507 1779 vulgo
535 1727 644 1765 idem
675 1736 836 1767 annotat
855 1731 1060 1767 Paulinus.
1119 1728 1313 1782 siquando
1336 1735 1470 1766 autem
1486 1728 1602 1780 plura

145 1792 277 1823 essent
296 1786 432 1822 altaria
456 1786 499 1822 in
523 1785 673 1836 templo
697 1792 765 1823 aut
787 1784 885 1823 aede
910 1798 1041 1833 sacra,
1084 1784 1395 1837 unumquodque
1418 1784 1603 1821 absidam

144 1854 259 1879 suam
294 1839 478 1878 habebat.
534 1841 617 1877 Leo
645 1841 728 1878 Ost.
754 1843 779 1880 3
818 1844 896 1883 28:
943 1842 1157 1892 unicuique
1182 1841 1305 1877 altari
1334 1855 1409 1877 sua
1439 1839 1596 1877 absida.

144 1898 359 1950 praecipua
388 1909 481 1934 vero
510 1896 695 1934 mediana
725 1903 763 1934 et
788 1899 916 1934 maior
939 1895 1071 1934 eidem
1093 1897 1273 1948 scriptori
1292 1895 1436 1934 dicitur
1459 1894 1602 1934 eodem

146 1967 195 2002 c.,
226 1960 271 1991 ut
290 1960 329 1990 et
354 1955 375 1994 1
407 1955 479 1993 19:
508 1953 552 1989 in
572 1952 739 1990 basilica
761 1953 903 1991 absida
923 1953 1071 1999 media,
1099 1953 1157 1990 acl
1175 1966 1297 2004 quam
1309 1966 1386 2003 per
1404 1959 1488 1990 octo
1499 1966 1603 2003 gra-

144 2011 221 2048 dus
236 2009 475 2047 ascenditur.
536 2009 605 2046 ubi
632 2009 923 2047 observandum
938 2016 1094 2061 partem
1114 2011 1234 2047 istam
1250 2010 1390 2060 templi
1407 2015 1602 2046 sacratam

110 2095 113 2097 -
145 2066 354 2104 editiorem
382 2079 492 2113 esse,
533 2072 572 2102 et
599 2064 650 2102 ad
681 2079 769 2103 eam
797 2080 868 2118 per
891 2067 1026 2118 plures
1055 2065 1199 2117 gradus
1231 2067 1453 2117 perveniri:
1494 2064 1601 2102 unde

144 2120 322 2176 βήματος
343 2135 491 2160 nomen
523 2123 585 2159 illi
619 2121 791 2159 inditum
820 2136 900 2160 non
930 2123 1079 2160 insulse
1116 2123 1327 2173 opinantur
1366 2123 1441 2159 viri
1480 2120 1599 2170 docti,

144 2177 336 2232 quicquid
355 2180 423 2215 alii
441 2179 669 2215 reclament.
708 2192 810 2231 quae
835 2178 998 2231 quidem
1014 2180 1209 2217 sententia
1226 2178 1373 2215 firmari
1392 2185 1597 2229 praeterea
1620 2181 1649 2215 P
1676 2182 1744 2219 565

143 2242 275 2288 potest
298 2248 357 2272 ex
387 2234 541 2272 Evodio
570 2236 752 2273 Usalensi
784 2234 833 2273 de
853 2237 991 2273 Mirac.
1020 2236 1063 2273 S.
1092 2233 1286 2286 Stephani
1304 2235 1331 2274 2
1363 2235 1408 2275 1:
1435 2235 1603 2286 ipsaque

144 2294 264 2329 etiam
286 2305 363 2342 per
390 2305 430 2328 se
457 2291 616 2342 gradus
642 2291 805 2328 absidae
830 2291 1091 2329 conscendens
1113 2292 1308 2328 unit-ersis
1327 2292 1479 2327 eminus
1505 2305 1601 2328 con-

142 2348 348 2399 spicienda
370 2347 541 2384 astabat.
602 2349 644 2384 in
674 2348 852 2385 confesso
884 2355 1020 2385 tamen
1050 2361 1135 2385 esse
1161 2346 1297 2394 debet,
1335 2347 1377 2383 in
1396 2348 1599 2399 plerisque

142 2407 379 2456 scriptorum
396 2405 494 2441 locis
514 2405 557 2440 iu
575 2404 718 2455 quibus
738 2403 964 2441 absidarum
984 2404 1026 2442 fit
1050 2405 1197 2441 mentio
1210 2433 1220 2451 ‚
1262 2402 1305 2440 id
1324 2403 1507 2440 vocabuli
1526 2416 1598 2455 pro

143 2468 225 2499 toto
238 2462 409 2508 bemate,
428 2459 472 2496 id
491 2467 550 2498 est
569 2473 614 2497 ea
630 2461 770 2510 templi
787 2467 898 2511 parte
918 2460 987 2498 ubi
1006 2458 1054 2500 τὰ
1075 2457 1169 2513 ἅγια
1184 2461 1244 2499 ταῖ
1246 2475 1267 2499 ν
1288 2456 1413 2511 ἇγίων
1428 2472 1599 2511 perage-

142 2517 297 2566 bantur,
318 2517 521 2567 usurpari3
553 2515 890 2568 quemadmodum
908 2514 1056 2572 κόγχην
1071 2522 1262 2567 usurpant
1282 2516 1433 2553 Graeci.
1464 2517 1596 2553 Pane-

144 2575 300 2625 gyricus
322 2573 552 2622 Berengarii
572 2573 602 2609 1.
624 2574 671 2613 5:

361 2628 510 2666 talibus
527 2642 623 2665 arae
645 2628 795 2665 adeunt
810 2630 934 2679 gestis
953 2628 1098 2678 apsida
1117 2635 1298 2664 sacratae

360 2684 516 2722 lumina
539 2692 747 2721 terrarum.

143 2743 199 2778 ita
225 2739 374 2791 passim
402 2740 509 2790 apud
534 2742 770 2792 Gregorium
790 2742 942 2779 Turon.
972 2738 1021 2777 de
1046 2740 1183 2777 Mirac.
1216 2739 1259 2777 S.
1290 2739 1451 2776 Martini
1472 2740 1499 2778 2
1528 2737 1593 2783 47,

143 2797 398 2834 Anastasium
418 2797 461 2832 in
482 2798 550 2833 vit.
568 2798 648 2834 PP.
667 2810 707 2847 p.
731 2796 802 2844 13,
835 2798 907 2843 17,
938 2798 1011 2844 32,
1045 2795 1137 2842 150,
1168 2797 1259 2843 160,
1294 2798 1372 2837 166
1398 2793 1460 2831 ed.
1482 2795 1595 2842 Reg.,

142 2853 386 2892 Walterimn
403 2852 605 2890 Aurelian.
624 2855 799 2904 episcop.
819 2853 861 2890 in
883 2852 1054 2903 Capitul.
1077 2864 1111 2888 c.
1131 2849 1180 2900 4,
1210 2850 1253 2889 S.
1273 2850 1522 2888 Althelmum
1547 2848 1595 2886 de

196 2913 295 2948 Paul.
328 2912 446 2947 Silent.
1296 2908 1322 2946 8
