<?xml version="1.0" encoding="UTF-8"?>
<!DOCTYPE html PUBLIC "-//W3C//DTD XHTML 1.0 Transitional//EN"
    "http://www.w3.org/TR/xhtml1/DTD/xhtml1-transitional.dtd">
<html xmlns="http://www.w3.org/1999/xhtml" xml:lang="en" lang="en">
 <head>
  <title>
</title>
<meta http-equiv="Content-Type" content="text/html;charset=utf-8" />
  <meta name='ocr-system' content='tesseract 3.04.00' />
  <meta name='ocr-capabilities' content='ocr_page ocr_carea ocr_par ocr_line ocrx_word'/>
</head>
<body>
  <div class='ocr_page' id='page_1' title='image "./corpusscriptorum42niebuoft/corpusscriptorum42niebuoft_0306.png"; bbox 0 0 1890 3224; ppageno 0'>
   <div class='ocr_carea' id='block_1_1' title="bbox 264 207 1230 254">
    <p class='ocr_par' dir='ltr' id='par_1_1' title="bbox 264 207 1230 254">
     <span class='ocr_line' id='line_1_1' title="bbox 264 207 1230 254; baseline 0 -2"><span class='ocrx_word' id='word_1_1' title='bbox 264 207 327 254; x_wconf 85' lang='lat'>58</span> <span class='ocrx_word' id='word_1_2' title='bbox 751 210 986 254; x_wconf 89' lang='lat' dir='ltr'>GEORGII</span> <span class='ocrx_word' id='word_1_3' title='bbox 1019 209 1230 254; x_wconf 90' lang='lat' dir='ltr'><strong>PISIDAE</strong></span> 
     </span>
    </p>
   </div>
   <div class='ocr_carea' id='block_1_2' title="bbox 360 320 1497 2072">
    <p class='ocr_par' dir='ltr' id='par_1_2' title="bbox 479 320 1398 447">
     <span class='ocr_line' id='line_1_2' title="bbox 484 320 1398 380; baseline 0 -16"><span class='ocrx_word' id='word_1_4' title='bbox 484 322 686 379; x_wconf 73' lang='grc' dir='ltr'><em>ἀργοῦσαν</em></span> <span class='ocrx_word' id='word_1_5' title='bbox 709 320 809 377; x_wconf 73' lang='grc' dir='ltr'><strong><em>ὕλην</em></strong></span> <span class='ocrx_word' id='word_1_6' title='bbox 831 322 1107 379; x_wconf 68' lang='grc' dir='ltr'><strong><em>ἐκπυροῦσθαι</em></strong></span> <span class='ocrx_word' id='word_1_7' title='bbox 1126 323 1229 379; x_wconf 78' lang='grc' dir='ltr'><strong><em>πρὸς</em></strong></span> <span class='ocrx_word' id='word_1_8' title='bbox 1253 322 1398 380; x_wconf 85' lang='grc' dir='ltr'><strong><em>φλόγα,</em></strong></span> 
     </span>
     <span class='ocr_line' id='line_1_3' title="bbox 479 389 1385 447; baseline 0 -16"><span class='ocrx_word' id='word_1_9' title='bbox 479 394 637 439; x_wconf 80' lang='grc' dir='ltr'><strong><em>πυκνῶς</em></strong></span> <span class='ocrx_word' id='word_1_10' title='bbox 659 389 828 432; x_wconf 76' lang='grc' dir='ltr'><em>κελεύων</em></span> <span class='ocrx_word' id='word_1_11' title='bbox 847 391 1043 447; x_wconf 79' lang='grc' dir='ltr'><em>ἀσφαλεῖς</em></span> <span class='ocrx_word' id='word_1_12' title='bbox 1063 391 1136 444; x_wconf 72' lang='grc' dir='ltr'><strong><em>μὲν</em></strong></span> <span class='ocrx_word' id='word_1_13' title='bbox 1155 391 1228 440; x_wconf 85' lang='grc' dir='ltr'><strong><em>τὰς</em></strong></span> <span class='ocrx_word' id='word_1_14' title='bbox 1245 389 1385 444; x_wconf 83' lang='grc' dir='ltr'><strong><em>βάσεις</em></strong></span> 
     </span>
    </p>

    <p class='ocr_par' dir='ltr' id='par_1_3' title="bbox 361 456 1497 781">
     <span class='ocr_line' id='line_1_4' title="bbox 361 456 1373 515; baseline -0.001 -15"><span class='ocrx_word' id='word_1_15' title='bbox 361 457 443 495; x_wconf 83' lang='lat'>270</span> <span class='ocrx_word' id='word_1_16' title='bbox 476 459 550 508; x_wconf 80' lang='grc' dir='ltr'><strong><em>τὰς</em></strong></span> <span class='ocrx_word' id='word_1_17' title='bbox 572 458 673 515; x_wconf 85' lang='grc' dir='ltr'><strong><em>πρὸς</em></strong></span> <span class='ocrx_word' id='word_1_18' title='bbox 693 459 738 501; x_wconf 84' lang='grc' dir='ltr'>τὸ</span> <span class='ocrx_word' id='word_1_19' title='bbox 762 465 891 512; x_wconf 79' lang='grc' dir='ltr'><strong><em>τεῖχος</em></strong></span> <span class='ocrx_word' id='word_1_20' title='bbox 912 459 1146 515; x_wconf 77' lang='grc' dir='ltr'><strong><em>εὐτρεπίζειν</em></strong></span> <span class='ocrx_word' id='word_1_21' title='bbox 1154 490 1168 510; x_wconf 98' lang='grc'><strong><em>,</em></strong></span> <span class='ocrx_word' id='word_1_22' title='bbox 1204 456 1259 508; x_wconf 80' lang='grc' dir='ltr'><strong><em>ὥς</em></strong></span> <span class='ocrx_word' id='word_1_23' title='bbox 1283 458 1373 509; x_wconf 70' lang='grc' dir='ltr'><strong><em>ἴδει,</em></strong></span> 
     </span>
     <span class='ocr_line' id='line_1_5' title="bbox 479 525 1350 584; baseline 0 -16"><span class='ocrx_word' id='word_1_24' title='bbox 479 528 618 578; x_wconf 82' lang='grc' dir='ltr'><strong><em>κτίζειν</em></strong></span> <span class='ocrx_word' id='word_1_25' title='bbox 642 527 685 568; x_wconf 79' lang='grc' dir='ltr'>δὲ</span> <span class='ocrx_word' id='word_1_26' title='bbox 709 525 870 583; x_wconf 80' lang='grc' dir='ltr'><strong><em>πύργων</em></strong></span> <span class='ocrx_word' id='word_1_27' title='bbox 893 527 1070 583; x_wconf 74' lang='grc' dir='ltr'><strong><em>ἐκφορὰς</em></strong></span> <span class='ocrx_word' id='word_1_28' title='bbox 1093 525 1350 584; x_wconf 72' lang='grc' dir='ltr'><strong><em>ὑπαιθρίους,</em></strong></span> 
     </span>
     <span class='ocr_line' id='line_1_6' title="bbox 480 593 1497 651; baseline 0 -15"><span class='ocrx_word' id='word_1_29' title='bbox 480 593 693 651; x_wconf 79' lang='grc' dir='ltr'><strong><em>φραγμούς</em></strong></span> <span class='ocrx_word' id='word_1_30' title='bbox 717 612 758 637; x_wconf 83' lang='grc' dir='ltr'><strong><em>τε</em></strong></span> <span class='ocrx_word' id='word_1_31' title='bbox 784 601 929 646; x_wconf 78' lang='grc' dir='ltr'><strong><em>ποιεῖν,</em></strong></span> <span class='ocrx_word' id='word_1_32' title='bbox 965 597 1032 636; x_wconf 84' lang='grc' dir='ltr'>καὶ</span> <span class='ocrx_word' id='word_1_33' title='bbox 1052 596 1324 651; x_wconf 76' lang='grc' dir='ltr'><strong><em>πεπηγμένους</em></strong></span> <span class='ocrx_word' id='word_1_34' title='bbox 1345 593 1497 644; x_wconf 78' lang='grc' dir='ltr'><strong><em>πάλους</em></strong></span> 
     </span>
     <span class='ocr_line' id='line_1_7' title="bbox 478 661 1407 718; baseline 0.001 -15"><span class='ocrx_word' id='word_1_35' title='bbox 478 661 834 718; x_wconf 79' lang='grc' dir='ltr'><strong><em>προσαντιβάλλειν</em></strong></span> <span class='ocrx_word' id='word_1_36' title='bbox 847 695 859 714; x_wconf 94' lang='grc'><strong><em>,</em></strong></span> <span class='ocrx_word' id='word_1_37' title='bbox 894 664 961 705; x_wconf 87' lang='grc' dir='ltr'>καὶ</span> <span class='ocrx_word' id='word_1_38' title='bbox 984 663 1137 705; x_wconf 80' lang='grc' dir='ltr'>πλέκειν</span> <span class='ocrx_word' id='word_1_39' title='bbox 1160 670 1289 716; x_wconf 87' lang='grc' dir='ltr'><strong><em>τεῖχος</em></strong></span> <span class='ocrx_word' id='word_1_40' title='bbox 1307 663 1407 714; x_wconf 76' lang='grc' dir='ltr'><strong><em>νέον,</em></strong></span> 
     </span>
     <span class='ocr_line' id='line_1_8' title="bbox 479 729 1340 781; baseline 0 -9"><span class='ocrx_word' id='word_1_41' title='bbox 479 729 632 780; x_wconf 86' lang='grc' dir='ltr'><strong><em>πολλάς</em></strong></span> <span class='ocrx_word' id='word_1_42' title='bbox 650 747 692 773; x_wconf 88' lang='grc' dir='ltr'><strong><em>τε</em></strong></span> <span class='ocrx_word' id='word_1_43' title='bbox 715 737 840 773; x_wconf 75' lang='grc' dir='ltr'><strong><em>ποιεῖν</em></strong></span> <span class='ocrx_word' id='word_1_44' title='bbox 863 734 1036 781; x_wconf 78' lang='grc' dir='ltr'><strong><em>τοξοτῶν</em></strong></span> <span class='ocrx_word' id='word_1_45' title='bbox 1058 748 1099 773; x_wconf 89' lang='grc' dir='ltr'><strong><em>τε</em></strong></span> <span class='ocrx_word' id='word_1_46' title='bbox 1124 733 1190 772; x_wconf 83' lang='grc' dir='ltr'>καὶ</span> <span class='ocrx_word' id='word_1_47' title='bbox 1212 733 1340 773; x_wconf 87' lang='grc' dir='ltr'><strong><em>λίθων</em></strong></span> 
     </span>
    </p>

    <p class='ocr_par' dir='ltr' id='par_1_4' title="bbox 363 794 1409 1125">
     <span class='ocr_line' id='line_1_9' title="bbox 363 794 1349 855; baseline 0.002 -17"><span class='ocrx_word' id='word_1_48' title='bbox 363 794 445 838; x_wconf 81' lang='lat'>275</span> <span class='ocrx_word' id='word_1_49' title='bbox 479 797 816 855; x_wconf 80' lang='grc' dir='ltr'><strong><em>ταχυδρομούσας</em></strong></span> <span class='ocrx_word' id='word_1_50' title='bbox 835 798 1021 853; x_wconf 83' lang='grc' dir='ltr'><strong><em>μηχανὰς</em></strong></span> <span class='ocrx_word' id='word_1_51' title='bbox 1042 801 1109 841; x_wconf 87' lang='grc' dir='ltr'>καὶ</span> <span class='ocrx_word' id='word_1_52' title='bbox 1129 800 1349 849; x_wconf 73' lang='grc' dir='ltr'><strong><em>συνθέσεις,</em></strong></span> 
     </span>
     <span class='ocr_line' id='line_1_10' title="bbox 480 865 1327 923; baseline 0 -15"><span class='ocrx_word' id='word_1_53' title='bbox 480 869 547 908; x_wconf 84' lang='grc' dir='ltr'>καὶ</span> <span class='ocrx_word' id='word_1_54' title='bbox 571 867 645 916; x_wconf 84' lang='grc' dir='ltr'><strong><em>τὰς</em></strong></span> <span class='ocrx_word' id='word_1_55' title='bbox 666 865 857 916; x_wconf 72' lang='grc' dir='ltr'><strong><em>ἐνόπλους</em></strong></span> <span class='ocrx_word' id='word_1_56' title='bbox 879 867 1113 923; x_wconf 75' lang='grc' dir='ltr'><strong><em>εὐτρεπίζειν</em></strong></span> <span class='ocrx_word' id='word_1_57' title='bbox 1139 865 1327 917; x_wconf 77' lang='grc' dir='ltr'><strong><em>ὁλκάδας,</em></strong></span> 
     </span>
     <span class='ocr_line' id='line_1_11' title="bbox 480 933 1409 991; baseline 0 -16"><span class='ocrx_word' id='word_1_58' title='bbox 480 933 530 984; x_wconf 75' lang='grc' dir='ltr'><strong><em>ἃς</em></strong></span> <span class='ocrx_word' id='word_1_59' title='bbox 553 936 621 976; x_wconf 84' lang='grc' dir='ltr'>καὶ</span> <span class='ocrx_word' id='word_1_60' title='bbox 642 934 720 991; x_wconf 83' lang='grc' dir='ltr'>πρὸ</span> <span class='ocrx_word' id='word_1_61' title='bbox 741 938 894 976; x_wconf 76' lang='grc' dir='ltr'><strong><em>πολλοῦ</em></strong></span> <span class='ocrx_word' id='word_1_62' title='bbox 914 938 1144 991; x_wconf 81' lang='grc' dir='ltr'><strong><em>συγκροτῶν</em></strong></span> <span class='ocrx_word' id='word_1_63' title='bbox 1169 934 1241 976; x_wconf 77' lang='grc' dir='ltr'>οὐκ</span> <span class='ocrx_word' id='word_1_64' title='bbox 1261 935 1409 988; x_wconf 76' lang='grc' dir='ltr'><strong><em>ἠμέλει.</em></strong></span> 
     </span>
     <span class='ocr_line' id='line_1_12' title="bbox 477 1000 1382 1059; baseline 0.001 -17"><span class='ocrx_word' id='word_1_65' title='bbox 477 1002 524 1042; x_wconf 80' lang='grc' dir='ltr'>οὐ</span> <span class='ocrx_word' id='word_1_66' title='bbox 544 1002 622 1059; x_wconf 83' lang='grc' dir='ltr'>γὰρ</span> <span class='ocrx_word' id='word_1_67' title='bbox 642 1000 857 1059; x_wconf 86' lang='grc' dir='ltr'><strong><em>πρόσωπον</em></strong></span> <span class='ocrx_word' id='word_1_68' title='bbox 877 1002 935 1057; x_wconf 84' lang='grc' dir='ltr'>μὴ</span> <span class='ocrx_word' id='word_1_69' title='bbox 959 1003 1094 1044; x_wconf 80' lang='grc' dir='ltr'><strong><em>θέλων</em></strong></span> <span class='ocrx_word' id='word_1_70' title='bbox 1117 1004 1214 1044; x_wconf 72' lang='grc' dir='ltr'><strong><em>ἰδεῖν</em></strong></span> <span class='ocrx_word' id='word_1_71' title='bbox 1235 1001 1382 1056; x_wconf 81' lang='grc' dir='ltr'><strong><em>μάχης,</em></strong></span> 
     </span>
     <span class='ocr_line' id='line_1_13' title="bbox 476 1068 1269 1125; baseline 0.001 -15"><span class='ocrx_word' id='word_1_72' title='bbox 476 1070 633 1123; x_wconf 71' lang='grc' dir='ltr'><strong><em>ἕτοιμον</em></strong></span> <span class='ocrx_word' id='word_1_73' title='bbox 654 1068 755 1123; x_wconf 78' lang='grc' dir='ltr'><strong><em>εἶχεν</em></strong></span> <span class='ocrx_word' id='word_1_74' title='bbox 771 1071 812 1119; x_wconf 73' lang='grc' dir='ltr'>ἐξ</span> <span class='ocrx_word' id='word_1_75' title='bbox 830 1069 1005 1125; x_wconf 77' lang='grc' dir='ltr'><strong><em>ἀνάγκης</em></strong></span> <span class='ocrx_word' id='word_1_76' title='bbox 1025 1070 1098 1124; x_wconf 83' lang='grc' dir='ltr'><strong><em>τὴν</em></strong></span> <span class='ocrx_word' id='word_1_77' title='bbox 1120 1068 1269 1123; x_wconf 86' lang='grc' dir='ltr'><strong><em>μάχην,</em></strong></span> 
     </span>
    </p>

    <p class='ocr_par' dir='ltr' id='par_1_5' title="bbox 360 1135 1369 1463">
     <span class='ocr_line' id='line_1_14' title="bbox 360 1135 1369 1194; baseline 0.001 -17"><span class='ocrx_word' id='word_1_78' title='bbox 360 1138 443 1178; x_wconf 83' lang='lat'>280</span> <span class='ocrx_word' id='word_1_79' title='bbox 476 1141 651 1194; x_wconf 81' lang='grc' dir='ltr'><strong><em>στρατοῦ</em></strong></span> <span class='ocrx_word' id='word_1_80' title='bbox 673 1154 714 1178; x_wconf 87' lang='grc' dir='ltr'><strong><em>τε</em></strong></span> <span class='ocrx_word' id='word_1_81' title='bbox 736 1141 896 1190; x_wconf 80' lang='grc' dir='ltr'><strong><em>πλῆθος</em></strong></span> <span class='ocrx_word' id='word_1_82' title='bbox 917 1137 1162 1186; x_wconf 72' lang='grc' dir='ltr'><strong><em>ἐξαπέστειλε</em></strong></span> <span class='ocrx_word' id='word_1_83' title='bbox 1186 1135 1369 1192; x_wconf 80' lang='grc' dir='ltr'><strong><em>φθάσας,</em></strong></span> 
     </span>
     <span class='ocr_line' id='line_1_15' title="bbox 475 1204 1318 1260; baseline -0.002 -13"><span class='ocrx_word' id='word_1_84' title='bbox 475 1207 544 1247; x_wconf 86' lang='grc' dir='ltr'>καὶ</span> <span class='ocrx_word' id='word_1_85' title='bbox 564 1209 636 1259; x_wconf 82' lang='grc' dir='ltr'><strong><em>τῆς</em></strong></span> <span class='ocrx_word' id='word_1_86' title='bbox 656 1204 751 1246; x_wconf 68' lang='grc' dir='ltr'><strong><em>κατ’</em></strong></span> <span class='ocrx_word' id='word_1_87' title='bbox 771 1205 904 1246; x_wconf 75' lang='grc' dir='ltr'><strong><em>αὐτῶν</em></strong></span> <span class='ocrx_word' id='word_1_88' title='bbox 927 1204 1151 1260; x_wconf 80' lang='grc' dir='ltr'><strong><em>ἀσφαλείας</em></strong></span> <span class='ocrx_word' id='word_1_89' title='bbox 1169 1204 1318 1258; x_wconf 79' lang='grc' dir='ltr'><strong><em>ἠμέλει,</em></strong></span> 
     </span>
     <span class='ocr_line' id='line_1_16' title="bbox 475 1271 1225 1327; baseline -0.003 -13"><span class='ocrx_word' id='word_1_90' title='bbox 475 1271 602 1326; x_wconf 89' lang='grc' dir='ltr'><strong><em>μόνην</em></strong></span> <span class='ocrx_word' id='word_1_91' title='bbox 623 1273 794 1325; x_wconf 81' lang='grc' dir='ltr'><strong><em>νομίζων</em></strong></span> <span class='ocrx_word' id='word_1_92' title='bbox 817 1271 985 1327; x_wconf 76' lang='grc' dir='ltr'><strong><em>ἀσφαλῆ</em></strong></span> <span class='ocrx_word' id='word_1_93' title='bbox 1009 1273 1225 1327; x_wconf 80' lang='grc' dir='ltr'><strong><em>σωτηρίαν,</em></strong></span> 
     </span>
     <span class='ocr_line' id='line_1_17' title="bbox 480 1337 1280 1396; baseline -0.004 -14"><span class='ocrx_word' id='word_1_94' title='bbox 480 1340 589 1396; x_wconf 74' lang='grc' dir='ltr'><strong><em>εἴπερ</em></strong></span> <span class='ocrx_word' id='word_1_95' title='bbox 611 1339 657 1381; x_wconf 82' lang='grc' dir='ltr'>τὸ</span> <span class='ocrx_word' id='word_1_96' title='bbox 683 1338 815 1381; x_wconf 84' lang='grc' dir='ltr'><strong><em>κοινὸν</em></strong></span> <span class='ocrx_word' id='word_1_97' title='bbox 841 1337 990 1395; x_wconf 71' lang='grc' dir='ltr'><strong><em>εὑρεθῇ</em></strong></span> <span class='ocrx_word' id='word_1_98' title='bbox 1011 1338 1280 1392; x_wconf 78' lang='grc' dir='ltr'><strong><em>σεσωσμένον·</em></strong></span> 
     </span>
     <span class='ocr_line' id='line_1_18' title="bbox 477 1404 1339 1463; baseline -0.005 -13"><span class='ocrx_word' id='word_1_99' title='bbox 477 1405 620 1462; x_wconf 79' lang='grc' dir='ltr'><strong><em>σχεδόν</em></strong></span> <span class='ocrx_word' id='word_1_100' title='bbox 640 1424 683 1449; x_wconf 84' lang='grc' dir='ltr'><strong><em>τε</em></strong></span> <span class='ocrx_word' id='word_1_101' title='bbox 706 1404 841 1456; x_wconf 88' lang='grc' dir='ltr'><strong><em>πάσας</em></strong></span> <span class='ocrx_word' id='word_1_102' title='bbox 861 1407 934 1456; x_wconf 83' lang='grc' dir='ltr'><strong><em>τὰς</em></strong></span> <span class='ocrx_word' id='word_1_103' title='bbox 955 1405 1102 1449; x_wconf 74' lang='grc' dir='ltr'><strong><em>ἑαυτοῦ</em></strong></span> <span class='ocrx_word' id='word_1_104' title='bbox 1122 1407 1339 1463; x_wconf 80' lang='grc' dir='ltr'><strong><em>φροντίδας</em></strong></span> 
     </span>
    </p>

    <p class='ocr_par' dir='ltr' id='par_1_6' title="bbox 360 1472 1338 1802">
     <span class='ocr_line' id='line_1_19' title="bbox 360 1472 1326 1532; baseline -0.003 -13"><span class='ocrx_word' id='word_1_105' title='bbox 360 1476 442 1519; x_wconf 80' lang='lat'>285</span> <span class='ocrx_word' id='word_1_106' title='bbox 477 1478 532 1525; x_wconf 78' lang='grc' dir='ltr'>εἷς</span> <span class='ocrx_word' id='word_1_107' title='bbox 554 1475 628 1524; x_wconf 86' lang='grc' dir='ltr'><strong><em>τὰς</em></strong></span> <span class='ocrx_word' id='word_1_108' title='bbox 650 1474 707 1517; x_wconf 77' lang='grc' dir='ltr'>δι’</span> <span class='ocrx_word' id='word_1_109' title='bbox 733 1472 842 1529; x_wconf 69' lang='grc' dir='ltr'><strong><em>ἡμᾶς</em></strong></span> <span class='ocrx_word' id='word_1_110' title='bbox 862 1473 1074 1532; x_wconf 83' lang='grc' dir='ltr'><strong><em>ἀντανῄρει</em></strong></span> <span class='ocrx_word' id='word_1_111' title='bbox 1095 1475 1326 1531; x_wconf 79' lang='grc' dir='ltr'><strong><em>φροντίδας,</em></strong></span> 
     </span>
     <span class='ocr_line' id='line_1_20' title="bbox 476 1540 1294 1599; baseline -0.004 -14"><span class='ocrx_word' id='word_1_112' title='bbox 476 1544 658 1585; x_wconf 82' lang='grc' dir='ltr'><strong><em>κίνδυνον</em></strong></span> <span class='ocrx_word' id='word_1_113' title='bbox 680 1540 814 1599; x_wconf 81' lang='grc' dir='ltr'><strong><em>ὥσπερ</em></strong></span> <span class='ocrx_word' id='word_1_114' title='bbox 834 1542 1009 1595; x_wconf 81' lang='grc' dir='ltr'><strong><em>ψυχικὸν</em></strong></span> <span class='ocrx_word' id='word_1_115' title='bbox 1031 1544 1161 1584; x_wconf 80' lang='grc' dir='ltr'><strong><em>δοκῶν</em></strong></span> <span class='ocrx_word' id='word_1_116' title='bbox 1180 1541 1294 1595; x_wconf 61' lang='grc' dir='ltr'><strong><em>ἔχειν,</em></strong></span> 
     </span>
     <span class='ocr_line' id='line_1_21' title="bbox 478 1607 1316 1664; baseline -0.002 -12"><span class='ocrx_word' id='word_1_117' title='bbox 478 1613 513 1652; x_wconf 81' lang='grc' dir='ltr'><strong><em>εἲ</em></strong></span> <span class='ocrx_word' id='word_1_118' title='bbox 533 1610 592 1664; x_wconf 80' lang='grc' dir='ltr'>μὴ</span> <span class='ocrx_word' id='word_1_119' title='bbox 614 1609 671 1651; x_wconf 74' lang='grc' dir='ltr'><strong><em>δι’</em></strong></span> <span class='ocrx_word' id='word_1_120' title='bbox 694 1608 803 1663; x_wconf 74' lang='grc' dir='ltr'><strong><em>ἡμᾶς</em></strong></span> <span class='ocrx_word' id='word_1_121' title='bbox 819 1608 949 1651; x_wconf 85' lang='grc' dir='ltr'><strong><em>πάντα</em></strong></span> <span class='ocrx_word' id='word_1_122' title='bbox 969 1610 1150 1651; x_wconf 77' lang='grc' dir='ltr'><strong><em>κίνδυνον</em></strong></span> <span class='ocrx_word' id='word_1_123' title='bbox 1171 1607 1316 1650; x_wconf 85' lang='grc' dir='ltr'><strong><em>πάθοι.</em></strong></span> 
     </span>
     <span class='ocr_line' id='line_1_22' title="bbox 475 1674 1338 1733; baseline -0.005 -13"><span class='ocrx_word' id='word_1_124' title='bbox 475 1677 604 1727; x_wconf 76' lang='grc' dir='ltr'><strong><em>οὕτως</em></strong></span> <span class='ocrx_word' id='word_1_125' title='bbox 628 1678 778 1719; x_wconf 67' lang='grc' dir='ltr'><strong><em>ἕκαστα</em></strong></span> <span class='ocrx_word' id='word_1_126' title='bbox 802 1679 869 1718; x_wconf 84' lang='grc' dir='ltr'>καὶ</span> <span class='ocrx_word' id='word_1_127' title='bbox 891 1674 1060 1719; x_wconf 79' lang='grc' dir='ltr'><strong><em>κελεύων</em></strong></span> <span class='ocrx_word' id='word_1_128' title='bbox 1081 1678 1150 1719; x_wconf 89' lang='grc' dir='ltr'>καὶ</span> <span class='ocrx_word' id='word_1_129' title='bbox 1169 1674 1338 1733; x_wconf 88' lang='grc' dir='ltr'><strong><em>γράφων</em></strong></span> 
     </span>
     <span class='ocr_line' id='line_1_23' title="bbox 474 1742 1332 1802; baseline -0.001 -16"><span class='ocrx_word' id='word_1_130' title='bbox 474 1742 701 1802; x_wconf 83' lang='grc' dir='ltr'><strong><em>προῖστόρει</em></strong></span> <span class='ocrx_word' id='word_1_131' title='bbox 723 1745 797 1798; x_wconf 77' lang='grc' dir='ltr'><strong><em>μὲν</em></strong></span> <span class='ocrx_word' id='word_1_132' title='bbox 816 1749 875 1802; x_wconf 77' lang='grc' dir='ltr'>τῷ</span> <span class='ocrx_word' id='word_1_133' title='bbox 899 1743 1005 1801; x_wconf 83' lang='grc' dir='ltr'><strong><em>λόγῳ</em></strong></span> <span class='ocrx_word' id='word_1_134' title='bbox 1025 1744 1078 1786; x_wconf 80' lang='grc' dir='ltr'>τὰ</span> <span class='ocrx_word' id='word_1_135' title='bbox 1099 1742 1332 1800; x_wconf 88' lang='grc' dir='ltr'><strong><em>πράγματα,</em></strong></span> 
     </span>
    </p>

    <p class='ocr_par' dir='ltr' id='par_1_7' title="bbox 362 1809 1438 2006">
     <span class='ocr_line' id='line_1_24' title="bbox 362 1809 1349 1869; baseline -0.006 -11"><span class='ocrx_word' id='word_1_136' title='bbox 362 1819 445 1857; x_wconf 80' lang='lat'>290</span> <span class='ocrx_word' id='word_1_137' title='bbox 479 1810 699 1869; x_wconf 77' lang='grc' dir='ltr'><strong><em>ἓζωγράφει</em></strong></span> <span class='ocrx_word' id='word_1_138' title='bbox 724 1813 768 1853; x_wconf 77' lang='grc' dir='ltr'>δὲ</span> <span class='ocrx_word' id='word_1_139' title='bbox 792 1812 850 1865; x_wconf 85' lang='grc' dir='ltr'>μὴ</span> <span class='ocrx_word' id='word_1_140' title='bbox 871 1811 1012 1868; x_wconf 82' lang='grc' dir='ltr'><strong><em>παρών</em></strong></span> <span class='ocrx_word' id='word_1_141' title='bbox 1032 1812 1085 1854; x_wconf 84' lang='grc' dir='ltr'>τὰ</span> <span class='ocrx_word' id='word_1_142' title='bbox 1108 1815 1180 1865; x_wconf 84' lang='grc' dir='ltr'><strong><em>τῆς</em></strong></span> <span class='ocrx_word' id='word_1_143' title='bbox 1200 1809 1349 1865; x_wconf 80' lang='grc' dir='ltr'><strong><em>μάχης,</em></strong></span> 
     </span>
     <span class='ocr_line' id='line_1_25' title="bbox 480 1875 1438 1936; baseline -0.004 -14"><span class='ocrx_word' id='word_1_144' title='bbox 480 1878 635 1923; x_wconf 83' lang='grc' dir='ltr'><strong><em>τάττων</em></strong></span> <span class='ocrx_word' id='word_1_145' title='bbox 659 1883 893 1936; x_wconf 77' lang='grc' dir='ltr'><strong><em>στρατηγῶν</em></strong></span> <span class='ocrx_word' id='word_1_146' title='bbox 912 1883 1203 1936; x_wconf 88' lang='grc' dir='ltr'><strong><em>μηχανουργῶν</em></strong></span> <span class='ocrx_word' id='word_1_147' title='bbox 1227 1875 1438 1935; x_wconf 71' lang='grc' dir='ltr'><strong><em>ἐγγράφως</em></strong></span> 
     </span>
     <span class='ocr_line' id='line_1_26' title="bbox 475 1948 1301 2006; baseline -0.005 -15"><span class='ocrx_word' id='word_1_148' title='bbox 475 1952 526 2004; x_wconf 85' lang='grc' dir='ltr'>τῇ</span> <span class='ocrx_word' id='word_1_149' title='bbox 547 1951 627 1990; x_wconf 89' lang='grc' dir='ltr'>τῶν</span> <span class='ocrx_word' id='word_1_150' title='bbox 648 1951 850 2003; x_wconf 87' lang='grc' dir='ltr'><strong><em>λογισμῶν</em></strong></span> <span class='ocrx_word' id='word_1_151' title='bbox 871 1951 1030 2004; x_wconf 79' lang='grc' dir='ltr'><strong><em>τεχνικῇ</em></strong></span> <span class='ocrx_word' id='word_1_152' title='bbox 1048 1948 1301 2006; x_wconf 42' lang='grc' dir='ltr'><strong><em>λεπτουργία,</em></strong></span> 
     </span>
    </p>

    <p class='ocr_par' dir='ltr' id='par_1_8' title="bbox 534 2013 1378 2072">
     <span class='ocr_line' id='line_1_27' title="bbox 534 2013 1378 2072; baseline -0.002 -15"><span class='ocrx_word' id='word_1_153' title='bbox 534 2015 596 2057; x_wconf 81' lang='grc' dir='ltr'>Οὖ</span> <span class='ocrx_word' id='word_1_154' title='bbox 616 2015 697 2070; x_wconf 82' lang='grc' dir='ltr'><strong><em>μὴν</em></strong></span> <span class='ocrx_word' id='word_1_155' title='bbox 718 2019 983 2072; x_wconf 83' lang='grc' dir='ltr'><strong><em>παρημελεῖτο</em></strong></span> <span class='ocrx_word' id='word_1_156' title='bbox 1005 2015 1058 2058; x_wconf 77' lang='grc' dir='ltr'>τὰ</span> <span class='ocrx_word' id='word_1_157' title='bbox 1075 2013 1378 2072; x_wconf 84' lang='grc' dir='ltr'><strong><em>προστάγματα,</em></strong></span> 
     </span>
    </p>
   </div>
   <div class='ocr_carea' id='block_1_3' title="bbox 349 2127 1005 2172">
    <p class='ocr_par' dir='ltr' id='par_1_9' title="bbox 349 2127 1005 2172">
     <span class='ocr_line' id='line_1_28' title="bbox 349 2127 1005 2172; baseline -0.005 -5"><span class='ocrx_word' id='word_1_158' title='bbox 349 2132 418 2169; x_wconf 74' lang='lat'>274</span> <span class='ocrx_word' id='word_1_159' title='bbox 439 2131 582 2172; x_wconf 79' lang='grc' dir='ltr'><strong><em>πλοκάς</em></strong></span> <span class='ocrx_word' id='word_1_160' title='bbox 602 2132 632 2166; x_wconf 91' lang='lat' dir='ltr'>P</span> <span class='ocrx_word' id='word_1_161' title='bbox 768 2132 835 2167; x_wconf 73' lang='lat'>281</span> <span class='ocrx_word' id='word_1_162' title='bbox 860 2127 1005 2165; x_wconf 60' lang='grc' dir='ltr'><strong><em>αὕτὸνῒ</em></strong></span> 
     </span>
    </p>
   </div>
   <div class='ocr_carea' id='block_1_4' title="bbox 259 2229 1718 2868">
    <p class='ocr_par' dir='ltr' id='par_1_10' title="bbox 259 2229 1718 2868">
     <span class='ocr_line' id='line_1_29' title="bbox 261 2229 1717 2285; baseline -0.004 -19"><span class='ocrx_word' id='word_1_163' title='bbox 261 2232 355 2276; x_wconf 77' lang='lat' dir='ltr'>cogit</span> <span class='ocrx_word' id='word_1_164' title='bbox 369 2231 465 2265; x_wconf 85' lang='lat' dir='ltr'>arida</span> <span class='ocrx_word' id='word_1_165' title='bbox 480 2232 571 2277; x_wconf 80' lang='lat' dir='ltr'>ligna</span> <span class='ocrx_word' id='word_1_166' title='bbox 584 2232 699 2266; x_wconf 82' lang='lat' dir='ltr'>statim</span> <span class='ocrx_word' id='word_1_167' title='bbox 714 2231 881 2266; x_wconf 85' lang='lat' dir='ltr'>flammam</span> <span class='ocrx_word' id='word_1_168' title='bbox 897 2232 1093 2285; x_wconf 75' lang='lat' dir='ltr'>concipere:</span> <span class='ocrx_word' id='word_1_169' title='bbox 1117 2242 1184 2265; x_wconf 92' lang='lat' dir='ltr'>non</span> <span class='ocrx_word' id='word_1_170' title='bbox 1207 2231 1312 2266; x_wconf 79' lang='lat' dir='ltr'>semel</span> <span class='ocrx_word' id='word_1_171' title='bbox 1331 2229 1491 2264; x_wconf 86' lang='lat' dir='ltr'>mandans</span> <span class='ocrx_word' id='word_1_172' title='bbox 1506 2231 1546 2263; x_wconf 86' lang='lat' dir='ltr'>ut</span> <span class='ocrx_word' id='word_1_173' title='bbox 1559 2237 1717 2262; x_wconf 82' lang='lat' dir='ltr'>ascensus</span> 
     </span>
     <span class='ocr_line' id='line_1_30' title="bbox 261 2273 1716 2323; baseline -0.003 -12"><span class='ocrx_word' id='word_1_174' title='bbox 261 2277 372 2311; x_wconf 87' lang='lat' dir='ltr'>securi</span> <span class='ocrx_word' id='word_1_175' title='bbox 395 2278 498 2321; x_wconf 79' lang='lat'>(270)</span> <span class='ocrx_word' id='word_1_176' title='bbox 521 2277 566 2310; x_wconf 85' lang='lat' dir='ltr'>ad</span> <span class='ocrx_word' id='word_1_177' title='bbox 580 2277 713 2311; x_wconf 78' lang='lat' dir='ltr'>moenia</span> <span class='ocrx_word' id='word_1_178' title='bbox 728 2277 953 2323; x_wconf 84' lang='lat' dir='ltr'>adparentur,</span> <span class='ocrx_word' id='word_1_179' title='bbox 976 2277 1075 2311; x_wconf 70' lang='lat' dir='ltr'>sicuti</span> <span class='ocrx_word' id='word_1_180' title='bbox 1090 2283 1143 2310; x_wconf 84' lang='lat' dir='ltr'>est</span> <span class='ocrx_word' id='word_1_181' title='bbox 1156 2289 1317 2320; x_wconf 84' lang='lat' dir='ltr'>necesse,</span> <span class='ocrx_word' id='word_1_182' title='bbox 1339 2281 1518 2320; x_wconf 86' lang='lat' dir='ltr'>turresque</span> <span class='ocrx_word' id='word_1_183' title='bbox 1529 2273 1716 2308; x_wconf 81' lang='lat' dir='ltr'>aedificen-</span> 
     </span>
     <span class='ocr_line' id='line_1_31' title="bbox 259 2322 1717 2368; baseline -0.002 -13"><span class='ocrx_word' id='word_1_184' title='bbox 259 2326 316 2355; x_wconf 87' lang='lat' dir='ltr'>tur</span> <span class='ocrx_word' id='word_1_185' title='bbox 340 2322 588 2367; x_wconf 78' lang='lat' dir='ltr'>exportandae‚</span> <span class='ocrx_word' id='word_1_186' title='bbox 613 2326 649 2356; x_wconf 86' lang='lat' dir='ltr'>et</span> <span class='ocrx_word' id='word_1_187' title='bbox 671 2322 764 2356; x_wconf 85' lang='lat' dir='ltr'>valla</span> <span class='ocrx_word' id='word_1_188' title='bbox 787 2323 890 2364; x_wconf 84' lang='lat' dir='ltr'>fiant,</span> <span class='ocrx_word' id='word_1_189' title='bbox 914 2329 950 2357; x_wconf 91' lang='lat' dir='ltr'>et</span> <span class='ocrx_word' id='word_1_190' title='bbox 974 2323 1140 2367; x_wconf 80' lang='lat' dir='ltr'>compacti</span> <span class='ocrx_word' id='word_1_191' title='bbox 1153 2323 1221 2368; x_wconf 85' lang='lat' dir='ltr'>pali</span> <span class='ocrx_word' id='word_1_192' title='bbox 1237 2328 1357 2356; x_wconf 86' lang='lat' dir='ltr'>contra</span> <span class='ocrx_word' id='word_1_193' title='bbox 1379 2322 1559 2359; x_wconf 71' lang='lat' dir='ltr'><strong>sistantur,</strong></span> <span class='ocrx_word' id='word_1_194' title='bbox 1581 2322 1618 2353; x_wconf 84' lang='lat' dir='ltr'>et</span> <span class='ocrx_word' id='word_1_195' title='bbox 1641 2328 1717 2366; x_wconf 72' lang='lat'>“¹¹¹7</span> 
     </span>
     <span class='ocr_line' id='line_1_32' title="bbox 262 2364 1718 2409; baseline -0.002 -9"><span class='ocrx_word' id='word_1_196' title='bbox 262 2367 372 2400; x_wconf 87' lang='lat' dir='ltr'>niatur</span> <span class='ocrx_word' id='word_1_197' title='bbox 393 2378 509 2402; x_wconf 87' lang='lat' dir='ltr'>murus</span> <span class='ocrx_word' id='word_1_198' title='bbox 532 2378 653 2402; x_wconf 86' lang='lat' dir='ltr'>novus.</span> <span class='ocrx_word' id='word_1_199' title='bbox 699 2368 824 2402; x_wconf 84' lang='lat' dir='ltr'>multae</span> <span class='ocrx_word' id='word_1_200' title='bbox 847 2379 931 2402; x_wconf 84' lang='lat' dir='ltr'>vero</span> <span class='ocrx_word' id='word_1_201' title='bbox 954 2368 1038 2402; x_wconf 88' lang='lat' dir='ltr'>fiant</span> <span class='ocrx_word' id='word_1_202' title='bbox 1053 2367 1097 2401; x_wconf 86' lang='lat' dir='ltr'>ad</span> <span class='ocrx_word' id='word_1_203' title='bbox 1111 2368 1257 2402; x_wconf 81' lang='lat' dir='ltr'>rotanda</span> <span class='ocrx_word' id='word_1_204' title='bbox 1269 2368 1340 2402; x_wconf 88' lang='lat' dir='ltr'>tela</span> <span class='ocrx_word' id='word_1_205' title='bbox 1354 2372 1391 2402; x_wconf 89' lang='lat' dir='ltr'>et</span> <span class='ocrx_word' id='word_1_206' title='bbox 1403 2378 1487 2401; x_wconf 85' lang='lat' dir='ltr'>saxa</span> <span class='ocrx_word' id='word_1_207' title='bbox 1509 2364 1613 2409; x_wconf 78' lang='lat'><strong>(275)</strong></span> <span class='ocrx_word' id='word_1_208' title='bbox 1635 2373 1718 2397; x_wconf 79' lang='lat' dir='ltr'>ver-</span> 
     </span>
     <span class='ocr_line' id='line_1_33' title="bbox 264 2407 1716 2468; baseline -0.003 -23"><span class='ocrx_word' id='word_1_209' title='bbox 264 2413 382 2466; x_wconf 73' lang='lat' dir='ltr'>satiles</span> <span class='ocrx_word' id='word_1_210' title='bbox 402 2412 580 2466; x_wconf 65' lang='lat' dir='ltr'>Juacbinae</span> <span class='ocrx_word' id='word_1_211' title='bbox 603 2413 794 2467; x_wconf 71' lang='lat' dir='ltr'>molesque,</span> <span class='ocrx_word' id='word_1_212' title='bbox 821 2418 1038 2467; x_wconf 75' lang='lat' dir='ltr'>armataeque</span> <span class='ocrx_word' id='word_1_213' title='bbox 1060 2417 1230 2468; x_wconf 68' lang='lat' dir='ltr'>aptentur⁸</span> <span class='ocrx_word' id='word_1_214' title='bbox 1246 2425 1372 2457; x_wconf 82' lang='lat' dir='ltr'>naves,</span> <span class='ocrx_word' id='word_1_215' title='bbox 1403 2422 1488 2466; x_wconf 59' lang='lat' dir='ltr'>guas</span> <span class='ocrx_word' id='word_1_216' title='bbox 1509 2410 1568 2444; x_wconf 87' lang='lat' dir='ltr'>ille</span> <span class='ocrx_word' id='word_1_217' title='bbox 1591 2407 1716 2442; x_wconf 79' lang='lat' dir='ltr'>iamdiu</span> 
     </span>
     <span class='ocr_line' id='line_1_34' title="bbox 261 2454 1716 2550; baseline -0.003 -14"><span class='ocrx_word' id='word_1_218' title='bbox 261 2458 1639 2550; x_wconf 45' lang='lat' dir='ltr'>{zaessz&#39;i&#39;n⁰³:2332252ffl3ffl{380302121‘23335‘23352833tbzsszssssffissssff‘ffi</span> <span class='ocrx_word' id='word_1_219' title='bbox 1653 2454 1716 2533; x_wconf 59' lang='grc' dir='ltr'>ἕξ,</span> 
     </span>
     <span class='ocr_line' id='line_1_35' title="bbox 261 2543 1716 2598; baseline -0.002 -18"><span class='ocrx_word' id='word_1_220' title='bbox 261 2547 367 2593; x_wconf 86' lang='lat' dir='ltr'>ipsius</span> <span class='ocrx_word' id='word_1_221' title='bbox 390 2549 574 2584; x_wconf 78' lang='lat' dir='ltr'>securitate</span> <span class='ocrx_word' id='word_1_222' title='bbox 597 2561 665 2583; x_wconf 89' lang='lat' dir='ltr'>non</span> <span class='ocrx_word' id='word_1_223' title='bbox 687 2549 825 2584; x_wconf 88' lang='lat' dir='ltr'>multum</span> <span class='ocrx_word' id='word_1_224' title='bbox 840 2549 1022 2592; x_wconf 82' lang='lat' dir='ltr'>sollicitus,</span> <span class='ocrx_word' id='word_1_225' title='bbox 1046 2561 1146 2584; x_wconf 89' lang='lat' dir='ltr'>unam</span> <span class='ocrx_word' id='word_1_226' title='bbox 1161 2554 1256 2584; x_wconf 83' lang='lat' dir='ltr'>ratus</span> <span class='ocrx_word' id='word_1_227' title='bbox 1270 2560 1346 2583; x_wconf 88' lang='lat' dir='ltr'>esse</span> <span class='ocrx_word' id='word_1_228' title='bbox 1360 2552 1484 2582; x_wconf 81' lang='lat' dir='ltr'>certam</span> <span class='ocrx_word' id='word_1_229' title='bbox 1498 2546 1664 2598; x_wconf 34' lang='lat' dir='ltr'>salutemo.</span> <span class='ocrx_word' id='word_1_230' title='bbox 1685 2543 1716 2577; x_wconf 87' lang='lat' dir='ltr'>si</span> 
     </span>
     <span class='ocr_line' id='line_1_36' title="bbox 262 2590 1717 2639; baseline -0.003 -13"><span class='ocrx_word' id='word_1_231' title='bbox 262 2604 376 2627; x_wconf 80' lang='lat' dir='ltr'>rerum</span> <span class='ocrx_word' id='word_1_232' title='bbox 399 2605 526 2628; x_wconf 89' lang='lat' dir='ltr'>summa</span> <span class='ocrx_word' id='word_1_233' title='bbox 551 2595 631 2629; x_wconf 87' lang='lat' dir='ltr'>nihil</span> <span class='ocrx_word' id='word_1_234' title='bbox 651 2594 841 2629; x_wconf 78' lang='lat' dir='ltr'>detrimenti</span> <span class='ocrx_word' id='word_1_235' title='bbox 862 2598 1059 2639; x_wconf 79' lang='lat' dir='ltr'>pateretur,</span> <span class='ocrx_word' id='word_1_236' title='bbox 1084 2598 1119 2629; x_wconf 88' lang='lat' dir='ltr'>et</span> <span class='ocrx_word' id='word_1_237' title='bbox 1140 2606 1255 2629; x_wconf 86' lang='lat' dir='ltr'>omnes</span> <span class='ocrx_word' id='word_1_238' title='bbox 1279 2596 1354 2628; x_wconf 86' lang='lat' dir='ltr'>fere</span> <span class='ocrx_word' id='word_1_239' title='bbox 1377 2604 1458 2628; x_wconf 84' lang='lat' dir='ltr'>suas</span> <span class='ocrx_word' id='word_1_240' title='bbox 1473 2590 1717 2627; x_wconf 68' lang='lat' dir='ltr'>sollicitudines</span> 
     </span>
     <span class='ocr_line' id='line_1_37' title="bbox 262 2634 1716 2685; baseline -0.003 -13"><span class='ocrx_word' id='word_1_241' title='bbox 262 2638 368 2682; x_wconf 75' lang='lat'>(285)</span> <span class='ocrx_word' id='word_1_242' title='bbox 391 2638 425 2673; x_wconf 87' lang='lat' dir='ltr'>in</span> <span class='ocrx_word' id='word_1_243' title='bbox 447 2650 547 2673; x_wconf 89' lang='lat' dir='ltr'>unam</span> <span class='ocrx_word' id='word_1_244' title='bbox 568 2643 718 2674; x_wconf 84' lang='lat' dir='ltr'>nostrum</span> <span class='ocrx_word' id='word_1_245' title='bbox 738 2640 993 2675; x_wconf 85' lang='lat' dir='ltr'>sollicitudinem</span> <span class='ocrx_word' id='word_1_246' title='bbox 1009 2644 1236 2676; x_wconf 82' lang='lat' dir='ltr'>converteret.</span> <span class='ocrx_word' id='word_1_247' title='bbox 1280 2638 1463 2685; x_wconf 85' lang='lat' dir='ltr'>periculum</span> <span class='ocrx_word' id='word_1_248' title='bbox 1478 2637 1574 2683; x_wconf 76' lang='lat' dir='ltr'>quasi</span> <span class='ocrx_word' id='word_1_249' title='bbox 1586 2634 1716 2669; x_wconf 72' lang='lat' dir='ltr'>anima·</span> 
     </span>
     <span class='ocr_line' id='line_1_38' title="bbox 260 2680 1714 2731; baseline -0.001 -15"><span class='ocrx_word' id='word_1_250' title='bbox 260 2683 412 2718; x_wconf 86' lang='lat' dir='ltr'>iudicans</span> <span class='ocrx_word' id='word_1_251' title='bbox 445 2685 591 2729; x_wconf 85' lang='lat' dir='ltr'>habere,</span> <span class='ocrx_word' id='word_1_252' title='bbox 625 2686 688 2720; x_wconf 85' lang='lat' dir='ltr'>nisi</span> <span class='ocrx_word' id='word_1_253' title='bbox 720 2697 783 2731; x_wconf 89' lang='lat' dir='ltr'>pro</span> <span class='ocrx_word' id='word_1_254' title='bbox 811 2686 909 2720; x_wconf 84' lang='lat' dir='ltr'>nobis</span> <span class='ocrx_word' id='word_1_255' title='bbox 942 2697 1040 2721; x_wconf 89' lang='lat' dir='ltr'>omne</span> <span class='ocrx_word' id='word_1_256' title='bbox 1069 2687 1191 2721; x_wconf 87' lang='lat' dir='ltr'>subeat</span> <span class='ocrx_word' id='word_1_257' title='bbox 1211 2685 1404 2730; x_wconf 87' lang='lat' dir='ltr'>periculum.</span> <span class='ocrx_word' id='word_1_258' title='bbox 1449 2683 1499 2718; x_wconf 89' lang='lat' dir='ltr'>sic</span> <span class='ocrx_word' id='word_1_259' title='bbox 1520 2682 1576 2716; x_wconf 90' lang='lat' dir='ltr'>ille</span> <span class='ocrx_word' id='word_1_260' title='bbox 1598 2680 1714 2724; x_wconf 76' lang='lat' dir='ltr'>singu·-</span> 
     </span>
     <span class='ocr_line' id='line_1_39' title="bbox 262 2728 1713 2776; baseline -0.001 -14"><span class='ocrx_word' id='word_1_261' title='bbox 262 2729 356 2763; x_wconf 87' lang='lat' dir='ltr'>latim</span> <span class='ocrx_word' id='word_1_262' title='bbox 384 2731 496 2764; x_wconf 89' lang='lat' dir='ltr'>omnia</span> <span class='ocrx_word' id='word_1_263' title='bbox 518 2731 679 2765; x_wconf 85' lang='lat' dir='ltr'>mandans</span> <span class='ocrx_word' id='word_1_264' title='bbox 705 2735 741 2765; x_wconf 89' lang='lat' dir='ltr'>et</span> <span class='ocrx_word' id='word_1_265' title='bbox 762 2731 913 2766; x_wconf 79' lang='lat' dir='ltr'>scribens</span> <span class='ocrx_word' id='word_1_266' title='bbox 939 2742 1092 2766; x_wconf 80' lang='lat' dir='ltr'>sermone</span> <span class='ocrx_word' id='word_1_267' title='bbox 1119 2730 1252 2776; x_wconf 88' lang='lat' dir='ltr'>quidem</span> <span class='ocrx_word' id='word_1_268' title='bbox 1279 2728 1575 2776; x_wconf 74' lang='lat' dir='ltr'>praemonstrabat</span> <span class='ocrx_word' id='word_1_269' title='bbox 1595 2734 1713 2770; x_wconf 75' lang='lat' dir='ltr'>opera·</span> 
     </span>
     <span class='ocr_line' id='line_1_40' title="bbox 261 2770 1713 2822; baseline -0.003 -12"><span class='ocrx_word' id='word_1_270' title='bbox 261 2775 369 2819; x_wconf 80' lang='lat'>(290)</span> <span class='ocrx_word' id='word_1_271' title='bbox 392 2774 598 2821; x_wconf 83' lang='lat' dir='ltr'>depingebat</span> <span class='ocrx_word' id='word_1_272' title='bbox 613 2780 745 2819; x_wconf 85' lang='lat' dir='ltr'>autem,</span> <span class='ocrx_word' id='word_1_273' title='bbox 768 2777 920 2821; x_wconf 87' lang='lat' dir='ltr'>quamvis</span> <span class='ocrx_word' id='word_1_274' title='bbox 939 2778 1075 2819; x_wconf 77' lang='lat' dir='ltr'>absens,</span> <span class='ocrx_word' id='word_1_275' title='bbox 1099 2788 1156 2811; x_wconf 87' lang='lat' dir='ltr'>res</span> <span class='ocrx_word' id='word_1_276' title='bbox 1180 2776 1339 2818; x_wconf 84' lang='lat' dir='ltr'>bellicas,</span> <span class='ocrx_word' id='word_1_277' title='bbox 1374 2775 1573 2820; x_wconf 81' lang='lat' dir='ltr'>disponens,</span> <span class='ocrx_word' id='word_1_278' title='bbox 1605 2770 1713 2822; x_wconf 58' lang='lat' dir='ltr'>impe-3</span> 
     </span>
     <span class='ocr_line' id='line_1_41' title="bbox 261 2820 1712 2868; baseline 0.001 -15"><span class='ocrx_word' id='word_1_279' title='bbox 261 2830 361 2862; x_wconf 81' lang='lat' dir='ltr'>rans,</span> <span class='ocrx_word' id='word_1_280' title='bbox 383 2820 553 2856; x_wconf 84' lang='lat' dir='ltr'>machinas</span> <span class='ocrx_word' id='word_1_281' title='bbox 574 2822 805 2868; x_wconf 75' lang='lat' dir='ltr'>praescribens</span> <span class='ocrx_word' id='word_1_282' title='bbox 821 2823 903 2857; x_wconf 83' lang='lat' dir='ltr'>mira</span> <span class='ocrx_word' id='word_1_283' title='bbox 918 2822 1043 2868; x_wconf 78' lang='lat' dir='ltr'>ingenii</span> <span class='ocrx_word' id='word_1_284' title='bbox 1057 2822 1245 2858; x_wconf 79' lang='lat' dir='ltr'>subtilitate</span> <span class='ocrx_word' id='word_1_285' title='bbox 1259 2827 1296 2858; x_wconf 89' lang='lat' dir='ltr'>et</span> <span class='ocrx_word' id='word_1_286' title='bbox 1310 2820 1446 2867; x_wconf 81' lang='lat' dir='ltr'>peritia.</span> <span class='ocrx_word' id='word_1_287' title='bbox 1491 2827 1605 2862; x_wconf 66' lang='lat' dir='ltr'>neque</span> <span class='ocrx_word' id='word_1_288' title='bbox 1614 2825 1712 2862; x_wconf 70' lang='lat' dir='ltr'>parv·</span> 
     </span>
    </p>
   </div>
  </div>
 </body>
</html>
