1838 3210
242 199 335 245 116
806 200 884 242 DU
919 197 1101 242 CANGII

238 316 438 364 praeterea
448 307 626 347 meminit
636 308 813 347 Enarrat.
825 309 867 346 in
876 306 1025 350 Psalm
1036 308 1089 350 38
1106 314 1144 345 et
1161 308 1213 349 80
1224 313 1263 346 et
1271 306 1396 346 Serm-
1409 309 1491 350 237
1502 305 1551 345 de
1568 314 1672 345 tem-

238 381 347 419 pore
403 373 534 403 narrat
551 366 793 402 Sozomenus
820 367 845 405 9
879 367 899 405 1
938 372 976 402 et
1003 377 1056 402 ex
1087 377 1132 402 eo
1161 362 1401 416 Nicephorus
1434 365 1534 402 Call.
1567 363 1618 406 14
1645 365 1672 404 2

241 422 491 461 Pulcheriam
509 422 741 470 Augustam,
769 419 1013 459 Theodosii
1002 421 1163 458 iunioris
1182 433 1366 469 sororem,
1395 433 1545 458 sacram
1559 433 1674 457 men-

239 493 324 517 sam
349 479 487 515 maiori
510 477 695 514 ecclesiae
715 477 942 528 Cpolitanae
971 491 1041 515 seu
1072 476 1161 514 aedi
1183 475 1406 530 Sophianae
1426 477 1674 514 Constantia-

239 548 313 572 nae
333 547 426 570 auro
447 540 485 570 et
504 532 699 583 lapidibus
720 535 902 600 pretiosis
928 535 1125 585 insignem
1155 540 1194 570 et
1220 532 1382 571 divitem
1401 533 1607 581 obtulisse,
1636 538 1675 569 et

240 591 533 640 inscriptionem
553 591 595 626 iu
617 591 673 626 rei
688 591 921 628 memoriam
939 591 1137 641 posuisse:
1167 589 1210 629 ἐκ
1226 591 1375 642 χρυσοῦ
1393 587 1460 628 καὶ
1477 589 1605 628 λίθων
1620 603 1676 627 τι-

241 648 343 698 μίων
359 641 588 698 θαυμάσιόν
611 661 647 685 τι
674 649 824 714 χρῆμα,
865 643 1077 698 θεαμάτων
1101 641 1330 694 κάλλιστον,
1366 643 1466 696 νπὲρ
1486 646 1557 697 τῆς
1573 644 1678 692 ἰδίας

240 702 463 755 παρθενίας
478 700 545 741 καὶ
563 704 635 753 τῆς
652 704 727 742 τοῦ
747 698 926 752 άδελφοῦ
924 700 1193 773 ἡγεμονίας,
1217 699 1328 754 ἱεραν
1347 697 1512 741 ἐνέθετο
1533 697 1677 752 τράπε-

241 760 311 806 ζαν
341 757 384 798 ἐν
410 760 461 813 τῇ
485 757 669 812 ἐκκλησία
691 760 794 806 ΚΠ,
823 757 935 798 καὶ’
916 758 981 798 επὶ
1000 761 1074 799 τοῦ
1093 773 1285 825 μετωπου.
1293 760 1365 810 τῆς
1384 755 1592 810 τραπέζης,
1625 771 1678 803 ως

239 811 292 854 οἶν
311 817 434 854 πᾶσιν
457 809 645 865 εκδηλαἶ
619 830 659 869 ῃ,
682 811 776 854 τάδε
795 813 1027 868 ἐπέγραψεν.
1084 827 1214 866 neque
1231 815 1374 852 minori
1388 813 1678 864 magnificentia

241 877 307 907 aut
327 871 494 922 parciori
513 876 674 922 sumptu
688 882 840 908 sacram
860 871 980 907 aliam
994 884 1171 908 mensam
1192 872 1232 907 in
1251 883 1351 907 nova
1371 869 1467 907 aede
1456 843 1678 920 ”Sophiam

242 928 368 964 erexit
386 927 635 975 lastinianus,
666 933 709 963 ut
729 939 830 978 quae
851 933 932 964 tota
952 940 1046 965 auro
1065 934 1103 964 et
1119 926 1299 979 lapidum
1315 927 1575 978 pretiosorum
1594 926 1678 962 ful-

242 996 334 1034 gore
356 983 593 1020 coruscabat.
652 982 898 1021 Silentiarius
915 996 953 1034 p.
973 986 1000 1024 2
1017 996 1054 1020 v.
1074 986 1177 1024 337:

513 1034 689 1088 άφνειῶν
703 1037 747 1079 δὲ
766 1040 895 1078 λίθων
914 1039 1150 1079 ποικίλλεται
1174 1038 1238 1089 αἶ’)
1241 1041 1302 1094 λῃ.

99 1095 127 1129 Ρ
154 1095 219 1132 567
242 1093 314 1132 sed
342 1100 380 1132 et
411 1094 583 1131 mirabili
615 1101 654 1131 et
675 1096 859 1131 inusitato
887 1108 1005 1146 opere
1037 1102 1074 1132 et
1100 1080 1276 1132 inaudita
1302 1092 1490 1131 hactenus
1516 1092 1680 1130 materia

242 1151 418 1189 confecta
439 1157 533 1187 erat.
573 1151 773 1188 constabat
796 1152 915 1199 enim,
945 1153 979 1188 si
999 1152 1249 1201 scriptoribus
1270 1151 1427 1187 Graecis
1452 1148 1561 1197 fides,
1584 1161 1680 1186 auro

242 1214 404 1258 argento
439 1206 622 1257 crystallo
665 1209 881 1258 ceterisque
912 1207 1084 1244 metallis
1113 1207 1428 1258 pretiosioribus,
1479 1211 1682 1257 praeterea

241 1263 462 1313 margaritis
489 1269 527 1299 et
546 1263 673 1299 omnis
701 1265 854 1313 generis
878 1263 1024 1313 lapillis
1053 1264 1300 1301 comminutis
1317 1262 1513 1314 simulque
1526 1262 1682 1329 permi-

243 1320 334 1366 stis,
377 1318 552 1355 conflatis
575 1325 613 1355 et
632 1319 869 1370 liquefactis.
928 1318 1121 1357 eodinus:
1161 1316 1237 1372 τήν
1263 1333 1303 1359 τε
1330 1317 1448 1388 αγίαν
1474 1313 1682 1386 τράπεζαν,

242 1370 609 1427 προσκαλεσάμενος
627 1376 813 1426 τεχνίτας,
834 1371 1092 1427 ἐβουλεύσατο
1111 1376 1245 1427 βαλεῖν
1260 1372 1408 1426 χρυσδν
1423 1389 1492 1414 και
1509 1369 1684 1439 άργυρὸν

243 1433 388 1478 λίθους
401 1444 442 1470 τε
441 1431 613 1497 τιμίους
632 1430 675 1471 ἐκ
694 1427 877 1479 πάντων,
917 1431 1176 1484 μαργαρίτας,
1206 1427 1369 1483 χαλκόν,
1399 1431 1584 1483 σίδηρον,
1614 1424 1686 1481 μό·

244 1488 406 1538 λυβδον,
435 1482 554 1527 υέλον
572 1485 640 1526 καὶ
658 1489 792 1527 πᾶσαν
808 1483 911 1538 ὕλην
928 1485 1194 1556 τετριμμένην,
1223 1487 1291 1527 καὶ
1310 1487 1590 1539 καταμίξαντες
1607 1482 1685 1537 άμ-

247 1539 397 1594 φότερα
421 1541 490 1581 καὶ
514 1539 779 1594 χωνεύσαντες
806 1542 956 1594 ἔχωσαν
983 1539 1190 1595 αββάκιον.
1248 1541 1387 1580 eadem
1414 1541 1557 1580 iisdem
1583 1554 1685 1593 pene

247 1599 377 1637 verbis
403 1596 521 1635 habet
545 1600 795 1649 Anonymus,
838 1597 1017 1666 haecque
1037 1598 1192 1636 subdit:
1233 1601 1293 1646 τίς
1317 1614 1391 1666 γαρ
1419 1595 1615 1649 θεάσηται
1642 1611 1687 1638 το

248 1652 356 1702 εἶδος
382 1656 454 1704 τῆς
481 1652 596 1720 αγίας
622 1653 831 1723 τραπέζης,
870 1653 938 1693 καὶ
967 1649 1043 1694 ουίι
1071 1653 1301 1723 ἐκπλαγείης
1331 1650 1360 1705 ἢ
1389 1654 1447 1700 τίς
1474 1650 1686 1705 δυνήσεται

245 1712 490 1761 κατανοῆσαι
514 1705 665 1760 ταύτην
693 1707 760 1750 δια
786 1707 829 1750 τὸ
856 1707 1005 1758 πολλας
1030 1707 1167 1763 χροιάς
1191 1709 1259 1749 καὶ
1281 1705 1559 1761 στιλπνότητας
1577 1708 1686 1749 ἔναλ-

246 1762 430 1814 λάσσειν,
458 1781 514 1812 ως
532 1763 575 1805 τὸ
593 1762 738 1818 ταύτης
756 1762 860 1813 εἶδος
879 1765 1054 1817 ἅρασθαι
1070 1764 1164 1807 ποτὲ
1181 1764 1253 1818 μὲν
1269 1766 1474 1818 χρυσίζον,
1513 1765 1555 1806 ἐν
1580 1762 1685 1820 &up

248 1820 293 1862 δὲ
308 1818 418 1876 τόπῳ
443 1817 671 1888 άργυρίζον,
711 1822 767 1869 εἰς
791 1819 885 1862 αλλο
911 1819 955 1861 δὲ
980 1821 1114 1891 μέρος
1127 1823 1384 1891 σαπφειρίζον
1408 1817 1687 1888 ἒξαστράπτον,

248 1877 318 1919 καὶ
339 1877 472 1925 απλῶς
494 1877 619 1917 εἰπεῖν
637 1873 889 1918 α’ποστέλλειν
912 1873 972 1930 οβ’
1001 1875 1136 1931 χροιᾶς
1161 1876 1260 1918 κατά
1282 1894 1352 1926 τας
1369 1873 1510 1929 φύσεις
1529 1891 1611 1917 των
1631 1877 1687 1917 λί-

247 1939 340 1974 θων
369 1932 437 1974 καὶ
466 1935 716 1987 μαργαριτῶν
745 1933 812 1974 καὶ
839 1929 1002 1974 πάντων
1032 1949 1113 1974 των
1139 1932 1352 1986 μετάλλων.
1408 1947 1482 1971 nec
1507 1931 1688 1971 dissentit

248 1993 405 2028 Nicetas
431 1991 473 2027 in
499 1989 748 2040 Murtzuphlo
776 2004 808 2027 c.
830 1990 880 2039 3,
920 1993 989 2043 qui
1021 1989 1070 2027 de
1098 2004 1229 2028 sacrae
1249 2003 1409 2028 mensae
1426 1990 1687 2028 Iustinianeae

249 2048 414 2084 materia
432 2044 530 2083 haec
550 2046 705 2084 scribit·
734 2045 764 2098 ἦ
782 2044 853 2098 μὲν
872 2043 1034 2098 θυωρός
1053 2043 1232 2098 τράπεζα,
1261 2044 1305 2087 τὸ
1327 2046 1370 2086 ἐκ
1389 2047 1530 2086 πασῶν
1549 2046 1689 2094 τιμίων

249 2102 357 2142 υλιόν
388 2099 570 2152 σύνθεμα
597 2101 912 2169 συντετηγμένων
932 2101 1030 2153 πυρὶ
1057 2101 1124 2141 και
1151 2114 1482 2155 περιχωρησασων
1503 2097 1689 2152 άλλήλαις

251 2158 309 2205 εἷς
338 2154 426 2204 ἓνός
457 2155 735 2225 ποικιλοχρόου
769 2155 936 2204 κάλλους
970 2156 1196 2209 ’ὑπερβολήν
1227 2158 1399 2206 ἐξαισίου
1431 2160 1484 2212 τῷ
1511 2172 1597 2198 οντι
1620 2156 1689 2196 καὶ

251 2208 489 2265 ἆξιαγάστου
505 2208 596 2263 παρ’
615 2210 820 2253 ἕθνεσιν”
793 2226 917 2253 απασι
937 2220 1009 2250 etc.
1042 2227 1135 2264 prae
1153 2216 1290 2251 ceteris
1309 2227 1400 2251 vero
1420 2227 1571 2251 sacram
1586 2211 1689 2250 hanc

249 2281 430 2308 mensam
452 2267 636 2318 graphice
661 2267 865 2320 descripsit
883 2268 1094 2334 Oedi-enus,
1121 2277 1159 2307 et
1176 2272 1482 2322 inscriptionem,
1513 2282 1633 2322 quam
1646 2269 1690 2306 ἰιι

251 2325 345 2363 orbe
366 2326 495 2375 posuit
509 2325 767 2374 lastinianus,
797 2323 997 2362 exhibuit.
1036 2322 1120 2366 τότε
1145 2331 1253 2366 ποιεῖ
1277 2326 1344 2366 καὶ
1363 2342 1436 2377 την
1457 2324 1575 2379 άγίαν
1593 2320 1689 2378 τρά-

247 2383 381 2429 πεζαν,
413 2379 528 2433 ἔργον
546 2354 767 2451 αμίμητονί
782 2376 862 2421 οἷπό
883 2395 923 2420 τε
942 2397 1016 2433 γαρ
1035 2394 1181 2434 χρυσου
1202 2381 1268 2422 καὶ
1289 2378 1463 2449 αργύρου
1483 2380 1552 2421 καὶ
1568 2382 1688 2421 λίθου

249 2437 441 2477 παντοίου
462 2435 529 2475 καὶ
549 2431 668 2485 ξυλου
687 2435 754 2475 καὶ
771 2433 961 2487 μετάλλου
978 2453 1044 2477 και
1064 2438 1195 2485 εἴδους
1213 2434 1384 2487 άλλου,”
1364 2450 1435 2478 οσα
1450 2452 1491 2477 τε
1509 2439 1561 2488 γῆ
1577 2436 1689 2506 φέρει

249 2492 317 2533 καὶ
339 2489 522 2532 θάλασσα
547 2507 613 2531 και
642 2495 722 2540 πᾶς
749 2508 769 2533 ο
785 2489 948 2544 κόσμος,
977 2492 1020 2533 ἐκ
1039 2489 1201 2533 πάντων
1221 2491 1392 2542 συνάξας
1411 2509 1459 2533 τα
1477 2491 1549 2544 μὲν
1565 2493 1690 2562 κρείτ·

249 2564 347 2589 τονα
373 2547 440 2616 xta}
464 2544 671 2599 τιμιώτερα
698 2549 860 2588 πλείονα
888 2564 936 2588 τα
968 2547 1012 2588 δὲ
1042 2547 1185 2589 ἐλάττω
1207 2549 1450 2598 ἐνδεέστερα,
1491 2564 1539 2588 τα
1567 2544 1690 2599 τηκτὰ

249 2601 369 2655 τήξας
389 2619 436 2643 τα
437 2601 553 2671 ξηρα
573 2603 780 2655 ἐπέβαλεν,
815 2603 883 2644 καὶ
912 2601 1038 2651 οὕτως
1058 2605 1113 2652 εἰς
1135 2601 1264 2645 τύπον
1284 2605 1436 2657 ἐπιχέας
1457 2599 1690 2657 άνεπλήρω-

249 2673 319 2701 σεν
345 2655 491 2710 αυτήν,
527 2656 625 2699 οθεν
654 2659 722 2700 καὶ
747 2662 906 2711 ποικίλη
926 2661 1147 2728 φαινομένη
1169 2657 1331 2713 θάμβος
1345 2659 1507 2730 παρέχει
1529 2663 1611 2708 τοῖς
1633 2660 1690 2707 είς

249 2711 375 2767 αὐτήν
402 2711 663 2764 άτενίζουσιν,
707 2712 930 2770 ἐπιγράψας
946 2713 1123 2786 γύροθεν
1143 2719 1265 2756 ταῦτα
1286 2714 1354 2756 “ra
1375 2715 1423 2757 σά
1445 2716 1487 2756 ἐκ
1505 2719 1585 2756 τοῖν
1605 2717 1688 2756 σων

244 2770 547 2841 προσφέρομεν,
577 2772 618 2811 οἰ
634 2773 771 2814 δοῦλοί
791 2785 883 2823 σου,
916 2771 1077 2840 Χριστέ,
1105 2769 1377 2821 Ἰουστινιανὸς
1395 2772 1463 2813 καὶ
1485 2767 1686 2824 Θεοδῶρα,

244 2845 271 2869 α
305 2823 481 2881 ειῖμενως
511 2823 740 2881 πρόσδεξαι,
791 2827 854 2870 vt}
883 2828 951 2871 καὶ
973 2825 1066 2884 λόγε
1090 2832 1166 2870 τοῦ
1190 2831 1297 2871 θεοῦ
1323 2828 1348 2872 o‘
1377 2826 1600 2883 σαρκωθεὶς
1618 2826 1687 2869 καὶ
