1838 3210
233 192 329 240 156
441 193 522 240 DU
555 194 740 238 CANGII
767 194 1101 239 DESCRIPTIO
1132 196 1176 239 S.
1209 195 1458 240 SOPHIAE.

230 299 651 371 Sabaitarum.01¹imo
672 298 961 357 οἷποτεμόμενοὶ
981 319 1018 344 τι
1039 302 1083 345 οἷ
1100 300 1239 360 πρώην
1261 303 1423 359 πατέρες
1445 303 1675 347 διακονικδν

226 356 513 412 πεποιήκασιν,
559 357 751 412 ἐσώτερον
786 359 828 401 δὲ
865 363 939 401 τοῦ
970 361 1203 401 διακονικοῦ
1235 366 1546 429 κειμηῇιαρχεΐον
1583 360 1674 414 ἤτοι

228 414 558 467 σκευοφυλοῖκιον.
632 415 725 454 hinc
761 416 956 455 eiusmodi
994 416 1196 455 diaconica
1233 420 1452 468 promiscue
1492 418 1674 456 dicuntur

225 474 434 509 secretaria
465 485 511 510 ac
540 485 743 511 sacrorum
775 487 959 512 vasorum
988 475 1146 512 aeraria
1175 475 1218 511 in
1244 473 1405 512 laudata
1435 476 1614 526 Gregorii
1639 488 1673 512 11

224 529 290 565 PP
322 529 510 579 epistola3
541 535 658 580 atque
685 530 740 567 ita
769 531 948 581 usurpari
969 531 1117 581 passim
1135 531 1340 568 observare
1359 538 1429 569 est.
1489 545 1557 569 cur
1576 544 1670 569 vero

224 585 266 621 in
299 583 500 622 diaconico
530 592 811 636 reponerentur
842 599 951 624 sacra
986 586 1174 624 ecclesiae
1202 588 1438 635 ministeria,
1470 588 1568 624 ratio
1600 587 1672 624 illa

223 641 476 691 potissimum
493 647 551 678 est
570 641 678 694 quod
698 655 742 679 ea
768 655 881 679 curae
907 641 1160 680 diaconorum
1181 656 1225 680 ac
1243 642 1499 681 sollicitudini
1516 645 1673 680 incum-

223 697 375 734 berent.
432 696 604 735 Isidorus
635 697 683 735 de
710 699 818 736 Eccl.
850 699 959 737 offic.
987 702 1014 740 2
1042 702 1086 741 9:
1118 699 1292 737 custodes
1318 700 1486 737 sacrarii
1508 700 1673 737 Levitae

223 760 330 789 sunt:
361 754 457 803 ipsis
476 755 578 791 enim
597 755 748 792 iussum
767 762 823 792 est
840 755 1031 792 custodire
1048 754 1348 793 tabernaculam
1365 763 1403 792 et
1421 756 1554 793 omnia
1575 768 1674 794 vasa

224 809 377 858 templi;
409 809 517 862 quod
547 812 665 848 etiam
694 809 863 848 habetur
894 810 1001 863 apud
1030 812 1222 863 Cyrillum
1243 811 1459 849 Alexandr.
1481 812 1552 849 lib.
1572 814 1598 852 3
1622 810 1683 848 de

222 864 386 903 Adorat.
442 865 536 903 inde
560 867 640 904 illis
663 880 708 904 ea
730 881 852 905 manu
872 869 1119 918 contingere,
1153 881 1233 905 nou
1253 875 1385 905 autem
1407 867 1671 916 subdiaconis,

223 921 391 970 licebat3
431 929 469 959 et
497 929 542 960 ut
568 924 622 960 ait
650 925 860 961 concilium
889 923 1158 961 Laodicenum
1184 937 1268 961 cau.
1297 927 1372 972 21,
1405 920 1455 964 ου’
1485 925 1548 964 δεῖ
1571 923 1672 975 ε’χειν

84 974 114 1006 Ρ
137 974 203 1011 598
226 975 426 1030 υπηρέτας
444 974 575 1031 χώραν
593 978 627 1020 ἐ·
615 995 636 1011 -r
653 982 709 1034 τῷ
725 981 942 1035 ὃιακονικῷ
954 979 1021 1019 καὶ
1037 976 1233 1020 ἅπτεσθαι
1247 981 1490 1020 δεσποτικων
1505 992 1670 1019 σκευων.

224 1046 325 1085 quae
346 1033 507 1086 quidem
527 1037 581 1072 ita
600 1021 717 1073 vertit
736 1037 947 1074 concilium
963 1035 1190 1087 Agathense
1211 1049 1296 1073 can.
1315 1039 1394 1078 66.
1425 1050 1504 1072 non
1524 1042 1674 1085 oportet

223 1091 441 1128 insacratos
458 1092 604 1128 ministr
606 1106 654 1128 vs
672 1092 872 1130 licentcam
886 1091 1028 1129 habere
1044 1095 1086 1129 in
1102 1093 1371 1136 secretarium,
1401 1092 1508 1142 qaod
1527 1092 1673 1128 Graeci

221 1147 471 1184 diaconicum
500 1147 724 1196 appellant,
753 1148 909 1198 ingredi
928 1155 965 1183 et
983 1149 1205 1197 concingere
1226 1160 1325 1184 vasa
1343 1147 1558 1192 dominica,
1587 1149 1670 1184 sive

222 1216 270 1239 ea
301 1203 420 1240 verba
448 1201 709 1252 intelligenda
737 1204 816 1240 sint
845 1201 893 1239 de
917 1204 1058 1240 maiori
1080 1201 1299 1251 diaconico,
1330 1205 1413 1240 sive
1439 1202 1487 1240 de
1511 1205 1669 1252 minori,

219 1257 263 1295 id
284 1265 343 1297 est
361 1257 551 1296 conchula
570 1259 736 1296 bematis
755 1260 810 1295 ita
829 1266 1074 1310 nuncupata,
1104 1265 1148 1296 ut
1165 1272 1281 1310 supra
1301 1261 1539 1298 monuimus.
1597 1273 1669 1297 ve-

219 1328 309 1352 rum
331 1313 439 1366 quod
458 1313 509 1351 ad
526 1327 708 1352 vasorum
725 1327 925 1352 sacrorum
944 1328 1078 1352 curam
1092 1316 1272 1366 primitus
1291 1314 1464 1353 diaconis
1483 1316 1668 1353 collatam

220 1372 380 1419 attinet,
410 1369 453 1408 id
486 1370 741 1421 postmodum
769 1372 1046 1409 immutatum:
1086 1385 1222 1409 eorum
1256 1373 1363 1408 enim
1394 1373 1464 1409 illa
1494 1373 1537 1408 in
1570 1371 1668 1409 aede

219 1426 423 1478 Sophiana
452 1425 542 1464 data
571 1434 630 1465 est
657 1440 802 1478 magno
833 1427 1132 1479 sceuophylaci‚
1163 1427 1211 1465 de
1232 1440 1309 1479 qua
1329 1426 1518 1479 dignitate
1539 1428 1668 1465 eccle—

218 1484 374 1521 siastica
394 1485 544 1535 passim
562 1485 635 1521 viri
651 1483 755 1521 docti
774 1497 902 1535 egere,
937 1486 1011 1532 cui,
1040 1491 1084 1521 ut
1103 1497 1176 1535 par
1197 1491 1256 1522 est
1277 1483 1448 1533 credere,
1480 1484 1668 1523 suberant

218 1539 390 1577 diaconi.
446 1553 562 1590 porro
582 1539 875 1591 sceuophylacii
895 1539 1088 1608 Sophiani
1103 1541 1285 1577 meminit
1300 1542 1557 1592 Anonymus:
1588 1540 1667 1580 ἐστι

217 1593 262 1635 δὲ
293 1594 316 1636 ὁ
342 1591 467 1643 τόπος
496 1610 578 1635 των
606 1593 834 1647 οἰκημάτων
864 1592 1011 1646 αυτῆς,
1050 1593 1098 1636 ὃν
1129 1595 1298 1635 δέδωκεν
1321 1597 1376 1643 εἰς
1396 1595 1472 1648 τήν
1492 1592 1668 1648 μεγάλην

217 1651 445 1703 ἐκκλησίαν,
472 1650 515 1692 τὸ
535 1648 853 1701 σκευοφυλοὶκιον
868 1648 976 1699 ὅλον,
1006 1648 1081 1691 συν
1098 1653 1152 1705 τῷ
1167 1654 1255 1705 ναῷ
1271 1654 1343 1691 τοῦ
1361 1651 1477 1706 αγίου
1497 1651 1667 1703 Πέτρου.

217 1706 290 1746 sed
309 1721 390 1759 quo.
405 1709 654 1758 potissimum
672 1707 760 1746 loco
780 1709 975 1745 exstiterit
996 1706 1243 1744 diaconicum
1263 1708 1358 1744 olim
1371 1737 1382 1755 ,
1416 1721 1486 1745 seu
1505 1709 1546 1744 in
1567 1707 1667 1745 aede

218 1763 421 1815 Sophiana
446 1777 516 1801 seu
541 1765 584 1800 iu
611 1765 748 1802 ceteris
770 1764 984 1801 maioribus
1006 1764 1203 1811 ecclesiis,
1233 1764 1299 1800 vel
1321 1776 1421 1815 quae
1442 1762 1666 1815 sceuophy-

213 1821 307 1858 lacii
334 1821 508 1858 vestiarii
534 1821 732 1858 secretarii
762 1827 800 1858 et
831 1820 918 1857 aliis
940 1820 1164 1857 nominibus
1190 1818 1357 1857 donatur
1377 1821 1497 1871 vulgo
1518 1819 1667 1857 exedra

215 1875 307 1914 aedi
326 1890 458 1915 sacrae
477 1875 679 1925 adiuncta,
709 1889 791 1914 non
809 1875 907 1914 adeo
927 1883 1154 1927 promptum
1176 1882 1234 1913 est
1254 1877 1424 1928 assequi.
1480 1877 1664 1926 Allatius,

215 1934 276 1970 nti
295 1946 412 1985 supra
435 1932 630 1982 diximus,
661 1931 905 1971 diaconicum
918 1946 1003 1970 rem
1019 1945 1177 1983 prorsus
1198 1930 1394 1970 diversam
1415 1945 1438 1970 a
1456 1933 1664 1970 secretario

215 1990 335 2039 facit,
366 1989 646 2041 contenditque
676 2002 761 2027 esse
790 1987 982 2027 concham
1002 1990 1115 2025 illam
1136 2001 1236 2040 quae
1257 1989 1544 2041 θυσιαστηρίου
1567 2002 1665 2026 con-

214 2044 337 2095 chae,
368 2045 508 2083 aedem
528 2044 579 2083 ad
598 2047 798 2084 sinistram
819 2046 1065 2092 ineuntibus,
1097 2043 1342 2094 adiungitur,
1373 2045 1442 2081 ubi
1465 2056 1664 2095 σκευοφυ-

212 2102 353 2142 λακίου
387 2109 425 2140 et
454 2102 686 2142 διακονικοῦ
715 2098 885 2154 τράπεζα
914 2102 1115 2148 statuitur,
1146 2099 1482 2152 quemadmodum
1506 2113 1665 2138 nuncu-

211 2165 329 2210 patur
359 2170 382 2195 a
411 2158 610 2209 Symeone
639 2155 1000 2196 Thessalonicensi.
1064 2169 1203 2193 verum
1234 2158 1308 2194 etsi
1333 2158 1375 2194 in
1402 2156 1580 2194 confesso
1611 2157 1663 2195 sit

212 2227 303 2252 eam
331 2211 566 2251 conchulam
594 2212 842 2251 diaconicum
870 2213 1108 2264 appellatam
1134 2213 1279 2262 fuisse,
1307 2226 1388 2250 non
1416 2212 1506 2251 ideo
1528 2220 1665 2250 tamen

212 2271 391 2322 sequitur
422 2268 635 2318 exedram,
678 2282 799 2320 quam
828 2270 949 2319 vulgo
976 2270 1198 2306 sacristiam
1227 2282 1436 2318 vocamus,
1469 2268 1662 2307 diaconici

212 2326 522 2378 appellationem
555 2338 636 2363 non
671 2324 876 2363 habuisse:
918 2336 1036 2373 nam,
1076 2327 1135 2362 uti
1163 2338 1281 2377 supra
1309 2326 1558 2363 observatum
1587 2331 1660 2374 est,

210 2381 404 2420 conchula
438 2383 514 2420 ista
544 2380 793 2419 diaconicum
825 2381 1023 2432 appellata
1053 2387 1133 2430 est,
1173 2380 1280 2434 quod
1308 2382 1351 2419 in
1382 2394 1428 2419 ea
1457 2382 1576 2419 allata
1605 2393 1660 2419 ex

208 2441 358 2477 maiore
392 2437 592 2476 diaconico
623 2451 732 2476 sacra
757 2450 852 2475 vasa
884 2444 1002 2489 atque
1035 2435 1135 2475 adeo
1162 2445 1292 2476 vestes
1321 2435 1582 2476 sacerdotales
1606 2435 1659 2474 ad

208 2495 413 2546 liturgiam
432 2507 582 2533 sacram
602 2492 868 2546 peragendam
882 2494 1125 2532 necessariae
1143 2501 1437 2546 reponerentur.
1492 2493 1658 2544 planum

211 2553 319 2589 enim
342 2564 426 2589 esse
448 2564 536 2589 reor
555 2564 607 2588 ex
627 2551 850 2603 praeallatis
872 2548 1119 2587 diaconicum
1135 2549 1324 2588 exedram
1341 2550 1463 2587 fuisse
1482 2548 1571 2586 aedi
1591 2562 1659 2587 sa-

212 2621 301 2646 crae
326 2607 569 2656 adiunctam,
599 2605 763 2659 proinde
795 2619 819 2643 a
847 2607 1002 2644 bemate
1034 2607 1229 2644 seclusam
1249 2613 1288 2644 et
1308 2612 1519 2654 remotam,
1550 2603 1657 2657 quod

212 2672 252 2702 et
273 2663 421 2701 indicat
439 2663 547 2701 idem
565 2664 761 2716 Symeon,
791 2661 888 2700 dum
906 2662 1038 2700 scribit
1059 2663 1288 2714 episcopum
1306 2660 1614 2700 consecrandum
1634 2673 1659 2698 a

211 2719 413 2759 diaconico
449 2718 500 2757 ad
535 2721 652 2757 bema
689 2717 901 2773 procedere
934 2732 1006 2770 per
1033 2719 1174 2770 templi
1207 2717 1390 2756 dextram
1420 2725 1460 2756 et
1494 2718 1657 2764 soleam,

211 2774 280 2817 δια
309 2779 383 2818 τοῦ
408 2777 542 2825 δεξιοῦ
574 2775 718 2830 μέρους
745 2791 817 2817 του
848 2777 952 2816 ναοῦ
981 2773 1048 2815 καὶ
1076 2778 1150 2815 τοῦ
1172 2773 1345 2824 σωλὲως,
1374 2773 1660 2812 deducentibus

213 2846 306 2872 eum
339 2830 606 2873 sacerdotibus
635 2840 674 2872 et
702 2832 868 2872 diacono
898 2837 1136 2885 praeeunte3
1180 2831 1249 2870 ubi
1278 2844 1351 2884 per
1379 2830 1561 2870 dextram
1586 2829 1661 2870 ποῦ’
