1890 3224
244 154 308 206 30
728 163 963 208 GEORGH
991 163 1204 207 PISIDAE

463 279 528 320 καὶ
551 282 633 327 τοῖς
658 275 790 327 λίθοις
813 275 937 331 ἔμεινε
958 277 1286 332 συλλιθούμενος.

465 346 536 388 οὐκ
556 345 637 387 ἔστι
660 349 788 387 ταῦτα
810 346 911 402 πρὸς
926 343 1047 403 χάριν
1070 348 1338 403 κεχρωσμένα,

459 412 585 454 ἇπλοΐ
597 414 639 454 ds*
661 411 821 464 πάντως
840 418 912 468 τῆς
933 414 1128 469 ἀληθείας
1150 413 1273 471 λόγοι,

462 479 532 530 οὓς
549 482 583 522 εἴ
602 479 888 536 σιωπήσαιμεν,
924 482 966 524 αἱ
987 483 1128 539 πέτραι
1147 481 1253 537 τάχα

381 546 434 589 40
466 548 604 605 φωνὰς
625 547 897 606 ἂπορρήξουσι
919 554 999 592 τῶν
1024 552 1321 607 πεπραγμένων.

514 616 621 658 Ἐπεὶ
646 617 689 658 δὲ
710 618 861 672 πολλὴν
883 619 925 668 ἐξ
943 617 1066 668 ἔθους
1085 617 1302 675 ὑπέρθεσιν

459 687 534 724 τοῦ
551 683 766 741 βαρβάρου
787 692 972 741 παρεῖχεν
992 685 1019 741 ἦ
1045 689 1275 744 ὁειλανδριά

464 751 613 805 (δειλὸς
631 752 709 809 γὰρ
731 752 786 795 ὢν
810 753 1010 808 κῦίτολμος
1032 754 1212 811 ἆνὸρεῖος
1232 752 1356 809 μόνον

462 819 503 860 ἓν
523 823 573 876 τῇ
595 819 753 873 δοκήσει
774 825 845 875 τῆς
866 820 1000 876 μάχης
1024 822 1221 879 ἐφαίνετο,

380 884 434 926 45
461 886 533 936 τὰς
552 887 595 928 δὲ
617 886 860 945 παρατάξεις
883 887 959 943 εἶχε
979 892 1038 944 μὴ
1060 890 1313 944 κινουμένας·

463 953 568 996 οὕτω
588 956 664 1012 γὰρ
684 951 788 1010 ἦσαν
810 957 1065 1014 ἷστορημὲναι
1083 956 1207 1012 μόνον

463 1020 518 1071 ὡς
542 1024 820 1080 ζωγραφοῦσιν
841 1026 879 1066 οἳ
896 1032 1064 1082 γραφεῖς
1084 1026 1157 1075 τὰς
1175 1022 1363 1080 εῗκόνας),

463 1090 676 1132 κάνταῦθα
695 1096 847 1151 τολμᾷς
865 1097 937 1147 τῆς
951 1092 1213 1149 Ἀλεξάνδρου
1230 1095 1363 1145 πλέον,

463 1156 662 1213 κράτιστε,
697 1157 870 1214 γνώμης,
906 1160 1011 1202 ἀλλὰ
1031 1159 1215 1202 κινδύνου
1236 1162 1343 1214 δίχα,

382 1227 436 1266 50
463 1226 537 1278 οὐχ
554 1224 687 1283 ὥσπερ
706 1229 762 1277 εἷς
781 1229 963 1269 κίνδυνον
980 1228 1027 1270 οὗ
1043 1229 1177 1270 θέλων
1192 1229 1356 1285 τρέχειν,

464 1293 569 1334 ἀλλὰ
590 1298 793 1350 σφαλῆναι
815 1295 873 1350 μὴ
894 1296 1028 1342 θέλων
1049 1296 1245 1355 ἀβουλία·

464 1361 691 1413 εὐβουλιάις
707 1362 784 1419 γὰρ
804 1361 824 1404 ὃ
847 1363 1070 1420 στρατηγὸς
1088 1362 1290 1421 ἀσφαλής,

465 1428 556 1469 ἀλλ’
583 1430 671 1484 οὐχὶ
691 1429 859 1484 τόλμαις
878 1432 984 1473 ἐστὶν
1002 1432 1314 1489 ἀσφαλέστερος.

463 1498 530 1538 καὶ
554 1498 603 1551 δὴ
620 1498 769 1551 μεταξὺ
790 1503 871 1541 τῶν
889 1498 1200 1556 στρατευμάτων
1219 1499 1309 1542 τότε

383 1562 437 1604 55
467 1565 615 1619 σκηνὴν
632 1565 799 1620 ἔπηξας,
833 1565 1004 1624 εὗχερεῖς
1021 1567 1120 1624 πρὸς
1136 1568 1209 1622 τὴν
1224 1565 1362 1622 μάχην

461 1633 599 1683 λιὸοὺς
618 1633 809 1690 ἀφορμάς
821 1647 833 1658 ·
866 1637 934 1676 καὶ
950 1634 996 1676 τὸ
1018 1637 1175 1677 ὁέἴπνον
1192 1636 1233 1676 ἓν
1249 1636 1361 1694 μέσῳ

464 1699 621 1754 ἕτοιμον
638 1696 688 1755 ἦν
705 1719 768 1744 σοι
790 1707 1060 1760 σχηματισμῷ
1081 1705 1147 1745 καὶ
1161 1702 1296 1760 μόνῳ·

466 1765 487 1808 ὃ
509 1773 602 1818 νοῦς
622 1769 699 1826 γὰρ
717 1768 831 1823 ὖμιῧν
855 1770 927 1812 οὐκ
950 1769 1179 1824 ἐδεσμάτων
1198 1769 1332 1813 πόθον

466 1835 558 1876 ἄλλ’
586 1839 641 1887 εἷς
660 1837 706 1879 τὸ
727 1836 865 1889 σώζειν
884 1837 960 1892 εἶχε
980 1838 1052 1893 τὴν
1074 1839 1310 1893 ἀπληστίαν.

384 1903 439 1942 60
467 1902 595 1955 οὕτως
617 1906 773 1947 ἐκείνων
793 1906 991 1963 ἀσφαλῶς
1007 1906 1285 1964 κατεφρόνεις,

465 1970 568 2022 ὕλας
579 1978 768 2030 χορηγῶν
789 1976 857 2017 καὶ
875 1973 1077 2025 τοσαύτας
1093 1977 1161 2017 καὶ
1182 1975 1315 2025 ξένας,

338 2088 384 2123 43
409 2085 568 2134 ἄτολμος
589 2091 619 2124 P
643 2094 679 2125 et
702 2092 744 2126 ed
819 2097 822 2101 ’
881 2091 926 2129 45
950 2090 990 2126 δὲ
1014 2103 1068 2126 om
1089 2092 1118 2126 P
1143 2095 1179 2125 et
1203 2090 1245 2125 ed

250 2187 398 2231 scopulis
411 2188 565 2223 adhaesit
579 2191 718 2236 scopulo
734 2191 858 2226 similis.
904 2204 971 2227 non
987 2193 1070 2226 haec
1085 2196 1164 2226 sunt
1179 2191 1223 2225 ad
1238 2190 1380 2236 gratiam
1392 2192 1545 2226 colorata
1562 2194 1598 2227 et
1613 2191 1706 2236 fictu,
1725 2205 1730 2209 ·

248 2232 417 2276 simplices
432 2246 513 2268 vero
529 2240 608 2268 sunt
623 2247 760 2279 prorsus
776 2237 933 2271 veritatis
949 2249 1119 2272 sermones
1131 2262 1141 2278 ‚
1164 2249 1250 2282 quos
1265 2237 1294 2271 si
1311 2242 1475 2279 tacerem,
1498 2238 1562 2283 ipsi
1577 2237 1707 2282 lapides

249 2278 407 2311 continuo
427 2280 507 2323 (40)
526 2280 568 2313 de
585 2282 685 2314 rebus
701 2282 807 2324 gestis
820 2294 924 2316 voces
939 2283 1145 2317 emitterent.
1188 2295 1262 2316 cum
1277 2288 1389 2316 autem
1403 2283 1538 2327 longam
1554 2283 1597 2316 de
1612 2293 1707 2317 more

249 2324 497 2366 suspensionem
519 2326 596 2359 vilis
619 2327 757 2360 fecisset
778 2327 915 2361 barbari
937 2328 1097 2362 timiditas
1121 2328 1273 2372 (timidus
1299 2328 1383 2362 enim
1408 2334 1443 2362 et
1466 2330 1610 2372 ignavus
1631 2339 1707 2361 cum

248 2372 351 2412 esset,
375 2369 501 2404 virilem
517 2370 552 2404 in
567 2371 750 2405 simulanda
766 2384 880 2417 pugna
895 2385 933 2407 se
949 2378 1078 2407 tantum
1097 2374 1330 2417 ostendebat),
1355 2374 1436 2418 (45)
1456 2374 1546 2407 acies
1561 2372 1710 2407 habebat

249 2424 416 2457 nunquam
432 2415 476 2449 de
493 2415 568 2449 loco
594 2428 631 2450 se
648 2424 834 2452 moventes.
882 2418 1007 2464 quippe
1026 2431 1092 2453 non
1107 2419 1207 2453 aliter
1224 2423 1321 2453 erant
1336 2419 1592 2464 conspiciendae
1607 2429 1708 2462 quam

248 2458 326 2491 illae
343 2471 426 2503 quas
441 2461 584 2505 pingunt
599 2462 745 2506 pictores
761 2462 933 2507 imagines.
982 2464 1056 2498 hinc
1073 2470 1107 2498 tu
1124 2465 1203 2509 quid
1219 2465 1360 2509 amplius
1375 2470 1411 2499 et
1426 2464 1500 2508 ipso
1513 2463 1708 2498 Alexandro

250 2504 368 2548 audes,
394 2508 680 2550 praestantissime
694 2508 840 2552 ingenio,
864 2509 923 2542 sed
940 2510 1027 2543 citra
1043 2510 1239 2555 periculum.
1289 2510 1367 2554 (50)
1391 2520 1457 2545 non
1479 2509 1574 2553 quasi
1600 2509 1709 2543 nolles

248 2549 408 2594 periculis
425 2556 460 2584 te
476 2552 633 2595 obiicere,
658 2553 716 2587 sed
734 2554 849 2588 nolens
867 2554 976 2599 decipi
992 2568 1035 2589 ex
1050 2555 1286 2601 imprudentia.
1334 2554 1471 2588 consilio
1492 2555 1577 2588 enim
1597 2554 1708 2588 fideus

249 2595 317 2628 dux
342 2600 394 2629 est
418 2607 576 2640 securus,
606 2610 716 2643 neque
739 2599 882 2633 audacia
902 2600 943 2633 fit
970 2601 1130 2634 securior.
1178 2607 1215 2634 tu
1231 2600 1336 2644 igitur
1351 2600 1459 2634 media
1473 2600 1562 2634 inter
1576 2599 1708 2644 agmina

248 2640 406 2674 continuo
423 2642 505 2686 (55)
521 2644 666 2677 tentoria
682 2645 878 2686 extendisti,
913 2649 952 2679 ut
969 2646 1102 2680 facilem
1118 2645 1160 2680 ad
1177 2645 1391 2690 pugnandum
1408 2646 1590 2690 praeberes
1606 2655 1708 2679 occa*

248 2686 397 2728 sionem3
422 2687 547 2732 quippe
563 2700 645 2722 cena
659 2690 693 2723 in
709 2690 818 2725 medio
834 2690 895 2724 tibi
911 2697 986 2725 erat
999 2691 1183 2730 instructa,
1208 2691 1269 2725 sed
1285 2691 1328 2724 ad
1345 2690 1489 2735 speciem
1506 2695 1708 2724 tantummo-

247 2730 305 2765 do.
352 2743 445 2766 mens
462 2733 547 2767 enim
562 2739 622 2768 tua
639 2747 704 2769 non
721 2736 786 2770 cibi
802 2735 1001 2770 desiderium
1020 2737 1082 2771 sed
1098 2736 1278 2771 communis
1301 2736 1417 2770 salutis
1434 2735 1584 2770 habebat
1598 2733 1708 2770 avidi-

208 2775 217 2789 '·
247 2779 364 2811 tatem.
399 2778 492 2826 ι(60)
516 2779 566 2814 ita
590 2780 666 2815 illos
688 2781 798 2816 animo
823 2792 943 2816 securo
973 2783 1233 2826 contemnebas,
1256 2781 1344 2816 tales
1359 2786 1396 2816 et
1410 2786 1480 2816 tam
1495 2779 1708 2816 admirandas
