1890 3224
467 805 1042 850 ILLUSTRISSIMO
1111 807 1294 852 VIRO

153 930 942 1004 GULIELMO
1066 935 1611 1010 VAIRIO

268 1091 679 1142 FRANCIAE
750 1094 1491 1144 PROCANCELLAmo

153 1229 494 1268 DIONYSIUS
535 1229 855 1270 PETAVIUS
897 1232 931 1267 E
975 1230 1340 1269 SOOIETATE
1379 1232 1527 1270 IESU
1567 1232 1610 1270 S.
1661 1276 1669 1285 ι

751 1408 1008 1416 —-——

152 1555 270 1646 Quo
298 1590 473 1643 primum
500 1597 679 1644 tempore
706 1592 961 1643 magistratus
988 1591 1227 1644 amplissimi
1254 1589 1489 1643 dignitatem
1512 1590 1612 1629 ade-

150 1678 243 1723 ptus
278 1683 344 1720 es,
383 1671 464 1710 Vm
500 1672 847 1720 Inuswmssmn,
890 1671 1111 1710 communis
1151 1668 1220 1708 hic
1257 1671 1437 1709 omnium
1471 1683 1611 1709 sensus

150 1750 227 1788 fuit
240 1777 252 1798 ‚
303 1761 385 1787 non
425 1749 559 1788 minus
595 1750 800 1788 literarum
833 1749 1100 1788 incolumitati
1136 1762 1259 1802 quam
1295 1749 1454 1801 imperii
1493 1750 1613 1788 saluti

152 1842 241 1867 esse
277 1834 545 1879 prospectum.
602 1829 751 1865 etenim
788 1827 897 1880 quod
931 1827 982 1866 de
1020 1828 1244 1866 civitatibus
1282 1840 1306 1865 a
1340 1829 1507 1866 Platone
1546 1826 1612 1865 di-

153 1914 263 1945 ctum
291 1913 372 1956 est,
400 1907 528 1945 multo
556 1904 601 1944 id
627 1908 756 1958 magis
785 1906 837 1944 ad
864 1907 1009 1945 artium
1037 1905 1169 1946 studia
1194 1905 1500 1959 disciplinasque
1517 1919 1611 1957 per-

150 1987 271 2035 tinet,
301 1992 388 2024 tum
416 1998 482 2023 eas
511 1983 674 2023 demum
702 1986 838 2024 felices
865 1986 1038 2036 fumras,
1068 1998 1160 2023 cum
1184 1991 1254 2023 aut
1272 1985 1471 2036 sapientes
1493 1997 1614 2035 prae-

151 2071 283 2103 essent
321 2070 390 2102 aut
430 2064 655 2115 sapientmn
683 2065 746 2102 illi
773 2065 851 2116 ipsi
879 2065 949 2117 qui
976 2070 1205 2116 praeessent
1236 2064 1465 2101 auctoritate
1493 2075 1612 2114 rege-

152 2150 300 2182 rentur.
356 2155 404 2181 ea
443 2156 562 2195 porro
599 2149 639 2181 te
678 2144 872 2195 sapientia
906 2141 1114 2182 hominem
1147 2155 1234 2181 esse
1265 2143 1427 2195 qualem
1461 2141 1611 2180 consti-

151 2221 311 2279 tuendis
349 2222 572 2261 civitatibus
609 2220 879 2260 adhibendam
906 2223 1021 2261 Plato
1049 2223 1225 2272 censuit,
1268 2218 1505 2259 iamdudum
1531 2232 1611 2271 pu-

151 2301 257 2338 blica
285 2298 483 2353 quaedam
509 2301 648 2352 populi
675 2314 758 2340 vox
786 2315 832 2340 ac
861 2308 1044 2341 constans
1071 2301 1192 2340 totius
1223 2301 1338 2352 regni
1363 2301 1473 2337 fama
1502 2299 1611 2336 cele-

150 2381 294 2419 bravit.
352 2377 462 2432 quod
495 2379 628 2431 ipsum
667 2378 766 2419 adeo
803 2382 892 2419 leve
909 2394 1012 2420 ‘non
1049 2387 1110 2419 est
1146 2386 1192 2418 ut
1226 2381 1270 2417 in
1307 2391 1353 2416 eo
1391 2377 1608 2416 divinitatis

151 2457 305 2511 aliquid
325 2459 456 2496 inesse
481 2464 614 2497 vetere
642 2458 693 2496 sit
719 2460 927 2511 proverbio
951 2460 1175 2499 contritum.
1233 2455 1342 2494 idem
1362 2470 1456 2498 ,vero
1480 2456 1607 2494 multo

153 2538 296 2576 certius
327 2550 419 2575 cum
449 2543 628 2575 anteacta
663 2538 745 2576 vita
774 2538 924 2588 omnis,
965 2544 1071 2587 tum,
1115 2542 1161 2574 ut
1187 2534 1367 2573 nondum
1394 2535 1443 2573 ab
1472 2535 1605 2572 alieno

152 2615 341 2667 suffragio
373 2616 618 2666 discedatur,
658 2617 892 2667 gravissima
920 2615 970 2654 de
995 2623 1036 2654 te
1064 2615 1290 2668 principum
1316 2613 1465 2652 iudicia
1494 2627 1605 2651 com-

152 2694 387 2745 probarunt,
415 2707 586 2747 quorum
610 2696 712 2733 alter
738 2695 973 2746 amplissimi
999 2701 1040 2733 te
1068 2694 1223 2732 consilii
1246 2693 1469 2746 principem
1496 2692 1603 2738 fecit,

153 2773 253 2811 alter
287 2773 336 2811 ab
373 2774 491 2814 unius
528 2775 754 2827 provinciae
790 2787 885 2814 cura
920 2774 1041 2814 totius
1069 2771 1122 2811 ad
1150 2772 1262 2825 regni
1289 2770 1603 2812 moderationem
