1890 3224
362 173 442 217 DE
473 172 653 219 REBUS
685 171 831 220 POST
858 170 1177 218 MAURIGIUM
1201 171 1407 217 GESTIS.
1545 175 1610 222 73

157 285 342 347 Ἀράβων
358 285 575 332 κατάλυσιν
595 291 980 347 προαναφωνοῧσαν.
1049 286 1098 330 οὗ
1127 286 1229 330 πολὺ
1259 286 1338 345 γὰρ
1368 286 1415 330 τὸ
1444 287 1608 342 μεταξύ,

162 359 230 400 καὶ
259 362 331 413 τῆς
355 356 584 414 ὑπερέκεινα
613 356 764 414 ἐρήμου
795 357 917 408 ἔθνος
949 357 1114 414 ἔπιφυὲν
1134 354 1274 412 πλήθη
1303 354 1456 399 τούτων
1475 359 1607 401 πολλὰ

161 426 308 481 ἀμαχεὶ
333 427 605 482 διεχειρίσατο.

295 495 420 538 ,Μετὰ
447 494 497 549 δὴ
524 498 652 536 ταῦτα
682 492 817 550 στέφει
837 493 1138 544 Κωνσταντῒνος
1164 492 1235 537 τὸν
1259 493 1348 537 υἱὸν
1366 494 1532 537 Λέοντα
1551 496 1606 546 εἷς

125 563 344 616 5βασιλέα,
368 563 435 605 καὶ
456 562 582 612 εὐθὺς
602 561 705 604 κατὰ
719 564 967 618 Σαρακηνῶν
983 561 1245 619 ε’κστρατεῦει.
1314 565 1381 606 καὶ
1401 562 1610 619 γενόμενος

159 631 263 673 κατὰ
286 631 358 685 τὴν
377 631 660 686 Μελιτηναίων
682 628 798 672 πόλιν
817 629 967 686 ταύτην
988 633 1198 691 πολιορκία
1218 629 1322 684 εἷλε,
1366 632 1466 674 λαὸν
1483 633 1609 692 πολὺν

160 697 416 755 δορυάλωτον
434 700 499 741 καὶ
521 703 685 742 πλεῖστα
703 702 831 741 σκῦλα
851 701 1004 742 ἐκεῖθεν
1025 698 1348 756 ἀπενεγκάμενος.
1415 701 1458 742 ἓν
1477 699 1609 758 τούτῳ

160 767 203 809 δὲ
220 765 402 810 ἐτελεύτα
421 766 446 822 ἦ
467 769 618 825 Μαρία
637 765 663 822 ἦ
681 767 902 823 Αὕγοῦστα
920 766 947 823 ἦ
966 767 1089 810 αὐτοῦ
1109 767 1275 824 γαμετή.
1342 766 1438 826 ὅπερ
1460 770 1504 811 δὲ
1522 769 1607 822 μετ’

158 835 291 891 ὀλίγον
311 837 516 890 συνέβαινε
533 834 694 891 μνήμης
713 835 825 887 ἄξιον
834 867 848 888 ,
879 836 926 878 οὗ
948 838 1228 893 παραδραμεῖν
1250 838 1416 880 δίκαιον.
1485 853 1609 892 συνη-

104 914 149 950 10
158 903 284 958 νέχθη
301 905 380 961 γὰρ
396 909 614 960 τηνικαῦτα
626 905 766 959 θέαμα
781 904 957 962 φοβερὸν
976 906 1044 946 καὶ
1058 904 1266 961 τεράστιον
1284 907 1394 956 ξένον
1409 906 1452 956 ἐξ
1472 905 1608 963 ἀερίου

155 972 343 1027 γενέσθαι
372 971 690 1027 συμπτώματος,
730 971 826 1029 ὅπερ
853 975 943 1030 περὶ
972 971 1128 1027 λύχνων
1158 972 1268 1030 ἁφὰς
1299 973 1504 1031 κατάρξαν
1537 974 1608 1016 διὰ

154 1037 288 1094 πάσης
307 1041 488 1097 ἐφαίνετο
513 1039 677 1092 νυκτός,
712 1040 896 1095 ἔκπληξιν
925 1042 992 1082 καὶ
1024 1042 1114 1091 δέος
1140 1043 1246 1097 μέγα
1275 1049 1361 1093 τοῖς
1388 1043 1610 1096 θεωμένοις

155 1107 344 1173 ἐμποιοῦν
365 1107 527 1151 ἅπασιν.
595 1107 724 1151 ἐδόκει
754 1108 832 1166 γὰρ
864 1108 1000 1159 αὐτοῖς
1022 1106 1078 1159 ὥς
1104 1109 1142 1151 οἱ
1163 1110 1327 1166 ἀστέρες
1345 1109 1518 1160 ἅπαντες
1535 1113 1610 1152 τοῦ

1631 494 1661 528 Β

154 1177 391 1232 τεταγμένου
427 1177 565 1227 αὐτοῖς
598 1176 786 1233 οὐρανίου
808 1174 947 1232 χώρου
974 1193 1058 1233 παρ
1083 1173 1112 1206 *
1133 1174 1163 1207 *
1189 1177 1365 1231 ιούμενοι
1399 1178 1503 1221 κατὰ
1535 1182 1608 1234 γῆς
1629 1182 1661 1217 0

101 1255 144 1291 15
154 1244 359 1302 ἐφέροντο.
427 1245 466 1287 οἱ
497 1245 541 1287 δὲ
568 1246 754 1301 περίγειοι
778 1243 979 1300 γενόμενοι
1008 1242 1165 1300 ἀθρόον
1196 1244 1420 1298 διελύοντο,
1463 1245 1611 1301 ἥκιστα

153 1313 227 1367 τὴν
257 1313 418 1356 οἶανοῦν
448 1311 610 1368 βλάβην
637 1311 900 1367 ποιησάμενοι
929 1309 1102 1355 πώποτε.
1178 1315 1280 1370 φασὶ
1314 1315 1359 1356 δὲ
1385 1316 1527 1356 πολλοὶ
1553 1313 1609 1365 ὥς

154 1381 222 1422 διὰ
259 1379 393 1437 πάσης
428 1386 503 1438 τῆς
537 1382 770 1437 οἰκουμένης
815 1380 862 1424 τὸ
907 1384 1090 1423 τοιοῦτον
1130 1380 1303 1431 ἐξαίσιον
1349 1380 1607 1426 διεδεικνύετο

151 1450 305 1504 θέαμα.

286 1518 372 1560 Καὶ
392 1517 444 1561 τὰ
462 1517 536 1572 μὲν
555 1522 636 1561 τῶν
655 1516 834 1574 ἀστέρων
857 1516 900 1559 ἓν
917 1513 1073 1567 τούτοις
1092 1515 1233 1574 ὤφθη,
1266 1515 1415 1575 χρόνον
1435 1518 1484 1561 δέ
1499 1537 1608 1570 τινος

96 1596 142 1631 20
154 1585 397 1643 διῳχηκότος
405 1584 666 1636 Ἀναστάσιος
682 1583 704 1627 ὅ
723 1590 796 1628 τοῦ
814 1587 1036 1637 Βυζαντίου
1055 1584 1238 1628 ἐτελεύτα
1256 1585 1456 1643 ἱεράρχης.
1485 1589 1607 1630 Κων-

142 1660 357 1704 σταντῖνος
385 1654 430 1696 δὲ
460 1652 654 1705 καθάπαξ
685 1653 787 1710 πρὸς
819 1652 893 1708 τὴν
920 1652 1039 1709 ὕβριν
1069 1658 1142 1709 τῆς
1172 1655 1382 1709 ἐκκλησίας
1414 1655 1512 1698 ῗδών
1540 1658 1609 1698 καὶ

149 1723 252 1779 πρὸς
271 1722 347 1777 τὴν
370 1722 573 1776 εὐσέβειαν
590 1722 668 1777 ἤδη
691 1719 1020 1775 ἀπομαχόμενος,
1051 1719 1107 1771 ὡς
1135 1719 1214 1764 ὕπὸ
1241 1726 1316 1764 τοῦ
1344 1722 1509 1779 ἄγοντος
1533 1725 1609 1766 αὖ-

148 1789 219 1833 τὸν
234 1791 413 1833 ἐναντίου
434 1789 659 1844 πνεύματος
678 1788 920 1843 κινούμενος,
954 1787 1124 1832 σύνοδον
1147 1789 1282 1848 ἱερέων
1301 1790 1481 1849 ἀθροίζει
1500 1792 1601 1836 cinti

241 1908 286 1945 14
304 1905 643 1955 παρακινοῦμενοιῒ

148 2023 239 2058 quae
266 2011 413 2048 humano
444 2023 604 2047 sermone
626 2009 770 2046 Arabici
799 2010 939 2058 imperii
967 2011 1099 2048 cladem
1130 2011 1366 2059 praediceret.
1413 2023 1479 2048 nec
1499 2012 1605 2060 longo

146 2058 334 2093 interiecto
361 2065 519 2105 tempore
545 2071 564 2093 e
587 2058 827 2103 superioribus
851 2058 1000 2093 desertis
1023 2070 1110 2104 gens
1134 2071 1227 2094 nova
1248 2058 1434 2105 repentina
1455 2059 1606 2106 impres-

148 2105 247 2139 sione
265 2105 429 2139 maximas
451 2104 588 2140 illorum
610 2104 730 2149 copias
753 2116 868 2150 paene
889 2105 967 2140 sine
987 2105 1055 2139 ullo
1080 2105 1270 2140 certamine
1292 2106 1456 2140 concidit.

239 2150 307 2185 His
330 2150 501 2186 confectis
522 2152 628 2186 rebus
651 2151 901 2186 Constantinus
924 2152 1079 2186 Leonem
1107 2151 1215 2186 filium
1238 2152 1484 2198 imperatorem
1503 2163 1608 2186 coro-

149 2200 230 2239 nat,
254 2209 296 2230 ac
314 2197 430 2231 statim
454 2203 576 2231 contra
597 2197 793 2231 Saracenos
811 2198 1058 2242 proficiscitur.
1105 2209 1254 2243 moxque
1278 2203 1317 2232 ut
1337 2197 1530 2232 Melitenen
1552 2202 1609 2232 at-

148 2241 242 2286 tigit,
266 2243 410 2277 obsessa
431 2244 518 2277 urbe
539 2249 644 2288 atque
667 2248 769 2288 capta
790 2243 966 2288 ingentem
985 2243 1202 2289 captivorum
1225 2255 1337 2289 aeque
1359 2255 1399 2277 ac
1420 2243 1609 2288 spoliorum

147 2287 220 2321 vim
241 2293 413 2333 reportat.
473 2288 602 2323 accidit
631 2287 771 2323 interim
794 2289 930 2324 Mariae
952 2291 1132 2334 Augustae
1161 2289 1320 2334 coniugis
1353 2289 1445 2323 illius
1477 2289 1609 2324 obitus.

147 2345 170 2368 a
192 2344 261 2378 quo
287 2334 371 2378 quid
390 2334 556 2368 memoria
578 2335 718 2378 dignum
747 2336 943 2380 exstiterit,
972 2335 1167 2381 praeterire
1191 2337 1290 2370 nefas
1315 2335 1489 2370 existimo.
1536 2340 1610 2370 tum

148 2379 239 2413 enim
259 2380 467 2414 horrendum
488 2381 660 2425 quoddam
674 2380 711 2414 in
729 2382 811 2415 aere
825 2388 1014 2416 monstrum
1032 2388 1138 2428 atque
1159 2381 1320 2416 inusitati
1339 2380 1488 2415 terroris
1504 2393 1609 2427 aspe-

148 2431 239 2459 ctum
264 2431 343 2468 est3
379 2425 487 2471 idque
511 2426 605 2460 cirea
627 2437 811 2471 vesperam
833 2439 993 2462 exorsum
1012 2434 1088 2462 tota
1112 2434 1215 2462 nocte
1242 2428 1408 2472 deinceps
1433 2428 1608 2472 apparuit,

146 2476 185 2505 et
205 2471 439 2506 contuentium
460 2471 592 2506 animos
614 2472 814 2507 incredibili
834 2479 929 2508 metu
952 2486 993 2508 ac
1020 2480 1164 2519 stupore
1187 2473 1349 2519 perculit.
1396 2473 1608 2508 videbantur

147 2517 239 2551 enim
270 2523 365 2552 astra
393 2517 509 2552 omnia
538 2517 660 2552 ordine
687 2529 751 2552 suo
778 2530 820 2552 ac
845 2519 998 2554 statione
1027 2519 1197 2554 dissoluta
1219 2519 1256 2552 in
1280 2525 1409 2553 terram
1432 2519 1608 2563 decidere,

146 2567 254 2606 atque
285 2563 344 2598 ubi
380 2575 493 2609 prope
527 2564 618 2598 illam
648 2563 857 2609 attigerant,
905 2564 998 2599 nullo
1033 2566 1232 2610 cuiusquam
1267 2566 1390 2599 damno
1426 2564 1607 2612 dissipari.

146 2607 214 2642 hoc
241 2613 311 2644 tam
338 2609 486 2645 immane
514 2609 714 2656 prodigium
746 2609 905 2657 plerique
931 2616 1007 2646 toto
1030 2611 1162 2658 passim
1185 2612 1271 2646 orbe
1290 2610 1404 2646 visum
1427 2623 1506 2647 esse
1531 2623 1608 2646 me-

132 2658 296 2688 morant.

236 2699 325 2734 Post
346 2699 430 2735 illud
451 2700 604 2737 siderum
626 2705 824 2748 portentum
845 2701 1021 2748 aliquanto
1039 2706 1196 2747 tempore
1216 2700 1421 2737 Anastasius
1446 2702 1607 2748 cpolita-

145 2756 210 2780 nus
232 2745 433 2790 patriarcha
453 2748 614 2782 moritur.
662 2748 912 2782 Constantinus
939 2749 1001 2783 nbi
1026 2748 1133 2783 semel
1159 2760 1198 2782 se
1220 2748 1264 2782 ad
1287 2747 1459 2783 ecclesiae
1481 2752 1606 2782 contu-

145 2791 282 2826 meliam
305 2803 347 2826 ac
369 2792 512 2838 pietatis
536 2794 831 2840 oppugnationem
851 2794 1021 2840 accinxit,
1058 2800 1222 2840 tanquam
1244 2794 1368 2829 affiatu
1387 2793 1608 2840 impulsuque

145 2837 315 2873 contrarii
337 2838 484 2885 spiritus
511 2841 700 2887 abreptus,
722 2845 858 2876 coetum
877 2840 1121 2888 episcoporum
1143 2839 1276 2886 colligit
1298 2844 1378 2876 octo
1401 2845 1438 2876 et
1461 2839 1608 2885 triginta

1630 2163 1665 2187 a.
1689 2152 1759 2189 750

1630 2720 1669 2744 a.
1689 2710 1760 2747 753
