1890 3224
642 178 645 187 ²
674 177 996 223 PRAEFATIO.
1044 205 1046 207 -
1491 189 1568 221 xm

111 296 170 328 est
192 287 244 327 ad
262 301 303 328 v.
323 288 434 331 1583·
449 293 488 326 et
511 300 625 342 seqq.
647 291 890 329 Hexaemeri
909 303 995 328 esse
1019 287 1270 327 referendum
1283 317 1294 338 ‚
1335 295 1374 326 et
1393 287 1502 341 quod
1523 289 1573 327 de

112 364 270 404 catena,
299 355 351 394 ad
374 357 524 408 primos
553 370 691 396 versus
710 360 907 410 poematis
928 359 971 395 in
993 358 1198 405 Severum
1237 355 1344 409 quod
1365 364 1499 394 autem
1523 358 1572 395 de

111 425 222 462 horis
243 425 286 462 in
305 422 490 462 choream
519 438 562 463 se
585 426 838 464 moventibus
866 424 976 463 idem
1001 426 1158 464 Psellus
1185 426 1326 474 refert,
1348 478 1351 480 Ι
1370 423 1494 463 habes
1526 427 1568 462 in

111 495 363 531 Hexaemero
385 506 425 531 v.
447 495 550 542 289,
580 499 619 530 et
635 492 742 544 quod
759 494 906 531 iterum
925 494 973 531 de
995 494 1103 531 horis·
1122 492 1315 545 quadriga
1334 492 1570 545 prodeunti-

110 560 187 598 bus
207 568 246 598 et
262 562 306 597 in
325 561 462 598 orbem
483 559 740 598 redeuntibus
754 562 884 614 inquit
901 561 992 611 ille,
1030 563 1211 599 invenies
1234 559 1385 598 ibidem
1412 573 1452 597 v.
1474 562 1570 601 338.

115 626 279 665 demum
299 628 408 681 quod
431 635 491 667 est
516 630 560 666 in
575 629 711 667 Psello
735 629 784 666 de
802 627 1084 681 phalangibus
1106 635 1143 666 et
1167 627 1409 666 militaribus
1436 627 1575 677 copiis,

117 694 171 733 ad
197 709 374 735 acroases
394 696 444 734 de
463 695 703 747 expeditione
727 697 916 734 Heraclii
940 703 1077 734 contra
1103 698 1249 734 Persas
1280 694 1437 733 trahere
1466 708 1577 733 com-

117 762 236 800 mode
253 765 403 815 possis,
431 765 476 801 in
497 764 642 816 quibus
661 765 806 802 similia
822 765 974 816 passim
990 771 1212 803 occurrunt.
1272 771 1312 802 at
1333 777 1426 802 vero
1448 775 1579 815 quan-

119 843 240 882 quam
261 830 335 883 ego
358 844 381 868 a
405 832 540 869 Psello
566 832 735 869 minime
763 830 996 870 dissentiam
1018 834 1183 884 eiusque
1204 831 1391 869 laudibus
1413 830 1581 882 dignum

119 900 281 936 omnino
303 900 533 937 existimem
550 912 639 937 esse
657 898 859 949 Pisidam,
898 913 1107 952 nunquam
1134 907 1270 937 tamen
1293 898 1402 937 hunc
1422 900 1583 950 praefe-

117 978 205 1003 ram
221 965 406 1018 Euripidi
426 967 589 1005 alterive
609 980 662 1004 ex
680 968 969 1020 antiquioribus
985 965 1282 1019 iambographis
1304 968 1478 1005 Graecis.
1519 965 1583 1004 di-

119 1046 207 1071 cam
227 1035 336 1072 enim
353 1033 463 1087 quod
480 1047 621 1073 verum
640 1035 713 1072 est.
771 1036 846 1073 etsi
863 1036 1048 1087 plurimis
1064 1036 1107 1072 in
1122 1035 1221 1073 locis
1236 1034 1397 1073 Pisidae
1423 1048 1582 1072 carmen

118 1102 175 1139 ita
195 1103 343 1152 elucet,
380 1109 424 1140 ut
440 1110 621 1141 veterum
636 1106 846 1154 poetarum
866 1104 1036 1154 gratiam
1055 1110 1095 1141 et
1110 1110 1362 1142 venustatem
1376 1116 1458 1141 non
1475 1102 1583 1140 desi-

121 1168 236 1208 deres
250 1200 262 1220 ,
291 1184 412 1223 saepe
430 1172 551 1208 etiam
568 1171 624 1208 ita
639 1171 837 1222 frigescit,
880 1177 926 1208 ut
946 1173 989 1208 in
1013 1171 1222 1210 scribendo
1249 1170 1483 1209 dormitasse
1509 1184 1584 1208 au—

121 1243 271 1275 ctorem
285 1251 368 1277 non
385 1238 507 1278 modo
527 1240 675 1277 sentias
689 1237 762 1276 sed
781 1240 903 1276 etiam
920 1238 1140 1290 indigneris
1155 1252 1277 1292 quam
1292 1241 1487 1277 maxime.
1517 1253 1585 1276 ce-

120 1312 252 1343 tertun
277 1313 472 1359 quantum
495 1308 565 1344 ille
596 1307 840 1344 sublimitate
863 1309 1049 1345 carminis
1078 1321 1285 1359 assurgere
1313 1315 1352 1345 et
1382 1321 1424 1345 se
1447 1306 1586 1344 efferre

120 1375 315 1425 potuerit,
355 1376 567 1427 praecipue
594 1373 768 1413 ostendit
793 1377 835 1412 iu
858 1378 1134 1425 Hexaemero,
1174 1378 1217 1413 in
1240 1389 1318 1428 quo
1337 1377 1472 1413 omnia
1493 1388 1588 1413 sen-

121 1443 337 1479 tentiarum
362 1443 525 1481 floribus
546 1450 584 1480 et
600 1443 833 1482 urbanitatis
853 1444 1029 1496 quodam
1045 1445 1128 1483 sale
1149 1457 1360 1496 conspersa
1381 1451 1487 1482 sunt.
1544 1445 1588 1480 in

124 1510 308 1549 omnibus
329 1517 463 1548 autem
482 1512 568 1549 eius
588 1511 773 1562 operibus
795 1513 1056 1563 contemplari
1079 1512 1216 1549 licebit
1235 1511 1513 1550 adumbratam
1532 1513 1590 1563 pii
1600 1517 1809 1564 p.XXXV11

123 1578 325 1628 scriptoris
349 1579 569 1629 imaginem
583 1608 593 1627 ,
631 1579 887 1617 suavissimos
911 1593 1043 1618 mores
1057 1609 1068 1628 ,
1110 1580 1303 1617 eximiam
1338 1580 1591 1632 probitatem,

125 1657 205 1696 qua
225 1658 291 1694 se,
333 1644 431 1683 dum
457 1659 668 1684 numerose
693 1645 838 1685 cadens
855 1661 993 1687 versus
1014 1649 1160 1686 leniter
1179 1648 1329 1697 affluit,
1369 1648 1592 1699 legentium

125 1713 286 1751 auribus
299 1714 472 1752 inculcat
489 1721 608 1767 atque
629 1714 896 1753 comendat-

238 1783 348 1818 Haec
369 1780 569 1819 habebam
588 1795 691 1834 quae
714 1782 890 1820 dicerem
910 1782 960 1820 de
981 1783 1153 1833 Georgio
1172 1782 1331 1832 Pisida,
1370 1796 1451 1820 non
1482 1784 1596 1834 parvi

126 1850 302 1887 nominis
323 1847 431 1901 apud
449 1850 688 1887 recentiores
709 1850 881 1887 Graecos
899 1853 1038 1900 poeta,
1068 1851 1111 1886 in
1131 1863 1210 1903 quo
1234 1863 1325 1888 cum
1344 1852 1460 1902 plura
1480 1852 1597 1889 inve-

128 1918 215 1954 nias
240 1930 342 1969 quae
362 1930 446 1955 non
468 1918 617 1956 invitus
639 1917 846 1955 demireris
858 1947 869 1966 ‚
906 1915 1012 1954 nihil
1028 1923 1162 1954 tamen
1180 1919 1322 1969 opinor
1336 1917 1598 1970 spectandum

128 1986 258 2036 magis
275 1992 336 2023 est
357 1998 479 2038 quam
499 1987 585 2024 eius
603 1987 647 2023 in
663 1984 824 2024 tuendis
845 1984 1092 2023 Christianae
1118 1986 1323 2036 religionis
1345 1985 1598 2038 dogmatibus

131 2055 350 2092 constantia
381 2060 422 2091 et
447 2055 599 2091 sincera
628 2053 748 2092 fides:
791 2067 888 2091 nam
912 2067 1004 2091 cum
1034 2055 1078 2090 in
1111 2067 1158 2091 ea
1184 2060 1366 2106 tempora
1393 2054 1598 2092 incidisset

132 2121 279 2173 quibus
301 2122 465 2173 Sergius
482 2121 707 2174 patriarcha
729 2135 890 2160 omnem
908 2120 1140 2159 machinam
1159 2124 1299 2171 movit,
1329 2128 1374 2159 ut
1395 2107 1599 2160 Orientem

133 2185 364 2227 universum
394 2203 417 2227 a
441 2189 772 2243 monophysismo
792 2189 845 2227 ad
865 2187 1222 2227 monothelismum
1241 2190 1352 2227 vafro
1373 2191 1540 2228 consilio
1560 2197 1599 2227 et

134 2257 250 2295 malis
267 2256 423 2296 technis
442 2257 709 2310 pertraheret,
745 2260 833 2310 ipse
858 2265 994 2295 autem
1016 2259 1202 2309 Sergium
1226 2259 1390 2309 eiusque
1408 2259 1598 2308 pietatem

136 2331 175 2362 et
196 2324 416 2363 doctrinam
443 2328 662 2378 suspiceret
688 2328 867 2365 maxime
897 2333 938 2364 et
966 2326 1132 2375 coleret,
1161 2324 1289 2363 nihilo
1310 2332 1447 2379 tamen
1464 2319 1601 2362 minus

137 2392 214 2430 sibi
229 2393 370 2431 fucum
388 2394 474 2431 fieri
493 2396 724 2433 nullatenus
741 2407 884 2446 passus
907 2401 987 2443 est,
1032 2401 1072 2432 et
1093 2407 1208 2432 suam
1231 2392 1354 2430 fidem
1371 2406 1515 2444 puram
1536 2394 1603 2429 in-

137 2467 369 2513 tegramque
391 2463 586 2510 servavit3
618 2461 726 2514 quod
744 2476 798 2500 ex
818 2463 1004 2501 omnibus
1025 2461 1138 2500 hisce
1155 2463 1305 2500 libellis
1318 2490 1329 2510 ,
1361 2474 1407 2498 ac
1423 2473 1606 2512 praeser-

138 2529 212 2565 tim
231 2542 285 2566 ex
303 2531 476 2567 carmine
494 2531 538 2568 in
557 2530 748 2568 Severum
756 2559 772 2577 ,
800 2531 1024 2569 luculenter
1042 2537 1166 2581 patet.

252 2597 313 2633 De
330 2596 477 2651 'Pisida
506 2600 753 2637 mentionem
790 2600 941 2638 faciunt
974 2601 1081 2637 inter
1104 2599 1290 2650 antiquos
1320 2593 1607 2647 Theophanes,

141 2660 308 2712 Sumam,
336 2663 561 2715 Cedrenus,
590 2665 839 2719 Nicephorus
855 2668 1032 2716 Callisti,
1062 2665 1259 2704 Iohannes
1278 2666 1426 2703 Tzetza
1444 2665 1609 2714 eiusque

141 2731 266 2769 frater
289 2733 462 2771 Isaacius
482 2735 654 2784 Tzetzat,
690 2719 795 2773 inter
819 2736 1059 2773 recentiores
1088 2744 1246 2782 autem,
1283 2740 1442 2785 praeter
1460 2730 1610 2768 Motel-

141 2798 265 2848 limn,
296 2801 532 2851 Kusterum,
562 2803 837 2853 Herwartum,
866 2802 1091 2851 Rada-um,
1121 2802 1338 2850 Allatium‚
1367 2800 1611 2845 Malu-etum,
