1838 3210
280 180 346 228 80
855 180 936 224 DU
971 178 1156 223 CANGII

279 298 364 339 tur,
392 297 439 329 ut
460 295 498 328 et
514 285 620 341 apud
638 286 892 326 Anastasium
909 288 1007 326 bibl.
1027 290 1069 326 in
1087 287 1294 327 Anastasio
1307 301 1339 326 11
1355 288 1419 327 PP
1437 296 1476 328 et
1493 290 1535 328 in
1555 289 1732 343 S.'Sym-

278 346 436 386 macho.
495 353 586 384 sunt
611 346 717 382 enim
743 344 922 382 canthari
941 345 1048 398 apud
1067 347 1284 397 Ulpianum
1313 345 1419 397 (leg.
1442 346 1493 387 41
1521 344 1587 399 §2
1605 349 1656 385 D.
1683 346 1734 385 de

279 405 399 455 legat.
424 402 472 455 1)
504 414 696 454 aquarum
719 403 985 454 receptacula,
1014 401 1120 440 unde
1153 415 1280 454 aquae
1311 411 1534 454 erumpunt.
1593 402 1735 454 eadem

279 462 400 511 igitur
434 460 594 496 notione
623 457 809 508 phialam
843 459 1093 511 appellarunt
1127 459 1291 507 Graeci,
1334 458 1442 510 quod
1467 461 1734 512 nymphaeum

279 518 508 556 Anastasius
531 515 573 551 in
592 514 634 551 S.
653 514 790 552 Hilaro
806 516 886 553 PP.
939 514 1050 553 idem
1066 516 1257 553 Paulinus
1273 517 1364 553 Nat.
1386 517 1460 557 10:

495 571 655 608 interior
676 572 801 608 variis
820 571 1024 610 ornatibus
1046 585 1141 609 area
1160 571 1278 617 ridet,

497 627 604 664 laeta
621 641 739 678 super
758 629 886 675 tectis,
917 636 954 665 et
970 635 1109 679 aperta
1126 628 1214 665 luce
1232 628 1376 665 serenis

480 682 707 736 frontibus,
735 691 855 735 atque
875 685 988 735 infra
1010 685 1135 723 niveis
1150 684 1334 722 redimita
1356 682 1567 732 columnis,-

501 741 615 778 cuius
635 741 679 777 in
700 741 868 791 exposito
884 741 1120 791 praelucens
1141 740 1358 778 cantharus
1378 747 1520 788 exstat,

501 810 617 848 quem
634 797 853 835 cancellato
873 799 967 849 tegit
979 811 1099 835 aerea
1116 797 1288 834 culmine
1306 798 1440 834 turris.

501 860 629 890 cetera
645 853 842 903 dispositis
858 860 967 891 stant
981 868 1080 892 vasa
1101 853 1175 891 sub
1194 854 1284 891 ae're
1301 853 1409 890 nudo

488 909 723 961 fonticulis,
747 917 865 961 grato
886 911 994 948 varie
1014 909 1156 962 quibus
1175 909 1310 947 ordine
1315 910 1419 958 fixis

501 965 663 1004 dissidet
682 967 780 1003 artis
800 980 915 1017 opus,
944 966 1154 1005 concordat
1171 979 1272 1004 vena
1294 965 1465 1011 metalli,

501 1035 661 1073 unaque
679 1022 831 1061 diverso
844 1024 949 1073 fluit
966 1037 1030 1061 ore
1049 1024 1238 1073 capacius
1255 1022 1380 1060 unda.

285 1076 468 1116 meminit
490 1077 601 1116 idem
632 1079 911 1118 Constantinus
932 1093 966 1117 c.
985 1080 1038 1121 59
1057 1078 1215 1131 phialae
1239 1093 1308 1117 seu
1330 1077 1464 1117 balnei
1483 1076 1658 1114 Venetae
1675 1073 1739 1113 fa·-

286 1136 448 1183 ononis,
483 1142 522 1173 et
549 1135 709 1174 alterius
737 1134 896 1187 phialae
915 1138 1103 1175 Prasinae
1121 1136 1325 1184 factionis,
1354 1141 1396 1172 et
1412 1134 1484 1172 lib.
1507 1130 1555 1170 de
1573 1130 1738 1170 Admin.

283 1192 383 1242 imP·
404 1204 437 1228 c.
456 1190 509 1232 51
533 1192 612 1229 loci
632 1188 779 1241 φιάλας
797 1191 910 1241 dicti,
939 1194 982 1230 in
1004 1205 1082 1244 quo
1099 1191 1246 1230 iudicia
1263 1194 1366 1230 inter
1383 1191 1552 1240 remiges
1574 1200 1740 1226 exerce·-

281 1247 448 1295 bantur3
478 1246 584 1285 unde
613 1248 722 1286 illius
748 1247 874 1287 iudex
903 1250 1124 1300 praefectus
1150 1247 1308 1300 phialae
1336 1247 1600 1293 vocitabatur,
1629 1244 1738 1281 illius

283 1304 386 1342 forte
404 1316 524 1355 quam
541 1302 810 1356 Theophanes
831 1319 873 1358 p.
890 1308 971 1348 307
992 1313 1030 1343 et
1053 1304 1253 1343 cedrenus
1270 1319 1310 1356 p.
1330 1304 1413 1346 442
1437 1317 1460 1341 a
1481 1301 1738 1340 Rhinotmeto

285 1362 501 1398 excitatam
521 1361 643 1399 fuisse
661 1362 836 1400 scribunt
856 1362 912 1408 εἰς
929 1359 974 1402 ω’
992 1365 1191 1402 τελεῖσθαι
1208 1360 1291 1402 ἐκεῖ
1308 1359 1578 1409 σαξοδέξιμον.
1620 1355 1740 1394 huiuB

284 1419 406 1454 etiam
433 1419 584 1455 mentio
613 1423 672 1455 est
700 1417 807 1469 apud
831 1419 1010 1455 Leonem
1038 1418 1351 1455 Grammaticum
1376 1418 1418 1453 in
1442 1412 1671 1465 ‚Theophilo
1700 1418 1740 1451 et

283 1474 521 1524 Gregorium
548 1475 591 1511 in
618 1475 700 1511 vita
730 1474 773 1512 S.
804 1475 945 1512 Basilii
972 1475 1141 1512 Iunioris
1171 1487 1212 1513 11.
1239 1474 1307 1514 38.
1365 1479 1405 1510 at
1423 1470 1559 1523 phiala
1582 1470 1741 1521 proprie
1768 1480 1772 1484 ’

287 1529 430 1567 dicitur
459 1537 587 1567 totum
615 1529 718 1567 illud
748 1529 972 1567 aedificium
1001 1543 1079 1582 quo
1113 1530 1342 1581 cingebatur
1361 1536 1399 1566 et
1418 1528 1624 1578 tegebatur
1645 1538 1741 1562 can-
1799 1554 1803 1558 .

286 1584 424 1623 tharus
447 1587 533 1637 ipse
556 1599 627 1623 seu
647 1598 839 1637 aquarum
859 1581 1172 1636 receptaculum,
1203 1585 1311 1637 quod
1329 1582 1373 1625 τὸ
1391 1584 1567 1636 ἕμβαδον
1587 1581 1654 1621 καὶ
1672 1578 1741 1620 τὸν

285 1640 477 1694 πυθμένα
508 1644 580 1692 τῆς
610 1637 759 1693 φιάλης
788 1649 903 1680 vocat
931 1641 1040 1679 idem
1070 1643 1372 1690 Constantinus,
1403 1635 1578 1692 ἐμβάτην
1601 1636 1742 1675 Theo-

287 1697 440 1750 phanes
474 1704 512 1734 et
538 1696 850 1749 Euchologium,
877 1700 922 1736 in
953 1711 1031 1751 quo
1059 1705 1098 1736 et
1121 1699 1357 1750 κολυμβεῖον
1378 1700 1642 1746 nuncupatur.
1698 1694 1742 1730 in

289 1755 412 1793 simili
438 1754 548 1791 labro
577 1755 766 1805 scriptum
783 1756 881 1792 olim
897 1768 1057 1793 versum
1073 1753 1180 1792 hunc
1196 1752 1491 1804 retrogradum,
1522 1753 1591 1803 qui
1615 1749 1744 1787 habe-

288 1818 354 1848 tur
381 1812 425 1847 in
451 1809 717 1861 Anthologia,
749 1810 856 1862 apud
884 1812 1096 1848 Gruterum
1121 1818 1160 1848 et
1180 1812 1301 1859 alios,
1331 1811 1464 1857 aiunt,
1492 1809 1619 1858 νίψον
1645 1802 1744 1845 οἶνο-

291 1865 455 1919 μήματα
473 1863 528 1918 μή
547 1865 676 1916 μόναν
697 1864 808 1916 ὄψιν.
856 1868 1004 1919 quippe
1025 1866 1162 1905 fideles
1181 1868 1411 1918 priusquam
1434 1863 1575 1902 aedem
1591 1872 1744 1901 sacram

289 1921 611 1973 ingrederentur,
642 1924 755 1974 aquis
773 1924 880 1972 istis,
911 1937 1013 1976 quae
1035 1936 1057 1961 a
1076 1923 1276 1961 sacerdote
1298 1920 1650 1969 benedicebantur,
1679 1918 1744 1956 fa-

291 1980 370 2018 cies
391 1986 429 2017 et
446 1992 588 2016 manus
606 1980 805 2018 lavabant.
862 1979 957 2017 hinc
973 1981 1163 2018 Paulinus
1185 1978 1236 2016 ad
1254 1979 1469 2017 Severum:

509 2042 649 2073 sancta
668 2037 796 2074 nitens
806 2035 985 2087 famulis
1001 2036 1179 2072 interluit
1195 2036 1301 2072 atria
1316 2033 1488 2084 Zymplzis

508 2091 741 2137 cantharus,
771 2093 1066 2143 intrantumque
1084 2106 1227 2129 manus
1247 2091 1360 2128 lavat
1374 2102 1491 2127 amne
1506 2088 1698 2125 ministro.

292 2153 410 2198 atque
429 2144 506 2183 hae
524 2147 695 2184 fontium
714 2160 839 2199 aquae
861 2150 1070 2199 quotannis
1089 2150 1131 2185 in
1153 2148 1360 2199 pervigilio
1383 2158 1584 2184 sacrorum
1604 2142 1745 2181 Theo-

292 2201 552 2254 phaniorum,
582 2202 781 2240 interdum
801 2206 846 2240 in
867 2206 953 2255 ipso
973 2205 1074 2242 festo
1099 2203 1184 2252 die,
1214 2203 1541 2241 consecrabantur
1560 2208 1598 2238 et
1618 2201 1745 2238 bene-

292 2258 547 2307 dicebantur3
579 2271 746 2310 quarum
777 2259 1062 2298 benedictionis
1090 2259 1186 2300 ordo
1214 2259 1381 2297 habetur
1404 2261 1447 2296 in
1469 2256 1744 2307 Euchologio:

292 2314 399 2352 unde
417 2311 550 2355 νόσων
568 2312 834 2364 ductamina,
858 2311 1061 2368 δαιμόνων
1079 2316 1363 2370 φυγαδευτικαί
1378 2314 1484 2367 apud
1500 2316 1746 2352 Clementem

292 2373 336 2408 in
358 2372 522 2409 Constit.
543 2373 703 2423 Apost.,
735 2370 941 2424 ἶαματικόν
957 2375 1100 2424 ψυχῶν
1120 2372 1188 2413 καὶ
1209 2368 1423 2424 σωμάτων,
1455 2372 1550 2409 alibi
1569 2369 1746 2422 ἁμαρτη-

293 2425 429 2479 μάτων
463 2423 676 2480 λυτήριον,
707 2434 781 2465 etc.
825 2429 867 2465 in
899 2428 1040 2466 eodem
1067 2428 1314 2480 Euchologio
1350 2427 1545 2466 dicuntur.
1602 2424 1747 2463 harum

291 2484 380 2522 loco
414 2496 653 2533 successere,
691 2486 922 2536 praesertim
954 2484 1060 2537 apud
1092 2487 1278 2534 Latinos,
1308 2498 1408 2537 quae
1437 2486 1479 2521 in
1507 2483 1748 2534 templorum

292 2541 431 2578 valvis,
447 2542 594 2591 exponi
620 2541 747 2578 solent
775 2542 957 2579 lustrales
982 2540 1133 2591 undae,
1161 2543 1220 2580 uti
1243 2543 1314 2594 qui
1333 2541 1382 2578 de
1403 2541 1540 2578 ritibus
1558 2539 1747 2577 ecclesia-

295 2598 402 2634 sticis
432 2589 624 2647 scripsere
661 2596 817 2648 pridem
846 2597 1074 2636 docuerunt.
1134 2600 1334 2636 enimvero
1367 2595 1474 2650 quod
1497 2595 1747 2634 silentiarius

296 2651 346 2690 de
372 2659 561 2703 perpetuo
592 2665 784 2705 aquarum
809 2652 1034 2705 Sophianae
1060 2653 1219 2706 phialae
1243 2655 1435 2691 miraculo
1458 2652 1610 2702 subdit,
1640 2660 1680 2706 et
1702 2660 1755 2691 ut*

295 2710 339 2746 in
373 2710 580 2760 pervigilio
620 2712 721 2747 sacri
745 2710 859 2757 festi,
895 2723 1032 2748 mense
1065 2723 1185 2762 quem
1211 2711 1477 2763 χρυσοχίτωνα
1505 2716 1639 2757 vocat,
1677 2722 1748 2746 eae

298 2766 468 2803 vasculis
496 2764 659 2803 haustae
693 2772 732 2804 et
759 2779 782 2803 a
805 2766 920 2817 plebe
947 2765 1169 2805 Christiana
1194 2766 1357 2805 domum
1375 2773 1593 2818 asportatae
1616 2767 1749 2803 incor-

161 2827 189 2859 P
214 2825 282 2862 540
304 2828 441 2874 ruptae
470 2829 675 2861 manerent
707 2823 898 2876 nulloque
927 2825 1215 2876 corriperentur
1240 2836 1400 2862 mucore
1431 2823 1496 2861 vel
1527 2821 1750 2876 putredine,
