1838 3210
250 179 345 228 126
818 181 899 223 DU
932 180 1112 224 CANGII

246 304 338 328 cum
347 297 501 340 patena
518 296 556 327 et
571 287 752 326 columba
769 288 961 327 deaurata
973 296 1204 340 pensantem
1223 288 1344 328 libras
1360 291 1538 343 triginta.
1570 290 1684 330 deni-

246 359 324 398 que
346 347 389 385 S.
407 346 633 395 Remigius,
661 346 702 382 in
722 351 955 384 testamento
976 359 1068 394 suo,
1095 344 1204 397 apud
1222 345 1391 384 eundem
1409 350 1637 399 scriptorem
1659 351 1682 389 1

247 403 323 443 18:
351 402 425 439 tibi
443 401 603 438 haeredi
623 414 732 438 meae
756 402 939 440 ecelesiae
963 416 1086 453 supra
1114 408 1348 440 memoratae
1371 403 1481 441 iubeo
1513 405 1686 442 turricu-

244 459 348 504 lum,
387 465 424 494 et
449 452 714 508 imaginatum
736 458 899 496 calicem
914 458 1132 510 fabricari.
1191 460 1234 496 in
1260 457 1323 496 his
1347 471 1461 510 porro
1486 460 1685 498 tui-riculis

246 527 399 552 sacram
418 512 693 551 eucharistiam
716 513 768 552 ad
791 515 966 554 infirmos
986 528 1057 553 seu
1078 515 1137 552 ad
1149 516 1338 553 viaticum
1362 518 1499 566 reponi
1527 517 1686 554 solitam

245 569 390 608 diserte
419 568 532 608 docet
549 571 760 621 Gregorius
777 573 1022 610 Turonensis
1046 570 1095 609 de
1115 571 1250 610 Gloria
1266 573 1381 609 Mart.
1405 573 1428 612 1
1457 574 1531 613 86:
1571 585 1686 610 acee-

237 634 390 677 ptaque
411 633 517 664 turre
537 627 744 673 diaconus,
773 629 821 666 in.
837 641 918 679 qua
937 629 1161 678 mysterium
1179 627 1365 665 dominici
1379 628 1549 678 corporis
1562 627 1686 666 habe—

244 682 379 729 batur,
406 682 519 733 serre
549 685 675 733 coepit
702 684 761 721 ad
789 685 949 731 ostium;
988 685 1263 735 ingressusque
1289 683 1495 734 templum,
1527 691 1572 722 ut
1598 698 1686 722 eam

243 739 365 776 altari
381 747 669 789 superponeret,
699 739 834 790 elapsa
853 740 901 777 de
919 753 1043 777 manu
1063 742 1146 777 eius
1151 739 1362 791 serebatur
1381 741 1424 777 in
1439 740 1548 778 ae'ra.
1579 747 1686 778 tam-

245 796 319 832 etsi
338 793 506 833 dubitari
528 803 664 847 potest·
679 808 727 833 an
752 797 868 834 turris
893 810 988 834 voce
1015 797 1256 847 intelligatur
1273 794 1337 834 his
1359 796 1455 834 locis
1475 797 1591 834 turris
1615 797 1687 834 illa

246 851 405 899 ciborii,
446 864 546 904 quae
564 865 587 889 a
604 852 784 890 columba
799 851 1018 903 pendebat,
1059 865 1110 890 an
1132 866 1224 890 vero
1242 854 1364 904 pyxis
1383 854 1470 904 ipsa
1489 865 1559 890 seu
1578 852 1686 889 cibo-

245 908 368 953 rium,
397 907 503 959 quod
518 909 765 945 itinerarium
782 915 895 946 vocat
915 908 1011 947 ordo
1029 910 1243 947 Romanus.
1299 921 1396 946 nam
1414 910 1456 945 in
1473 909 1684 957 turriculis,

246 976 318 1001 seu
337 966 466 1014 potius
488 965 630 1002 arculis
649 966 692 1002 in
711 964 875 1002 modum
891 966 1168 1003 turricularum
1187 964 1326 1003 effictis
1339 993 1350 1012 ,
1378 977 1459 1002 non
1478 963 1597 1003 modo
1617 978 1686 1003 sa-

247 1032 355 1057 cram
375 1019 652 1058 eucharistiam
677 1020 748 1059 sed
767 1028 805 1058 et
825 1028 977 1060 sanctas
996 1022 1184 1074 reliquias
1205 1020 1423 1058 reconditas
1441 1027 1611 1068 constat,
1641 1027 1687 1058 ut

245 1077 441 1113 maiorum
458 1077 704 1125 ciboriorum,
733 1078 775 1114 in
795 1078 938 1129 quibus
958 1077 1092 1115 divina
1110 1075 1308 1129 pendebat
1329 1075 1573 1124 eucharistia,
1600 1077 1686 1114 for-

244 1144 354 1169 mam
381 1132 672 1184 quodammodo
701 1134 911 1181 referrent3
961 1133 1068 1171 unde
1099 1134 1343 1172 Glossarium
1369 1134 1436 1170 Gr.
1467 1134 1555 1170 Lat.
1584 1147 1686 1184 πυρ-

240 1184 449 1241 γισκᾶριον
471 1195 509 1226 et
531 1190 747 1240 πυργὶσκον
767 1189 1004 1227 turriculum
1021 1197 1059 1227 et
1077 1191 1296 1227 armarium
1314 1190 1443 1227 vertit.
1501 1195 1604 1226 certe
1635 1187 1686 1226 de

242 1245 422 1296 reliquiis
450 1245 493 1282 in
520 1246 717 1283 turriculis
746 1245 956 1284 reconditis
981 1253 1146 1284 testatur
1162 1247 1243 1284 Leo
1266 1247 1348 1284 Ost.
1367 1247 1394 1285 2
1422 1245 1475 1287 53
1509 1251 1547 1282 et
1575 1245 1602 1284 3
1632 1247 1686 1286 30

242 1306 282 1336 et
302 1302 441 1338 Petrus
461 1301 570 1338 Diae.
590 1301 616 1340 4
645 1304 713 1342 73.
773 1301 821 1339 de
844 1315 954 1340 sacra
968 1315 1061 1340 vero
1081 1300 1315 1340 eucharistia
1335 1301 1589 1338 in'turriculis
1612 1313 1686 1338 au-

239 1357 318 1394 reis
345 1357 410 1394 vel
436 1358 634 1407 ‚argenteis
664 1365 861 1395 asservata
892 1357 1134 1406 laudandus,
1178 1360 1247 1410 qui
1273 1359 1316 1395 in
1345 1358 1518 1395 ecclesiis
1542 1358 1685 1394 nostris

239 1411 372 1450 adhuc
398 1420 565 1463 perstat,
605 1426 692 1452 mos
718 1415 872 1465 insigne
901 1415 1062 1466 praebet
1087 1415 1380 1462 testimonium,
1418 1414 1460 1450 in
1487 1413 1626 1464 quibus
1642 1414 1686 1450 iu

241 1470 529 1507 solennioribus
560 1470 671 1508 festis
701 1472 849 1521 populo
874 1470 1086 1522 spectanda
1106 1478 1144 1508 et
1163 1469 1363 1508 adoranda
1381 1470 1423 1506 in
1443 1470 1493 1506 iis
1516 1470 1686 1524 exponi-

241 1532 317 1573 tur,
338 1527 379 1562 in
399 1525 554 1563 editiori
575 1527 708 1564 altaris
729 1539 800 1563 seu
817 1527 1060 1564 tabernaculi
1073 1528 1182 1564 loco:
1212 1525 1284 1564 sed
1299 1527 1341 1563 in
1358 1526 1440 1563 illis
1456 1526 1686 1576 praesertim

241 1583 361 1619 sacris
388 1581 572 1629 aedibus,
602 1584 643 1619 in
669 1583 810 1633 quibus
832 1595 912 1620 non
933 1583 1004 1620 sub
1030 1583 1211 1620 columba
1233 1589 1300 1619 aut
1319 1595 1341 1618 a
1361 1583 1551 1631 superIOri
1575 1581 1686 1618 cibo-

241 1639 291 1674 rii
314 1644 423 1688 parte
442 1636 611 1688 pendet:
651 1651 745 1674 nam
766 1639 808 1674 in
832 1639 880 1675 iis
907 1650 1103 1690 nusquam
1122 1639 1199 1675 alio
1218 1650 1326 1675 sacra
1347 1635 1580 1674 euchariStia
1597 1637 1684 1675 loco

242 1693 454 1745 spectanda
468 1695 688 1745 exponitur.
723 1695 843 1731 moris
861 1696 1007 1745 quippe
1024 1696 1136 1731 istius
1154 1693 1335 1731 hodierni
1345 1692 1438 1730 inde
1450 1693 1558 1744 origo
1569 1691 1686 1730 vide-

242 1757 307 1787 tur
328 1756 502 1801 sumpta,
535 1757 578 1787 ut
598 1757 636 1787 et
657 1762 764 1788 sacra
784 1749 1018 1788 eucharistia
1037 1757 1075 1788 et
1095 1763 1190 1787 vasa
1212 1751 1297 1800 ipsa
1314 1750 1357 1786 in
1378 1749 1520 1801 quibus
1544 1761 1685 1786 recon-

243 1804 350 1842 ditur
379 1807 421 1842 in
452 1807 545 1843 tutis
573 1806 669 1843 locis
695 1813 961 1854 asserventur,
1004 1819 1055 1843 ne
1081 1806 1195 1843 furtis
1226 1811 1398 1856 pateant.
1454 1803 1560 1842 unde
1578 1803 1686 1856 quod

244 1863 358 1899 certis
384 1861 521 1899 diebus
543 1868 784 1899 monstratur
801 1861 982 1900 fidelibus
1004 1875 1112 1900 sacra
1134 1863 1176 1899 in
1201 1863 1251 1899 iis
1280 1867 1475 1900 asservata
1505 1859 1687 1899 euchari-

245 1919 340 1966 stia,
381 1917 575 1956 eiusmodi
605 1931 712 1956 sacra
744 1931 838 1955 vasa
866 1920 1077 1956 ostensoria
1107 1925 1146 1955 et
1172 1918 1452 1955 monstrantiae
1470 1918 1686 1954 etiamnum

244 1975 504 2026 appellantur,
530 1977 760 2026 praesertim
774 1976 816 2011 in
834 1975 1044 2012 Germania
1060 1981 1099 2012 et
1115 1975 1275 2025 Belgio3
1306 1974 1447 2025 quibus
1462 1974 1503 2010 in
1523 1974 1686 2024 provin-

244 2032 314 2068 ciis
333 2033 373 2068 in
391 2033 508 2068 turris
532 2033 704 2082 speciem
724 2044 879 2082 semper
901 2031 1029 2068 efficta
1047 2037 1151 2078 sunt,
1180 2037 1223 2067 ut
1244 2031 1341 2067 olim
1361 2031 1404 2066 in
1424 2030 1589 2066 Francia
1608 2042 1685 2067 no-

243 2093 342 2134 stra3
385 2086 433 2124 de
453 2100 530 2138 quo
548 2100 658 2124 more
677 2089 758 2137 egit
776 2088 997 2138 Gropperus
1015 2088 1057 2124 in
1080 2087 1190 2124 libris
1218 2085 1268 2123 de
1289 2084 1522 2123 eucharistia
1542 2098 1581 2136 p.
1603 2084 1685 2127 450

100 2141 130 2175 P
153 2140 219 2176 575
244 2149 283 2179 et
298 2144 441 2180 Fronto
459 2144 639 2180 Ducaeus
657 2142 708 2180 ad
724 2143 935 2180 Paulinum
952 2156 993 2194 p.
1013 2142 1093 2184 785
1116 2144 1211 2193 quin
1234 2148 1272 2179 et
1291 2140 1384 2179 inde
1403 2142 1613 2188 turriculis,
1641 2142 1684 2178 in

242 2199 385 2251 quibus
406 2211 538 2235 sacrae
558 2200 748 2250 reliquiae
767 2197 1042 2246 reconduntur,
1061 2197 1104 2234 id
1118 2199 1290 2236 nominis
1308 2199 1444 2236 tribuit
1463 2196 1684 2235 Chronicon

239 2255 367 2292 Aulae
390 2256 536 2305 Regiae
557 2267 590 2291 c.
616 2258 664 2295 17
684 2261 722 2292 et
740 2261 873 2292 auctor
892 2253 1107 2292 Bohemiae
1129 2256 1236 2302 Piae,
1265 2267 1306 2305 p.
1328 2256 1380 2295 99
1398 2260 1436 2291 et
1460 2253 1549 2295 105.

352 2312 419 2351 63.
477 2311 662 2347 Diximus
680 2312 722 2347 in
741 2311 938 2348 turriculis
959 2312 1001 2347 iu
1023 2311 1158 2348 ciborii
1174 2312 1333 2348 maioris
1352 2311 1524 2361 speciem
1544 2308 1683 2346 effictis

239 2365 401 2404 recondi
421 2365 612 2418 pyxides,
644 2379 744 2418 quae
764 2379 892 2404 sacras
919 2365 1174 2404 eucharistiae
1195 2367 1405 2418 particulas
1430 2364 1481 2402 ad
1496 2366 1683 2402 viaticum

239 2429 458 2461 asservatas
477 2423 740 2460 continebant.
780 2423 959 2460 observat
976 2425 1122 2474 quippe
1139 2425 1333 2460 Honorius
1347 2420 1684 2472 Augustodunen-

239 2481 294 2518 sis
317 2479 365 2516 de
386 2481 546 2531 antiquo
566 2481 657 2517 Ritu
674 2480 816 2516 Missae
839 2483 856 2518 1
882 2479 956 2520 64:
985 2479 1159 2516 oblatam
1176 2492 1256 2516 non
1274 2481 1469 2529 integram
1485 2483 1685 2527 sumptam

239 2536 338 2572 olim
356 2548 378 2572 a
397 2535 598 2573 sacerdote
617 2548 725 2573 sacra
742 2535 924 2582 faciente,
956 2536 1026 2572 sed
1041 2537 1083 2572 in
1102 2537 1179 2572 tria
1197 2536 1383 2579 divisam,
1413 2546 1537 2570 unum
1551 2534 1595 2570 in
1612 2546 1684 2569 ca-

239 2591 352 2628 licem
380 2593 561 2637 missum,
589 2591 707 2629 aliud
732 2605 758 2628 a
785 2591 981 2628 sacerdote
1001 2598 1290 2641 consumptum,
1320 2591 1476 2627 tertium
1499 2591 1542 2625 in
1560 2589 1683 2639 pyxi-

241 2648 329 2684 dem
351 2649 549 2685 morituris
565 2649 622 2685 acl
635 2649 823 2686 viaticum
841 2649 1065 2697 repositum.
1109 2649 1226 2698 pyxis
1244 2647 1327 2694 illa,
1356 2646 1421 2683 vel
1441 2651 1542 2682 certe
1561 2645 1682 2681 turri-

243 2705 331 2741 cula
351 2717 440 2741 cum
459 2706 543 2754 ipsa
567 2703 717 2756 pyxide
729 2733 740 2752 ,
781 2702 968 2741 ciborium
993 2705 1123 2740 minus
1140 2710 1178 2740 et
1195 2704 1442 2740 itinerarium
1463 2701 1682 2752 appellatur

241 2761 284 2798 iu
300 2759 433 2798 ordine
446 2762 635 2808 Romano,
667 2774 751 2812 cap.
771 2759 878 2812 quod
897 2761 1121 2798 inscribitur
1135 2759 1336 2810 praefatio
1354 2759 1515 2795 minoris
1533 2755 1598 2794 vel
1614 2756 1682 2791 iti-

242 2818 390 2854 nerarii
407 2816 556 2855 ciborii.
589 2818 736 2855 lemma
753 2818 929 2870 sequitur
947 2815 1044 2855 haec
1062 2818 1206 2855 oratio:
1237 2829 1408 2861 oremus,
1425 2812 1682 2857 dilectissimi,
