1890 3224
0 2953 5 2967 ‹
0 2908 5 2916 -
0 2876 5 2886 ,
0 2702 10 2858 -aevvp—raev
0 2583 9 2671 ..fi-.-

389 179 467 223 DE
497 179 679 224 REBUS
712 180 859 223 PosT
890 163 1208 227 mmmmm
1232 181 1440 227 ossus.
1581 182 1643 230 17

189 291 356 347 ζαντίων
384 290 573 350 ἷεράρχης
594 289 828 350 γράμμασιν
850 293 974 337 αὐτὸν
996 297 1177 351 λιπαρῶς
1199 295 1419 350 ἐγκείμενος
1442 294 1644 337 ἐνουθέτει

187 361 261 416 τὴν
278 362 380 418 πρὸς
400 362 447 404 τὸ
463 361 624 417 γύναιον
644 366 762 404 τοῦτο
782 364 989 404 κοινωνίαν
1007 361 1250 417 ἀνήνασθαι.
1298 361 1319 404 ὅ
1345 364 1390 406 δέ
1411 362 1520 420 αὐτῷ
1543 363 1643 405 ἀπε-

187 433 339 485 λογεῖτο
362 427 418 480 ὥς
435 425 478 472 εὖ
493 431 568 483 μὲν
587 430 668 484 ἔχοι
687 431 739 471 τὰ
759 431 870 485 παρὰ
893 433 956 473 σοὶ
974 430 1188 486 λεγόμενα·
1225 430 1247 471 ὃ
1265 431 1342 487 γάρ
1364 448 1428 473 σοι
1443 432 1564 487 χρέος
1587 429 1643 481 ὧς

188 498 370 555 ἀρχιερεῖ
384 500 451 540 καὶ
475 499 603 554 φίλῳ,
636 497 716 552 ἤδη
739 496 1020 548 ἀποδέδωκας·
1062 499 1133 555 ἐφ’
1158 497 1254 553 ἡμῖν
1277 499 1322 541 δέ
1338 502 1386 541 τὸ
1405 499 1542 541 λοιπὸν
1559 500 1640 541 κεί-

152 574 175 609 5
188 582 297 608 σεται
317 566 367 609 τὰ
390 570 462 620 τῆς
478 564 674 622 πράξεως.
727 566 831 608 κατὰ
855 567 899 608 δέ
915 567 987 609 τὸν
1007 566 1130 608 αὐτὸν
1149 567 1289 622 καιρὸν
1311 565 1643 623 διεπιπράσκοντο

185 634 239 676 τὰ
256 639 336 676 τῶν
351 635 569 688 ἐκκλησιῶν
589 631 789 689 κειμήλια,
823 637 891 676 καὶ
912 637 967 685 εἷς
985 635 1202 691 ἀπαγωγὴν
1224 633 1355 693 φόρου
1377 642 1461 686 τοῖς
1478 633 1646 692 βαρβά-

186 718 274 759 ροις
292 700 526 757 ἐξενεμήθη.

320 766 462 820 Αὖθις
492 764 562 812 οὖν
594 768 865 827 ἐπιστρατεύει
885 770 1081 829 Χοσρόης
1110 769 1132 814 ὅ
1156 775 1237 815 τῶν
1256 772 1432 828 Περσῶν
1450 771 1644 826 βασιλεὺς

185 838 290 881 κατὰ
308 836 531 892 Ῥωμαίων,
565 838 785 896 Σάρβαρον
806 838 1026 895 ἡγούμενον
1046 845 1119 895 τῆς
1140 844 1333 897 στρατιᾶς
1350 841 1573 895 ἐκπέμψας,
1600 837 1647 890 ὃς

129 915 176 951 10
186 905 381 962 κατεδῄου
410 911 545 949 πᾶσαν
571 907 644 961 τὴν
669 907 908 962 ἀνατολικὴν
931 907 1091 964 χώρανρ
1155 908 1458 961 καταλαμβάνει
1489 908 1534 950 δέ
1563 911 1645 950 τῶν

184 972 307 1029 ἆγίων
326 973 458 1016 τόπων
476 975 527 1016 τὰ
549 975 723 1031 ζῳοποιὰ
743 974 842 1025 ξύλα
862 980 936 1018 τοῦ
956 978 1155 1033 σωτηρίου
1183 981 1384 1032 σταυροῦ,
1418 976 1642 1019 Μοδέστου
1665 989 1698 1025 Β

182 1046 401 1098 τηνικαῦτα
426 1041 715 1098 Ἱεροσολύμων
745 1042 1068 1100 προεδρεύοντος.
1153 1042 1494 1100 παρεσκευάζοντο
1527 1044 1573 1085 δὲ
1605 1043 1645 1085 οἷ

181 1111 343 1167 Πέρσαι
363 1111 431 1152 καὶ
454 1111 661 1165 ἠπείγοντο
681 1112 822 1166 μέχρις
842 1112 975 1153 ἐλθεῖν
1000 1115 1057 1162 εἷς
1077 1110 1338 1167 Καλχηδόνα.
1379 1109 1400 1153 ὅ
1423 1106 1493 1154 οὖν
1509 1109 1646 1167 (Ηρά-

183 1181 314 1228 κλειος
343 1177 386 1220 ἐκ
415 1195 458 1220 τε
478 1180 654 1235 Περσῶν
683 1181 750 1220 καὶ
766 1178 950 1235 Ἀβάρων
970 1179 1302 1236 θορυβούμενος,
1337 1177 1424 1232 ἅμα
1447 1180 1515 1223 καὶ
1537 1183 1645 1237 λιμῷ

128 1255 172 1291 15
184 1246 415 1300 πιεζομένης
435 1250 508 1300 τῆς
527 1244 752 1300 Ῥωμαϊκῆς
774 1248 976 1296 πολιτείας
995 1249 1062 1288 καὶ
1091 1251 1259 1304 λοιμικῷ
1277 1244 1447 1304 θανάτῳ
1468 1251 1645 1304 φθειρο-

181 1316 303 1369 μένης
313 1346 327 1366 ,
362 1317 645 1370 προσεκαλεῖτο
663 1312 830 1370 Σέργιόν
850 1332 892 1357 τε
911 1314 981 1356 τὸν
1002 1318 1076 1369 τῆς
1094 1314 1248 1364 πόλεως
1268 1313 1489 1370 πρόεδρον,
1525 1313 1582 1358 ἴτι
1600 1331 1644 1357 τε

182 1384 249 1424 καὶ
280 1382 480 1439 ἄρχοντας
509 1383 576 1424 καὶ
609 1382 654 1425 τὸ
688 1383 828 1424 λοιπὸν
857 1387 930 1424 τοῦ
962 1387 1064 1424 λαοῦ
1083 1383 1232 1439 μέρος,
1278 1384 1346 1424 καὶ
1370 1383 1643 1439 παρατίθεται

182 1451 321 1500 αὐτοῖς
343 1451 439 1501 τοὺς
457 1452 629 1502 παῖδας,
667 1452 734 1492 καὶ
754 1453 895 1492 Βῶνον
924 1450 993 1492 τὸν
1012 1452 1221 1508 πατρίκιον
1247 1451 1447 1506 ἐγχειρίζει
1469 1450 1544 1500 τὰς
1561 1454 1644 1492 τῶν

181 1517 430 1575 πραγμάτων
449 1518 684 1573 διοικήσεις,
709 1521 775 1560 καὶ
797 1517 960 1574 ἀπάρας
979 1519 1047 1560 διὰ
1067 1523 1141 1561 τοῦ
1158 1519 1347 1568 Εὐξείνου
1369 1519 1552 1574 ἐπειρᾶτο
1571 1517 1643 1560 διὰ

125 1588 370 1641 2οΛαζικῆς
391 1588 445 1636 εἷς
467 1587 539 1639 τὴν
557 1586 766 1643 Περσικὴν
786 1588 1008 1639 εἰσβαλεῖν·
1038 1587 1139 1628 καθ’
1165 1586 1216 1641 ἣν
1238 1588 1409 1629 τίκτεται
1427 1586 1538 1643 αὐτῷ
1554 1585 1645 1636 υἱός

183 1656 225 1697 ἐκ
245 1656 466 1711 Μαρτίνης
484 1658 557 1708 τῆς
575 1653 762 1708 γυναικός
791 1654 919 1708 (μεθ’
947 1652 1095 1697 ἑαυτοῦ
1113 1654 1191 1711 γὰρ
1214 1652 1365 1709 ταύτην
1389 1653 1560 1710 ἤγετο),
1595 1652 1642 1697 ὃν

181 1725 248 1766 καὶ
267 1720 523 1775 ἐπωνόμασεν
539 1719 793 1778 “Ηράκλειον.
861 1724 1045 1764 ἐντεῦθεν
1065 1723 1299 1765 ἀποστέλλει
1319 1724 1432 1779 δῶρα
1451 1722 1555 1779 πρὸς
1570 1721 1642 1765 τὸν
1663 1731 1696 1768 C

182 1789 379 1848 Τούρκων
399 1787 562 1846 κύριον,
596 1791 658 1831 ἐπὶ
679 1791 888 1848 συμμαχίᾳ
908 1794 958 1845 τῇ
979 1790 1082 1831 κατὰ
1102 1792 1277 1846 Περσῶν
1296 1788 1642 1845 συγκαλούμενος·

272 1886 295 1921 3
330 1882 428 1964 igal?
568 1884 591 1918 6
612 1880 805 1929 ἐπαγωγὴν
824 1883 853 1916 Ρ
868 1895 963 1928 [γρ.
987 1880 1192 1926 ’ὑπαγωγὴν
1213 1894 1352 1928 margo:
1381 1884 1430 1917 cf.
1451 1894 1488 1928 p.
1523 1883 1568 1918 23
1601 1883 1639 1918 b.

271 1931 319 2011 {g
340 1931 469 2010 gfff}
483 1929 635 1974 μέχριςῒ
745 1930 787 1965 16
805 1927 845 1964 δὲ
870 1929 933 1964 καὶ
955 1927 1046 1970 τοὺς
1063 1926 1273 1973 ἅρχονταςῖ
1381 1930 1424 1965 17
1445 1926 1508 1963 καὶ
1531 1940 1587 1963 om
1609 1929 1639 1962 P

178 2056 308 2090 litanus
331 2054 532 2100 patriarcha
549 2055 660 2090 literis
684 2055 756 2090 suis
779 2055 1020 2089 vehementius
1038 2053 1204 2098 instabat,
1228 2057 1267 2088 ut
1288 2053 1381 2088 illam
1403 2064 1480 2088 cum
1497 2052 1641 2088 muliere

180 2101 383 2136 societatem
407 2101 590 2136 abiiceret.
638 2103 681 2136 ad
708 2102 793 2136 haec
816 2102 1006 2146 imperator
1027 2100 1078 2134 ita
1100 2100 1283 2146 respondit
1302 2096 1421 2134 “recle
1442 2105 1479 2134 tu
1501 2099 1639 2143 quidem

180 2147 318 2182 omnino
348 2147 456 2182 dicis:
494 2148 585 2191 quod
615 2148 706 2181 enim
738 2154 775 2181 et
800 2147 1031 2192 patriarcham
1064 2152 1100 2180 et
1132 2146 1275 2179 amicum
1310 2146 1431 2188 decet,
1469 2145 1640 2189 quoddam

179 2192 289 2227 veluti
312 2193 466 2228 debitum
485 2193 683 2227 reddidisti.
732 2194 794 2227 sed
817 2193 928 2227 nostri
954 2193 1022 2226 erit
1045 2192 1184 2226 arbitrii
1204 2191 1306 2225 factis
1338 2191 1425 2235 ipsis
1458 2194 1640 2234 praestare

180 2239 274 2283 quod
297 2235 434 2272 iubes.''
462 2250 527 2283 per
547 2239 639 2273 idem
661 2245 798 2284 tempus
822 2238 1045 2273 ecclesiarum
1063 2237 1218 2271 thesauri
1240 2236 1401 2271 distracti
1421 2241 1503 2270 sunt
1520 2241 1558 2270 et
1574 2234 1640 2270 tri-

178 2284 257 2318 buti
278 2284 415 2317 nomine
438 2282 475 2316 in
500 2285 666 2318 barbaros
692 2284 811 2318 divisi.

271 2329 318 2363 At
342 2329 517 2363 Chosroes
538 2341 672 2363 rursum
697 2336 819 2364 contra
840 2330 1014 2364 Romanos
1039 2327 1229 2363 exercitum
1252 2327 1392 2361 mittens
1406 2352 1424 2370 ‚e
1452 2326 1642 2360 Sarbarum

180 2375 215 2409 ei
238 2376 358 2410 ducem
381 2375 566 2420 praefecit,
599 2375 659 2419 qui
675 2375 822 2409 Oriente
846 2381 1049 2421 pervastato
1075 2374 1238 2409 salutaris
1256 2372 1368 2407 crucis
1385 2372 1530 2406 vivifica
1547 2371 1642 2416 ligna.
1661 2384 1697 2411 a.
1721 2377 1790 2413 615

179 2421 217 2455 in
247 2421 378 2456 sanctis
409 2419 495 2454 locis
530 2426 696 2465 occupat,
731 2421 894 2455 Modesto
919 2427 1002 2455 tunc
1026 2419 1347 2463 Hierosolymorum
1372 2417 1553 2451 ecclesiam
1574 2429 1642 2462 gu-

179 2467 363 2501 bernante.
411 2465 497 2511 quin
519 2465 651 2499 Persae
669 2465 804 2510 longius
828 2466 972 2512 insuper
994 2465 1174 2512 progressi
1197 2464 1451 2498 Calchedonem
1469 2474 1640 2508 propera-

179 2513 277 2546 bant.
324 2511 509 2546 Heraclius
533 2511 653 2545 Persis
678 2512 798 2545 eodem
822 2518 980 2558 tempore
1003 2518 1040 2546 et
1058 2511 1232 2546 Avaribus
1255 2507 1502 2543 infestantibus
1516 2534 1527 2552 ,
1564 2520 1640 2543 cnm

180 2568 250 2591 una
273 2562 308 2591 et
330 2559 422 2593 fame
445 2562 482 2591 et
505 2557 706 2603 pestilentia
727 2556 925 2602 respublica
949 2563 1185 2602 premeretur,
1221 2554 1382 2598 Sergium
1404 2553 1640 2599 patriarcham
1664 2569 1698 2592 a.
1722 2560 1791 2597 622

180 2614 259 2636 cum
278 2602 539 2648 magistratibus
563 2609 669 2648 atque
698 2602 790 2636 omni
819 2602 947 2648 populo
972 2614 1167 2637 convocans
1190 2601 1281 2634 filios
1304 2611 1386 2634 suos
1415 2611 1533 2634 eorum
1556 2600 1641 2634 fidei

181 2649 385 2691 committit,
427 2653 463 2682 et
494 2649 628 2682 Bonum
661 2648 845 2693 patricium
873 2660 989 2682 rerum
1017 2646 1309 2683 administrationi
1339 2645 1512 2690 praeficit.
1561 2645 1642 2679 hinc

179 2694 320 2729 Euxino
345 2694 432 2729 mari
457 2694 628 2738 navigans
650 2706 715 2739 per
741 2694 913 2728 Lazorum
940 2694 1155 2739 provinciam
1180 2693 1217 2725 in
1245 2690 1424 2726 Persidem
1447 2691 1642 2736 irrumpere

179 2746 323 2775 conatus
347 2745 422 2781 est3
455 2739 514 2773 ubi
536 2739 591 2774 ‘ex
614 2739 768 2775 Martina
798 2739 944 2784 coniuge
974 2739 1068 2774 filius
1092 2738 1246 2773 nascitur
1269 2737 1382 2780 (hanc
1408 2737 1498 2770 enim
1525 2747 1642 2771 secum

178 2786 387 2828 adduxerat)
415 2796 517 2831 quem
539 2784 739 2819 Heraclium
763 2784 966 2819 nominavit.
1013 2785 1166 2820 indidem
1189 2793 1295 2828 porro
1318 2781 1454 2827 legatos
1477 2793 1553 2816 cum
1577 2781 1642 2814 do-

179 2831 234 2867 nis
257 2831 302 2865 ad
322 2831 517 2868 Turcarum
539 2829 733 2878 principem
757 2830 945 2875 destinat„
959 2830 1086 2877 quibus
1106 2840 1181 2865 eum
1202 2829 1245 2864 ad
1266 2827 1350 2864 belli
1369 2833 1491 2863 contra
1511 2827 1641 2862 Persas

234 2883 381 2928 Niceph.
415 2883 531 2917 Conse.
1339 2877 1368 2915 2
