1838 3210
514 158 849 204 DESCRIPTIO
883 159 929 204 S.
961 160 1210 206 SOPHIAE.
1531 162 1593 208 71

144 277 347 322 praeterea
377 267 487 307 addit
521 271 784 308 Iustinianum
807 271 851 308 in
878 270 1166 323 compingenda
1198 270 1264 310 vel
1292 269 1465 323 tegenda
1494 271 1593 311 aede

145 328 265 378 lignis
285 328 344 364 uti
363 328 596 379 neutiquam
618 328 813 375 voluisse,
843 327 915 365 sed
933 330 1166 367 marmoreis
1183 329 1427 379 longioribus
1446 330 1592 368 tabulis

144 390 271 422 totam
293 385 462 431 texisse,
500 397 539 421 v.
574 386 654 424 110
678 390 717 421 et
737 396 854 436 seqq.
893 398 967 433 ne,
997 386 1127 452 inquit
1154 384 1369 436 Agathias‚
1397 385 1593 424 incendiis

144 453 300 477 rursum
325 446 489 490 pateret.
546 435 680 488 ξύλοις
706 454 746 480 τε
766 437 909 493 ἥκιστα
937 439 1206 495 χρησάμενος,
1238 440 1293 491 οὖς
1319 457 1373 482 αν
1394 458 1448 494 μη
1473 438 1593 484 εὔκο-

142 492 295 536 λοότατα
314 499 567 548 πυρπολοῖτο.
862 520 863 523 =

256 553 323 593 12.
379 554 620 590 Immensam
645 550 756 590 aedis
781 553 1070 591 Iustinianaeae
1100 552 1405 605 amplitudinem
1423 566 1504 591 non
1524 567 1591 592 se-

143 609 226 645 mel
251 608 528 647 commendant
553 610 781 660 scriptores,
812 617 930 662 atque
958 610 1139 661 inprimis
1160 612 1327 648 Ioannes
1347 611 1591 648 Cantacuze-

142 677 218 702 nus
246 668 271 706 3
303 668 348 705 1:
377 663 444 705 τὸν
476 680 580 705 νεων
611 668 685 717 τῆς
713 667 858 716 σοφίας
885 668 958 707 τοῦ
982 669 1086 706 θεοῦ
1113 666 1268 719 μεγέθει
1290 665 1471 720 μέγιστον
1493 682 1592 707 οντα

143 735 224 760 των
251 719 334 761 ὕπο
363 737 433 762 τον
460 718 576 773 ἥλιον
605 718 807 761 ἁπάντων.
865 728 904 759 et
931 721 957 762 4
986 722 1036 764 4-
1065 721 1087 763 ὅ
1109 739 1184 776 γαρ
1210 725 1282 775 τῆς
1302 725 1376 762 τοῦ
1395 725 1502 763 θεοῦ
1521 734 1591 763 σο-

143 778 242 827 φίας
255 774 387 817 κᾶλλει
404 792 445 817 τε
463 777 532 817 καὶ
551 776 709 843 μεγέθει
725 775 821 826 τοῦς
838 776 1069 829 ἁπανταχοῦ
1087 794 1224 819 νικων.
1281 780 1442 816 Manuel
1460 777 1590 831 Chry-

142 834 313 871 soloras:
343 834 451 880 τίνος
477 848 552 886 γαρ
577 829 698 887 λόγου
721 830 832 883 υψος
855 830 885 885 ἢ
912 833 1081 885 μέγεθος
1105 831 1330 883 ἐξισώσεται
1360 837 1417 890 τῷ
1450 834 1590 890 ἐκείνῳ

140 885 242 939 ὕψει
268 885 298 940 ἢ
324 888 506 942 μεγέθεις
537 890 774 927 Guillelmus
797 889 846 927 de
873 889 1112 927 Baldenzeel
1139 892 1182 928 in
1207 893 1437 929 Itinerario:
1475 891 1590 929 credo

143 945 252 996 quod
270 945 342 982 sub
368 945 493 990 caelo,
519 953 731 998 postquam
751 946 925 985 mundus
945 954 1099 984 creatus
1117 954 1190 992 est,
1217 960 1297 984 non
1307 947 1402 998 ficit
1420 947 1500 984 tale
1519 961 1591 985 ae-

141 1002 322 1050 dificium
355 1002 607 1052 completum,
636 1002 743 1053 quod
766 1002 862 1039 kuic
874 1003 1022 1053 poterit
1043 1004 1087 1040 in
1107 1002 1311 1040 nobilitate
1329 1010 1367 1039 et
1383 1005 1591 1054 magnitu-

141 1059 235 1095 dine
265 1060 398 1095 ceteris
428 1061 662 1109 comparari.
722 1058 793 1096 sed
810 1060 903 1096 licet
920 1058 1193 1110 magnitudine
1213 1066 1251 1097 et
1266 1060 1372 1097 mole
1391 1072 1463 1097 sua
1481 1067 1590 1097 cete-

141 1127 206 1152 ras
238 1117 358 1153 totius
394 1115 498 1152 orbis
526 1114 649 1152 aedes.
673 1128 804 1153 sacras
829 1114 1017 1164 excedat,
1047 1122 1132 1153 tam
1162 1123 1254 1167 apta
1281 1122 1418 1153 tamen
1437 1123 1591 1154 constat

142 1171 405 1208 concinnitate
433 1177 472 1208 et
498 1173 749 1242 proportione
770 1178 815 1209 ut
832 1185 907 1209 nec
927 1171 1176 1223 longitudine
1196 1179 1263 1210 aut
1282 1171 1520 1210 latitudiue‘
1508 1186 1591 1210 im-

139 1226 298 1265 modica
317 1229 383 1265 sit.
437 1229 674 1295 Procopius:
702 1223 820 1296 ενρός
840 1243 882 1268 τε
905 1224 1029 1280 αυτῆς
1053 1228 1121 1268 καὶ
1146 1231 1272 1280 μῆκος
1297 1225 1426 1276 ου’τως
1442 1229 1486 1269 ἐν
1503 1228 1591 1269 ἐπι-

139 1284 288 1352 tudela>
301 1279 664 1351 ἀποτετόρνευται,
694 1281 793 1324 ω’στε
813 1283 882 1324 καὶ
901 1282 1122 1336 περιμήκης
1141 1285 1210 1324 καὶ
1230 1281 1331 1332 ἄλως
1354 1280 1487 1350 ευρεῖα
1512 1281 1592 1325 ου’νι

141 1336 222 1379 οἷπὸ
245 1337 391 1393 τρόπον
418 1337 626 1391 εἰρήσεται.
684 1341 755 1378 sed
784 1342 840 1378 ita
870 1341 1048 1378 confecta
1066 1348 1124 1379 est
1143 1348 1187 1378 ut
1205 1354 1287 1378 non
1308 1343 1471 1378 omnino
1487 1353 1590 1393 qua-

143 1394 255 1433 drata
280 1398 351 1445 sit,
382 1402 421 1433 et
442 1396 647 1447 longitudo
667 1396 923 1434 latitudinem
941 1398 1150 1448 paululum
1173 1396 1362 1434 excedat·
1391 1396 1434 1437 ἐν
1455 1411 1591 1450 τετρα-

140 1448 299 1506 πλεύρῳ
318 1449 391 1504 μὲν
409 1449 482 1504 γαρ
502 1451 547 1492 τὸ
563 1450 720 1503 τέμενός
739 1453 863 1501 ἐστιν,
897 1468 945 1492 ου
965 1468 1066 1492 κατα
1084 1450 1188 1493 nolu
1205 1451 1250 1493 δὲ
1266 1453 1451 1503 φαίνεται
1469 1451 1592 1503 προέ-

140 1523 214 1560 χον
241 1511 315 1548 τοῦ
340 1505 483 1560 εὔρους
510 1505 554 1548 τὸ
578 1511 726 1560 μῆκος,
757 1508 869 1560 quod·
894 1507 943 1546 de
975 1508 1073 1546 aede
1102 1510 1146 1547 S.
1165 1507 1377 1546 Michaelis
1398 1510 1460 1547 GP
1487 1509 1593 1546 dixit

139 1563 250 1602 idem
267 1565 481 1614 Procopius
500 1565 523 1604 1
553 1565 595 1604 3
652 1577 724 1602 seu
742 1566 897 1615 potius,
928 1563 1036 1616 quod
1051 1563 1100 1601 de
1118 1564 1215 1602 aede
1234 1565 1276 1603 S.
1296 1563 1478 1602 Anthjmi
1492 1567 1592 1603 scri-

139 1622 220 1672 psit
245 1634 279 1657 c.
303 1623 349 1668 6,
378 1618 584 1670 longitudo
610 1626 765 1658 tantum
795 1627 953 1672 superet
981 1619 1235 1658 latitudinem
1259 1628 1451 1673 quantum
1468 1623 1510 1658 in
1528 1623 1592 1659 la-

139 1683 223 1714 tere
242 1677 426 1714 orientali
445 1677 658 1728 porrigitur
673 1677 811 1714 bema·
840 1678 1033 1717 τοσοῦτον
1050 1674 1096 1716 δὲ
1113 1676 1270 1728 προέχει
1287 1674 1414 1747 μόνον
1430 1681 1509 1718 τοῦ
1522 1675 1605 1717 εν’-·

140 1748 247 1803 ρους
265 1730 311 1774 τό
339 1736 486 1785 μῆκος,
514 1729 605 1780 ἐς
581 1746 678 1773 οσον
710 1731 762 1784 δη
789 1735 920 1802 χῶρον
944 1730 1015 1773 τάν
1039 1728 1261 1785 ἀβέβηλον,
1289 1733 1332 1773 ἐν
1357 1749 1397 1773 ω
1409 1731 1457 1773 τοὶ
1475 1749 1592 1786 οργια

139 1786 189 1828 vd
219 1786 371 1841 ἄρρητα
395 1792 596 1828 τελεῖσθαι
618 1787 757 1840 θέμις,
784 1803 882 1827 κατα
910 1803 986 1840 την
1009 1786 1226 1840 πλευρὰν
1206 1787 1235 1839 η’
1255 1803 1356 1839 προς
1377 1785 1592 1840 ἀνίσχοντα

138 1841 257 1897 ἥλιον
287 1844 516 1897 τέτραπται,
547 1841 701 1895 διήκειν
725 1844 951 1895 ξυμβαίνει.
1004 1843 1113 1880 unde
1144 1845 1341 1895 colligitur
1361 1857 1451 1882 eam
1467 1846 1591 1883 fuisse

138 1900 247 1953 apud
266 1902 435 1939 Graecos
452 1900 692 1951 templorum
709 1900 880 1938 formam
902 1913 947 1937 ac
969 1899 1152 1950 figuram.

253 1959 319 1998 13.
374 1958 568 2007 Euagrius
599 1955 626 1996 4
655 1958 713 1996 30
738 1957 847 1994 illius
871 1955 1162 2006 longitudinem
1187 1969 1215 1993 a
1241 1954 1410 2004 concha,
1439 1920 1541 1994 ubi
1523 1970 1591 1994 m.-

139 2020 348 2052 amentum
374 2013 609 2051 sacrificium
617 2013 792 2082 „litatur,
825 2011 877 2050 ad
898 2019 1055 2063 portam
1075 2011 1248 2050 conchae
1272 2011 1479 2050 adversam
1503 2026 1591 2051 esse

138 2069 289 2122 pedum
321 2071 399 2110 190
426 2069 582 2107 scribit.
614 2067 694 2109 ἐστι
708 2066 781 2120 μὲν
802 2064 877 2109 οὖν
895 2066 940 2108 τὸ
960 2071 1107 2134 μῆκος
1103 2068 1147 2108 ἐκ
1162 2071 1237 2119 τῆς
1251 2066 1487 2122 καταντικρῦ
1506 2068 1590 2108 θιί-

141 2142 215 2178 ρας
236 2128 308 2177 τῆς
330 2125 439 2178 ἱερᾶς
459 2121 631 2193 κόγχης,
666 2124 770 2165 ἔνθα
793 2139 845 2165 τα
863 2127 935 2176 τῆς
958 2120 1204 2176 αναιμᾶκτον
1226 2127 1484 2177 καλλιερεῖται
1505 2129 1590 2164 &v-

140 2183 252 2230 σίας,
280 2179 413 2234 μέχρις
431 2178 575 2233 αυτῆς,
602 2182 740 2221 ποδων
759 2175 827 2234 ρλ’.
885 2181 934 2218 ab
964 2182 1135 2231 Euagrio
1163 2181 1373 2232 pauiulmn
1393 2180 1589 2232 discrepat

138 2239 310 2290 Gyuius.
369 2237 674 2288 longitudinem,
700 2238 830 2289 inquit
849 2238 941 2285 ille,
970 2236 1023 2274 ab
1046 2239 1190 2274 oriente
1214 2237 1271 2274 ad
1295 2250 1479 2275 oceasum
1505 2239 1588 2287 ipse

140 2295 270 2332 metiti
293 2308 417 2331 ausus
444 2307 523 2331 non
546 2307 653 2338 sum,
680 2293 751 2331 sed
767 2293 1002 2331 metiendam
1019 2295 1243 2344 curaviper
1260 2293 1457 2331 hominem
1485 2295 1588 2331 Du·-

140 2364 251 2396 cum,
279 2351 351 2402 qui
376 2350 478 2387 mihi
503 2349 654 2387 rettulit
680 2349 968 2400 longimdinem
997 2350 1136 2400 templi
1161 2363 1240 2387 ease
1269 2349 1525 2387 ducentorum
1550 2357 1588 2386 et

138 2407 412 2459 quadraginta
427 2406 590 2457 pedum.
635 2405 963 2444 Bondelmontius
980 2404 1029 2443 de
1044 2405 1292 2457 longitudine
1307 2407 1449 2457 templi
1465 2419 1591 2457 agens

140 2466 198 2501 ait
216 2476 293 2514 per
308 2462 512 2501 ecclesiam
533 2475 613 2499 esee
632 2461 681 2500 de
695 2462 846 2514 angulo
864 2462 923 2500 ad
938 2462 1138 2514 angulum
1160 2465 1240 2504 120
1261 2461 1444 2508 brachia,
1471 2464 1587 2514 quia,

139 2520 287 2571 inquit,
315 2519 480 2569 desuper
494 2518 666 2556 rotunda
683 2520 779 2556 etin
789 2518 917 2571 plano
936 2518 1263 2569 quadrangulata
1277 2519 1433 2556 recedit.
1494 2520 1585 2570 qui-

139 2575 216 2612 bus
243 2576 373 2614 verbis
395 2576 525 2613 innuit
542 2573 834 2625 longitudinem
853 2588 896 2612 se
915 2587 1099 2613 mensum
1118 2588 1204 2614 esse
1222 2587 1306 2613 non
1322 2575 1373 2612 ab.
1388 2576 1469 2613 imo
1488 2588 1585 2612 con-

142 2629 263 2679 chae,
293 2630 364 2669 sed
384 2644 462 2683 qua
480 2632 551 2669 illa
569 2630 659 2668 aedi
678 2632 940 2681 coniungitur.

256 2686 321 2727 14.
375 2686 644 2726 Latitudinem
682 2700 705 2724 a
739 2686 905 2725 meridie
933 2685 986 2724 ad
1010 2688 1318 2739 septentrionem
1350 2693 1509 2724 centmn
1544 2692 1584 2721 et

143 2741 371 2796 quindecim
385 2742 534 2794 pedum
552 2757 638 2782 esse
660 2745 716 2781 ait
732 2742 841 2782 idem
857 2744 1065 2795 Euagrius.
1122 2750 1162 2781 at
1186 2744 1362 2795 Gryllius,
1390 2748 1442 2781 e'x
1460 2742 1583 2779 Turci

144 2801 355 2848 relatione,
381 2798 638 2839 ducentorum
655 2806 696 2838 et
712 2799 903 2839 tredecim
922 2799 1070 2852 pedum
1090 2813 1177 2839 esse
1192 2799 1341 2839 scribit.
