1890 3224
379 175 455 219 DE
481 174 663 219 REBUS
691 173 838 219 POST
864 173 1186 221 mumolum*
1204 173 1414 219 GESTIS.
1554 177 1621 222 61

165 290 304 349 μέρεσι
342 289 589 347 προσέσχον,
622 288 656 333 ’ὅ
689 289 769 344 μέν’
786 287 897 347 πρὸς
920 288 994 332 τὸν
1029 286 1444 345 καλοῦμενον-λιμένα
1475 292 1622 334 Καλοῦ

164 359 315 415 ἀγροῦ,
349 357 371 401 ὃ
398 359 442 400 δὲ
462 358 564 414 πρὸς
578 365 675 408 -ταῖς
696 359 835 408 ἀκταῖς
855 362 928 401 τοῦ
947 359 1158 414 λεγομένου
1179 357 1381 416 Σατύρου.
1450 359 1488 400 οἶ
1512 359 1554 401 δ’
1578 360 1620 401 ἓν

160 428 303 477 ἀὕτοῖς
334 428 578 477 εἶσπλέοντες
604 425 822 482 Αἰγύπτιοι
853 426 994 477 νυκτὸς
1031 427 1126 477 τοὺς
1155 426 1415 482 ἓνεστηκότας
1445 428 1620 482 λέμβους

161 501 243 539 τῶν
267 500 374 550 νηῶν
394 493 600 548 εἰσβάντες
625 495 727 552 πρὸς
753 495 799 537 τὸ
822 493 1044 547 Βυζάντιον
1066 490 1164 550 ἧκον
1184 498 1252 538 καὶ
1272 496 1341 539 τὸν
1359 497 1530 550 βασιλέα
1551 496 1618 538 εὗ-

130 573 152 608 5
165 563 340 622 φήμουν.
407 563 477 620 ἐφ’
505 561 566 613 οἷς
591 561 887 620 ἀναθαρσήσας
903 562 924 606 ὃ
940 564 1133 617 βασιλεὺς
1148 563 1385 622 πυρφόρους
1400 569 1500 615 ναῦς
1514 564 1618 606 κατὰ

159 637 242 675 τῶν
262 629 454 674 τοιούτων
473 630 627 674 στόλων
651 633 846 686 ἐξέπεμψε
878 634 946 674 καὶ
972 631 1107 683 πάσας
1139 633 1273 676 αὐτῶν
1301 634 1376 683 τὰς
1407 638 1506 683 ναῦς
1535 633 1619 675 ἐνέ-

157 717 324 758 πρησεν.
393 701 545 743 ἐκεῖθεν
570 698 989 757 λαφυραγωγήσαντες
1008 702 1079 743 καὶ
1095 702 1139 743 ἐκ
1160 706 1241 744 τῶν
1262 692 1525 759 ῦπαρχόντων
1541 701 1618 743 αὖ·-

157 775 244 818 τοῒς
276 767 410 810 ὅπλων
438 770 506 811 καὶ
537 768 838 824 δαπανημάτων
881 770 1273 828 καταφορτισθέντες
1314 770 1416 828 πρὸς
1445 770 1618 825 βασιλέα

154 835 420 894 ὑπέστρεφον.

103 912 150 948 10
298 903 443 963 Τούτῳ
460 909 518 964 τῷ
533 902 669 963 χρόνῳ
689 906 856 963 Σέργιος
872 903 894 947 ὃ
914 907 1122 963 πατρίκιος
1141 905 1163 949 ὃ
1188 911 1260 962 τῆς
1282 908 1465 956 Σικελίας
1486 921 1613 962 στρα-
1634 905 1666 940 D

157 973 280 1029 τηγός
295 975 362 1015 καὶ
386 974 424 1015 οἳ
444 973 496 1015 τοὶ
519 971 683 1029 ἑσπέρια
704 976 922 1025 οἰκοῦντες,
957 975 1010 1016 τὰ
1039 977 1127 1032 περὶ
1147 975 1193 1017 τὸ
1215 975 1437 1027 Βυζάντιον
1459 976 1525 1016 καὶ
1548 974 1618 1016 τὸν

117 1034 123 1040 .
158 1042 331 1096 βασιλέα
353 1039 591 1096 ἀπογνόντες
608 1045 681 1096 τῆς
697 1043 906 1096 γενομένης
921 1046 1002 1084 τῶν
1015 1045 1216 1096 πολεμίων
1226 1042 1350 1099 χάριν
1366 1043 1461 1085 κατ’
1486 1043 1620 1084 αὐτῶν

156 1108 309 1167 ἐφόδου
318 1142 332 1161 ,
364 1109 465 1151 ἴδιον
485 1110 678 1166 στέφουσι
699 1111 869 1162 βασιλέα
893 1114 974 1152 τῶν
991 1109 1203 1167 ὑπηρετῶν
1221 1111 1311 1152 τινὰ
1337 1112 1505 1166 Σεργίου
1527 1112 1620 1152 Βα-

157 1180 305 1221 σίλειον
333 1176 512 1231 τοῦνομα
521 1209 534 1228 ,
567 1177 656 1219 υἱὸν
674 1176 863 1232 γεγονότα
881 1179 922 1218 Γ
918 1181 1108 1234 ρηγοριόυ
1126 1179 1172 1221 τὸ
1191 1179 1352 1232 ἐπίκλην
1367 1177 1619 1232 Ὀνομαγού-

103 1255 148 1290 15
161 1250 256 1298 λου,
293 1246 483 1302 Τιβέριον
511 1245 636 1287 αὐτὸν
667 1244 950 1299 ὀνομάσαντες.
1017 1251 1137 1288 τοῦτο
1165 1245 1350 1300 ἀκηκοὼς
1377 1244 1398 1287 ὅ
1426 1246 1619 1299 βασιλεὺς
1660 1280 1662 1282 v

156 1317 329 1357 Παῦλον
346 1314 415 1356 τὸν
432 1314 641 1370 πατρίκιον
655 1314 881 1369 στρατηγὸν
898 1315 1084 1364 Σικελίας
1100 1312 1372 1371 προβάλλεται
1393 1312 1461 1356 ἅτε
1477 1314 1617 1356 πιστὸν

156 1385 224 1425 καὶ
246 1386 389 1425 οἰκεῖον
406 1379 640 1437 ὑπάρχοντα
661 1383 729 1423 καὶ
749 1386 945 1424 τακτικῶν
961 1381 1160 1439 ἔμπειρον,
1195 1384 1262 1423 καὶ
1280 1382 1383 1438 πρὸς
1404 1384 1618 1425 Βασίλειον

156 1451 358 1504 ἐκπέμπει.
427 1444 476 1493 οὗ
505 1450 612 1500 τινὸς
643 1450 766 1492 ε’κεΐσε
796 1449 1097 1504 καταλαβόντος
1122 1451 1289 1506 Σέργιος
1312 1450 1445 1508 φυγὰς
1463 1453 1617 1493 ἐκεῖθεν

157 1520 309 1573 οἴχεται
340 1520 408 1561 καὶ
435 1517 539 1576 πρὸς
561 1517 888 1575 Λογγοβάρδους
908 1521 1076 1574 γίνεται,
1109 1521 1281 1568 Παῦλος
1303 1520 1348 1561 δὲ
1373 1520 1415 1561 ἐν
1434 1523 1487 1576 τῇ
1506 1517 1615 1576 νήσῳ
1639 1526 1668 1560 Ρ
1690 1526 1739 1562 36

101 1589 259 1632 2ολαὸν
287 1588 582 1643 περιαθροίσας
605 1586 655 1627 τὰ
687 1587 888 1639 βασιλέως
914 1585 1174 1642 ἀναγινώσκει
1195 1585 1441 1643 γράμματα,
1476 1587 1533 1628 δι’
1561 1580 1618 1629 ὧν

158 1659 214 1706 εἷς
242 1656 434 1698 πίστωσιν
462 1652 651 1703 ἐλθόντες
678 1652 748 1696 τόν
773 1671 816 1696 τε
844 1655 1016 1708 βασιλέα
1040 1652 1281 1711 εὐφήμησαν
1310 1656 1376 1696 καὶ
1401 1657 1616 1699 Βασίλειον

157 1725 224 1766 καὶ
246 1723 342 1772 τοὺς
357 1720 432 1764 ὕπ’
455 1722 579 1764 αὐτοῦ
603 1724 960 1778 προχειρισθέντας
978 1722 1179 1779 ἄρχοντας
1198 1723 1387 1775 δεσμίους
1406 1724 1516 1780 αὐτῷ
1534 1742 1616 1765 πα-

157 1789 448 1848 ραδεδώκασιν.
518 1788 539 1831 ὅ
571 1790 615 1830 δὲ
647 1789 815 1839 τούτους
841 1790 1093 1846 παραλαβὼν
1115 1791 1156 1830 Γ
1152 1788 1316 1846 ειόργιόν
1334 1808 1423 1832 τινα
1444 1793 1511 1832 καὶ
1529 1790 1615 1833 ἑτέ-

157 1876 256 1917 ρους
274 1859 400 1901 ἀνεῖλε
411 1890 424 1909 ,
460 1859 526 1900 καὶ
543 1855 695 1900 τούτων
712 1857 787 1907 τὰς
804 1858 985 1914 κεφαλὰς
1002 1857 1105 1914 πρὸς
1119 1858 1189 1900 τὸν
1205 1858 1378 1911 βασιλέα
1395 1858 1613 1913 ἀνέπεμψε,

245 1966 355 2003 Ξτοῦ
374 1965 475 2000 οιιιΡ
598 1961 891 2000 ’19δὲτόνέν7

155 2062 262 2104 atque
285 2058 373 2093 alter
392 2056 536 2091 Pulchri
557 2056 652 2101 agri,
677 2056 766 2091 alter
784 2056 906 2100 Satyri
924 2059 1062 2102 portum
1079 2056 1188 2102 capit.
1234 2055 1405 2101 Aegyptii
1422 2068 1528 2101 vero,
1554 2057 1614 2102 qui

154 2117 225 2140 una
247 2116 323 2138 cum
342 2104 387 2138 iis
407 2103 640 2147 navigabant,
660 2109 766 2137 noctu
787 2102 908 2137 lembis
932 2103 993 2147 qni
1018 2103 1166 2137 navibus
1188 2102 1425 2137 adhaerebant
1446 2115 1614 2137 conscen-

156 2151 206 2185 sis
228 2149 436 2194 Byzantium
458 2148 680 2193 confugiunt,
716 2153 754 2183 et
774 2149 994 2203 imperatoris
1013 2160 1136 2182 nomen
1160 2149 1286 2182 faustis
1310 2148 1614 2184 acclamationibus

156 2201 426 2248 prosequuntur.
474 2195 599 2239 quibus
630 2196 734 2229 rebus
758 2195 927 2228 animatus
950 2194 1144 2248 imperator
1161 2194 1395 2228 incendiarias
1417 2206 1525 2228 naves
1550 2195 1612 2228 ad-

157 2251 281 2276 versus
298 2240 374 2274 illas
393 2240 520 2274 classes
538 2240 710 2284 immittit,
733 2245 838 2285 atque
861 2240 1042 2274 universas
1063 2240 1147 2285 igne
1172 2240 1354 2274 consumit.
1402 2252 1446 2273 ex
1467 2252 1536 2294 qno
1556 2240 1612 2274 in-

157 2286 321 2332 gentibus
343 2285 464 2340 spoliis
487 2286 611 2330 ditati,
642 2286 778 2320 illorum
808 2286 913 2320 armis
934 2298 977 2321 ac
998 2291 1190 2320 comeatu
1207 2286 1245 2321 in
1266 2297 1347 2319 suas
1370 2297 1478 2320 naves
1499 2286 1613 2331 impo—

158 2333 247 2376 sito,
277 2333 321 2365 ad
344 2331 587 2375 imperatorem
605 2333 767 2366 redeunt.

250 2378 320 2412 Per
339 2377 432 2430 idem
449 2382 584 2421 tempus
605 2378 750 2421 Sergius
771 2378 940 2423 patricius
961 2377 1104 2412 Siciliae
1125 2378 1206 2421 dux,
1230 2380 1266 2412 et
1286 2377 1347 2421 qui
1364 2377 1402 2411 in
1423 2376 1616 2411 Occidente

158 2428 278 2467 erant,
302 2422 416 2467 ignari
436 2433 525 2467 quae
548 2422 591 2455 ad
615 2422 822 2466 Byzantium
845 2424 1062 2467 acciderant,
1087 2428 1191 2468 atque
1209 2423 1429 2467 imperatoris
1450 2423 1555 2457 rebus
1578 2422 1615 2456 in

157 2474 257 2504 tanta
279 2469 428 2503 hostium
449 2467 647 2502 incursione
672 2469 879 2513 desperatis,
906 2471 1077 2513 quendam
1101 2481 1145 2503 ex
1165 2468 1386 2521 apparitione
1409 2467 1527 2513 Sergii
1551 2468 1616 2502 im—

156 2519 355 2560 peratorem
385 2514 619 2556 constituunt,
654 2514 820 2558 Gregorii
842 2520 1091 2559 cognomento,
1125 2513 1333 2558 onomaguli
1355 2514 1482 2558 filium,
1514 2525 1614 2558 quem

157 2565 287 2594 mutato
311 2560 449 2594 nomine
471 2559 654 2593 Tiberium
671 2559 858 2603 appellant.
907 2560 962 2595 his
984 2541 1112 2595 auditis
1135 2561 1324 2605 imperator
1341 2559 1484 2594 Paulum
1502 2560 1612 2605 patri-

159 2606 250 2639 cium
278 2605 419 2639 Siciliae
449 2605 626 2650 praeficit,
661 2615 763 2649 quem
790 2605 896 2639 fidum
925 2606 996 2640 sibi
1019 2612 1056 2641 et
1077 2606 1295 2640 coniunctum
1326 2605 1477 2640 habebat
1498 2618 1540 2640 ac
1561 2605 1615 2639 rei

158 2650 304 2685 bellicae
327 2651 496 2695 peritum,
520 2661 666 2694 eumque
688 2655 809 2684 contra
826 2650 991 2686 Basilium
1011 2652 1130 2686 mittit.
1177 2651 1277 2685 huius
1295 2652 1447 2686 adventu
1465 2651 1612 2695 Sergius

158 2697 203 2730 ad
226 2696 478 2740 Longobardos
509 2696 678 2740 confugit.
727 2701 763 2730 at
787 2696 914 2731 Paulus
942 2697 1152 2732 insularibus
1181 2697 1401 2751 congregatis
1422 2697 1610 2742 imperato-

158 2741 209 2776 ris
240 2741 405 2786 epistolas
437 2741 541 2786 legit3
576 2743 701 2786 quibus
734 2742 928 2777 confirmati
958 2742 1162 2788 imperatori
1191 2742 1342 2778 feliciter
1372 2743 1611 2784 acclamantes,

159 2786 325 2822 Basilium
348 2792 384 2822 et
410 2787 539 2822 electos
557 2789 602 2822 ab
621 2799 663 2822 eo
687 2787 907 2832 magistratus
929 2789 1067 2824 vinctos
1093 2789 1261 2824 offerunt.
1302 2788 1430 2823 Paulus
1454 2786 1610 2830 Georgio

159 2834 308 2878 quodam
329 2838 366 2868 et
385 2832 464 2868 aliis
486 2833 704 2879 interfectis,
726 2844 845 2870 eornm
861 2835 979 2882 capita
999 2836 1044 2871 ad
1066 2833 1307 2882 imperatorem
1326 2835 1451 2879 mittit,
1473 2839 1610 2869 ceteros
