1890 3224
255 184 277 229 1
285 184 347 229 30
840 184 1118 238 QUERCIUS

249 295 394 334 Christi
416 297 509 336 618.
569 307 621 332 ex
643 294 826 332 omnibus
851 293 959 333 hisce
987 295 1208 334 auctoribus
1236 296 1330 334 satis
1362 297 1488 348 liquet
1513 295 1587 335 hoc
1617 298 1701 348 pri-

249 366 361 390 mum
376 353 527 389 bellum
545 351 778 400 Abaricum,
818 353 882 390 vel
907 354 1039 403 potius
1061 351 1400 404 depraedatoriam
1421 354 1704 402 incursionem,v

250 416 378 446 actam
399 421 503 455 esse,
541 421 634 445 cum
662 406 792 446 adhuc
811 409 1015 446 Heraclius
1048 410 1090 445 in
1120 409 1217 446 urbe
1247 416 1489 458 versaretur,
1531 423 1576 447 ac
1597 423 1700 447 anno

245 478 405 517 prorsus
423 465 581 515 imperii
606 465 715 502 illius
735 467 760 505 9
783 471 821 502 et
842 463 988 502 Christi
1007 466 1101 513 619,
1123 467 1302 517 quamvis
1320 467 1481 516 Pagius‚'
1511 479 1601 503 cum
1619 466 1701 503 dis-

246 521 420 560 sidentes
439 521 544 558 inter
566 534 607 558 se
631 523 879 572 cognovisset
897 528 1097 558 auctorem
1113 520 1286 559 chronici
1296 519 1503 559 Paschalis'
1514 529 1552 559 et
1562 521 1702 560 Theo-

247 577 444 629 phanem,
483 578 527 614 in
554 590 703 614 annum
732 579 811 619 621
834 577 877 615 id
901 577 1159 615 reiiciendum
1181 580 1389 629 putaverit.
1449 578 1520 616 sed
1539 577 1703 616 dubium

247 634 489 672 sustulerunt
503 635 688 672 Petavius
713 634 755 670 in
783 636 887 673 notis
915 633 967 671 ad
981 633 1251 685 Nicephorum
1272 642 1310 672 et
1327 636 1503 673 Mansius
1531 637 1572 672 in
1599 636 1704 672 notis

247 690 300 727 ad
318 691 549 727 Barouium-
609 686 879 740 φιλόπλουτον
899 687 1015 743 χάριν
1045 704 1175 728 annua
1194 704 1276 729 non
1299 690 1419 729 modo
1438 692 1584 728 tributa
1603 704 1705 742 pen-

248 746 341 784 dere
365 747 560 784 Abaribus
579 760 660 784 non
680 748 908 798 neglexisse
926 748 1154 785 Heraclium
1167 777 1177 796 ‚
1208 746 1279 785 sed
1297 750 1418 784 etiam
1438 761 1605 785 munera
1626 749 1706 786 mi-

250 805 349 841 sisse
377 802 535 841 videtur
561 801 627 840 hic
661 802 842 844 adserere
866 803 1025 841 Pisida:
1066 803 1172 841 unde
1192 803 1381 841 ridendus
1400 806 1508 841 venit
1527 805 1707 854 superius

250 867 491 897 memoratus
511 858 728 909 Otrokocsi‚
761 862 830 912 qui
851 874 941 897 cum
960 873 1038 912 qua
1057 861 1210 897 ratione
1229 860 1276 897 ab
1295 858 1371 897 hac
1387 859 1552 911 perfidia
1575 866 1707 898 contra

251 916 479 954 Heraclium
499 929 590 954 suos
611 918 776 954 Hunnos
797 915 1052 965 defenderet,
1093 929 1175 954 non
1206 917 1445 966 invenisset,
1484 918 1539 954 ait
1556 929 1602 967 p.
1627 918 1710 956 219

251 987 314 1010 eos
328 973 413 1011 ideo
434 980 555 1009 motos
563 972 718 1023 fiiis-se,
758 973 868 1024 quod
895 973 1071 1010 viderent
1095 986 1136 1009 se
1165 973 1235 1010 diu
1261 974 1499 1025 quiescentes
1517 973 1712 1010 contemni

253 1037 291 1066 et
304 1028 537 1080 posthaberi
556 1042 583 1065 a
603 1029 800 1067 Romani-s·
810 1038 826 1075 ‚'
866 1029 1089 1081 tribumque
1119 1042 1165 1066 ex
1188 1031 1376 1079 pactione
1397 1028 1524 1067 debito
1543 1029 1709 1080 defluu-

253 1087 358 1124 dari.
420 1092 460 1122 at
475 1083 612 1122 Pisida
642 1092 775 1122 contra
808 1085 979 1122 affirmat
1009 1086 1069 1122 nil
1092 1087 1331 1123 intentatum
1358 1087 1564 1138 reliquisse
1581 1087 1709 1122 Hera-

254 1144 376 1180 clium
388 1171 398 1190 ‚
424 1148 468 1179 ut
488 1154 626 1179 eorum
646 1141 909 1192 foedifragam
927 1148 1110 1179 naturam
1128 1142 1341 1190 emolliret3
1373 1141 1480 1194 quod
1498 1155 1592 1179 sane
1610 1139 1710 1178 mihi

254 1206 313 1236 est
331 1201 452 1236 etiam
472 1198 715 1248 probabilius
735 1197 787 1234 ad
808 1197 1049 1235 credendum
1062 1227 1072 1247 ‚
1110 1212 1157 1235 eo
1179 1197 1287 1250 quod
1311 1200 1396 1249 ipse
1422 1200 1637 1250 imperator
1661 1196 1709 1234 de

253 1254 359 1293 bello
383 1261 517 1292 contra
534 1256 674 1292 Persas
695 1253 893 1291 movendo
915 1253 1188 1291 tautummodo
1211 1255 1402 1291 sollicitus
1424 1262 1540 1292 esset.

368 1313 437 1351 99.
496 1310 674 1347 Abarum
708 1310 817 1347 fraus
850 1310 1061 1347 manifesto
1097 1311 1302 1347 evincitur.
1370 1311 1577 1348 Heraclius
1606 1310 1712 1346 enim

256 1365 383 1420 σχέσει
401 1368 600 1420 λογισμῶν
623 1364 813 1403 adhibitis
833 1367 1008 1417 primum
1022 1366 1309 1416 legationibus,
1347 1364 1416 1405 καὶ
1441 1366 1593 1419 δορεῶν
1608 1364 1713 1405 ’ὕπο-

255 1423 401 1476 σχέσει,
443 1430 482 1461 et
513 1421 657 1460 deinde
688 1423 892 1473 promissis
922 1421 1037 1460 donis
1068 1422 1224 1459 firmam
1245 1435 1335 1459 cum
1355 1423 1551 1460 Abaribus
1573 1434 1714 1474 pacem

255 1482 357 1518 inire
376 1478 588 1527 contendit,
612 1486 731 1531 atque
752 1478 795 1516 id
813 1492 893 1516 non
908 1479 1038 1516 verbis
1057 1486 1212 1516 tantum
1232 1478 1304 1516 sed
1320 1480 1440 1516 etiam
1457 1481 1602 1530 scripto
1620 1490 1714 1515 san-

257 1539 381 1574 citum
400 1543 471 1574 est.
529 1535 607 1573 hoc
633 1537 739 1572 enim
765 1542 862 1586 puto
889 1535 1110 1586 significare
1130 1548 1177 1572 ea
1198 1536 1319 1572 verba
1348 1539 1492 1575 πειθοῖ
1509 1533 1558 1574 τοὶ
1577 1536 1716 1588 πρῶτα

253 1592 324 1633 καὶ
347 1590 449 1647 λόγῳ
473 1589 521 1632 τὰ
541 1588 715 1644 δεύτερα.
774 1605 866 1629 vere
897 1593 1019 1641 igitur
1051 1591 1126 1628 sibi
1160 1592 1345 1628 societate
1381 1593 1607 1628 coniunctos
1646 1604 1714 1628 eos

254 1649 402 1687 habere
426 1647 576 1687 studuit
596 1648 816 1685 Heraclius.
877 1647 975 1699 quid
1004 1645 1112 1699 quod
1137 1645 1237 1684 haec
1255 1646 1416 1684 foedera
1433 1649 1519 1698 ipso
1538 1647 1714 1684 Abarum

255 1719 347 1757 rege
368 1704 556 1756 Chagano
577 1704 780 1755 flagitante
798 1706 875 1742 icta
893 1702 1015 1741 sunt?
1046 1716 1132 1740 rem
1145 1710 1278 1757 narrat
1291 1702 1538 1754 Nicephorus
1552 1717 1598 1754 p.
1617 1705 1658 1744 9.
1698 1731 1700 1733 »

369 1762 462 1803 105.
522 1761 573 1798 cf.
595 1763 731 1798 Horat.
750 1762 798 1797 A.
821 1763 934 1797 Poet.
956 1762 1052 1800 390.

370 1820 466 1860 108.
525 1815 667 1855 alludit
683 1816 735 1854 ad
755 1816 929 1854 iudicem
947 1817 1182 1867 iniquitatis,
1211 1814 1260 1853 de
1277 1829 1356 1868 quo
1376 1816 1480 1852 Luc.
1510 1815 1574 1855 18.
1604 1815 1715 1851 Ana-

256 1876 399 1914 stasius
422 1875 575 1912 Sinaita
597 1880 747 1925 quaest.
778 1872 856 1913 149
880 1871 1084 1909 diabolum
1104 1885 1196 1910 eum
1217 1885 1302 1910 esse
1321 1871 1440 1908 dicit:
1487 1869 1584 1908 deus
1609 1872 1716 1907 enim

258 1938 393 1970 contra
411 1930 536 1968 iudex
550 1931 690 1979 iustus,
720 1930 832 1967 fortis
854 1936 892 1966 et
911 1929 1151 1979 longanimis
1169 1935 1243 1966 etc.
1285 1941 1330 1965 ac
1349 1927 1529 1966 diabolus
1551 1926 1716 1979 quidem

259 1987 369 2040 apud
387 2001 439 2026 ss.
458 1995 589 2038 patres
607 1999 725 2038 saepe
741 1982 920 2038 πονηρὸς
939 1984 1062 2023 audit.
1523 2014 1526 2016 >

376 2046 469 2084 110.
527 2045 704 2094 legerem
731 2043 971 2094 μελανθίας,
1026 2039 1134 2094 quod
1162 2053 1310 2077 nomen
1338 2038 1506 2076 deduxit
1528 2037 1663 2076 Pisida
1693 2050 1715 2075 a

262 2102 398 2152 planta
418 2099 636 2138 melanthio
660 2101 742 2137 sive
759 2099 922 2148 nigella,
953 2097 1002 2134 de
1023 2111 1100 2150 qua
1117 2094 1366 2134 Dioscorides
1388 2099 1413 2137 3
1438 2096 1491 2136 93
1514 2102 1552 2132 et
1576 2093 1715 2132 Theo-

262 2156 446 2208 phrastus
466 2159 492 2196 7
516 2158 565 2197 9:
595 2154 803 2193 melanthii
821 2156 967 2206 quippe
988 2167 1124 2192 semen
1141 2153 1403 2203 nigerrimum
1423 2158 1495 2188 est.

378 2214 471 2254 112.
528 2211 620 2249 vide
636 2214 849 2248 Erasmum
867 2210 1009 2261 Adag.
1035 2224 1079 2261 p.
1114 2212 1212 2251 169:
1257 2208 1495 2258 Aethiopem
1515 2206 1649 2253 lavas,
1681 2214 1718 2243 et

259 2283 303 2320 p.
328 2269 410 2312 947
423 2281 434 2306 ε
463 2267 659 2318 Aethiops
675 2282 754 2304 non
772 2266 948 2304 albescit.
1523 2296 1525 2298 .

382 2327 473 2365 113.
530 2325 670 2361 merito
692 2322 989 2360 fraudulentum
1017 2328 1054 2358 et
1074 2335 1166 2359 vere
1191 2319 1431 2359 diabolicum
1453 2320 1631 2358 Abarum
1651 2318 1715 2355 in—

265 2382 428 2432 genium
447 2381 623 2431 exagitat
641 2378 795 2417 Pisida:
839 2391 1046 2430 nunquam
1062 2380 1170 2414 enim
1188 2380 1339 2429 turpius
1361 2376 1459 2414 fides
1479 2376 1624 2413 violata
1643 2380 1714 2411 est.

265 2451 349 2474 rem
365 2443 455 2488 pete
477 2449 529 2473 ex
547 2435 707 2474 laudato
724 2433 944 2486 Nicephoro
964 2433 1062 2471 ibid.
1069 2449 1085 2482 ;
1126 2435 1189 2471 cui
1209 2440 1425 2473 consonant
1446 2438 1581 2469 auctor
1599 2428 1717 2467 chro-

263 2494 342 2530 nici
363 2491 579 2541 paschalis,
611 2500 649 2530 et
671 2490 954 2542 Theophanes.

379 2551 474 2592 121ι
528 2550 711 2600 imperita
741 2546 938 2601 quaedam
956 2559 1098 2583 manus
1117 2542 1233 2594 δόλος
1255 2547 1296 2582 in
1317 2541 1445 2592 δόλως
1466 2543 1655 2581 convertit
1677 2543 1718 2579 in

266 2604 420 2653 codice,
461 2607 574 2657 quasi
591 2619 671 2643 vox
691 2601 891 2657 βάρβαρος
914 2604 964 2641 sit
984 2604 1141 2653 generis
1160 2601 1415 2649 substantivi,
1458 2613 1560 2652 quae
1585 2606 1717 2637 tamen
1731 2640 1747 2646 ὲ

267 2662 423 2713 saepius
441 2663 608 2699 occurrit
625 2675 696 2713 pro
715 2660 1115 2710 adiectivo‘usurpata
1129 2687 1139 2707 ,
1168 2665 1212 2695 ut
1234 2671 1272 2696 v.
1292 2658 1386 2699 109.

382 2720 475 2759 122.
533 2720 682 2755 scelera
700 2725 738 2755 et
756 2717 922 2768 flagitia,
963 2716 1107 2767 quibus
1128 2721 1222 2751 tunc
1244 2714 1434 2764 temporis
1455 2711 1719 2750 obruebantur

269 2775 488 2825 Cpolitani‚
519 2776 659 2812 tacitus
680 2776 816 2825 carpit.
875 2785 991 2823 porro
1014 2770 1237 2818 Cedrenus,
1268 2782 1389 2822 quam
1416 2775 1547 2806 essent
1575 2767 1721 2804 civium

270 2832 447 2868 onmium
477 2826 621 2881 perditi
653 2844 806 2880 mores,
849 2829 944 2867 satis
977 2825 1146 2866 ostendit
1176 2839 1340 2864 narrans
1368 2839 1412 2876 p.
1437 2824 1518 2866 407
1542 2827 1722 2861 sanctum
