1890 3224
592 158 852 202 PERSICAE
885 158 1158 203 ACROASIN
1191 159 1244 203 Π.
1555 161 1648 208 109

302 270 397 309 288.
435 266 724 326 Theophanes
739 284 788 320 Ρ.
817 268 921 311 285:
955 272 1073 310 τοῦτο
1095 267 1299 336 μαθόντες
1312 269 1354 310 οἱ
1369 267 1566 323 βάρβαροι
1591 271 1648 319 εἰς

191 324 399 377 ῥαθυμίαν
423 319 558 378 ἦλθον
578 328 636 380 τῷ
655 322 942 379 α’προσδοκήτῳ
962 330 1034 378 τῆς
1052 323 1196 367 τούτου
1219 322 1387 367 εἰσόδου.

302 383 400 423 292.
457 382 615 449 καίριον
633 395 696 420 res
716 389 775 420 est
793 384 962 420 maximi
980 386 1173 421 momenti
1191 391 1229 421 et
1244 383 1391 421 fatalis.
1450 384 1646 424 Homerus

192 437 314 476 Iliad·
339 441 366 479 8
395 438 475 479 84:
506 434 674 489 μάλιστα
691 436 734 478 δὲ
749 436 909 489 καίριόν
924 439 1024 490 ἐστι,
1054 442 1225 478 maxime
1242 440 1359 478 letale
1378 438 1526 477 vulnus
1541 446 1609 477 est.

303 496 397 536 301.
455 494 547 532 vide
567 494 738 532 Acroas.
766 497 788 535 1
818 496 874 537 32
904 503 942 533 et
971 499 998 537 2
1025 497 1123 538 254.

302 552 398 592 303.
458 550 507 588 de
525 553 672 589 Xerxis
691 551 946 602 expeditione
962 560 1095 590 contra
1113 555 1284 591 Graecos
1301 550 1496 589 videndus
1516 552 1646 589 Hero-

191 605 307 645 dotus
327 606 397 644 lib.
420 610 446 648 7
467 615 505 645 et
525 607 723 647 Diodorus
743 609 901 647 Siculus
921 609 991 646 lib.
1017 611 1084 650 11.
1141 609 1277 648 Pisida
1299 607 1404 646 hanc
1431 606 1646 659 digressio—

190 676 284 700 nem
312 664 482 701 instituit
509 672 747 716 opportune,
778 673 822 703 ut
854 679 907 703 ex
932 668 1036 717 regis
1066 668 1278 704 Persarum
1298 666 1452 703 insania
1473 663 1646 701 Heraclii

189 720 287 771 imp.
309 722 352 756 111
372 734 414 758 re
434 721 597 758 militari
617 724 758 773 peritia
782 729 822 759 et
841 722 1050 774 prudentia
1069 724 1212 761 clarius
1234 724 1439 761 elucescat.

301 776 396 818 305.
451 776 570 815 Diod.
592 780 641 819 11
671 782 711 819 2.
768 778 989 818 Herodotus
1009 793 1167 832 quoque
1178 794 1224 830 p.
1242 782 1321 821 391
1341 777 1643 828 diligentissime

189 839 323 870 narrat
349 840 394 870 ut
422 834 542 871 fuerit
557 847 674 872 mons
692 834 818 874 Athos
839 837 1064 887 perfossus,
1095 843 1134 874 et
1151 851 1196 887 p.
1218 834 1302 877 394
1321 842 1365 873 ut
1385 834 1644 885 Hellesponto

188 889 308 927 fuerit
328 902 429 940 pons
448 897 749 942 superstructus.

301 947 396 987 306.
453 960 534 984 non
558 949 758 985 immerito
783 949 927 986 stultus
955 951 1111 986 Xerxes
1140 947 1304 995 dicitur,
1330 949 1400 999 qui
1422 952 1580 998 praeter
1598 958 1642 983 ea

190 1014 292 1053 quae
315 1002 364 1038 ab
391 1015 438 1040 eo
462 1005 696 1055 insipienter
715 1012 826 1055 gesta
847 1005 970 1043 fuisse
990 1006 1172 1043 observat
1188 1003 1346 1053 Pisida,
1371 1002 1644 1041 innumerabi-

187 1058 246 1095 les
272 1060 429 1108 copias,
461 1073 559 1112 quas
580 1059 757 1112 undique
778 1062 964 1099 collectas
985 1075 1120 1100 secum
1141 1060 1382 1109 adduxerat,
1415 1059 1492 1097 sibi
1513 1060 1644 1109 impe-

189 1112 365 1150 dimento
384 1115 536 1150 futuras
557 1125 638 1150 non
659 1117 923 1163 praevlderat.

299 1170 394 1210 309.
451 1171 634 1221 quamvis
662 1171 818 1208 Xerxes
849 1172 891 1206 in
923 1172 1055 1208 animo
1086 1168 1253 1207 haberet
1286 1168 1335 1206 de
1366 1177 1447 1208 tota
1479 1171 1643 1207 Graecia

188 1223 454 1276 triumphare,
501 1223 605 1262 nihil
634 1232 770 1262 tamen
802 1225 1004 1264 ardentius
1034 1227 1248 1278 exoptabat
1276 1239 1398 1277 quam
1429 1227 1644 1277 Spartanos

189 1283 435 1332 opprimere,
464 1294 562 1333 quos
588 1284 726 1320 ceteris
750 1295 835 1320 esse
860 1283 1043 1321 fortiores
1064 1284 1329 1322 intellexerat.
1386 1284 1644 1319 Demaratum

189 1339 295 1375 enim
308 1367 318 1386 ,
348 1339 418 1389 qui
447 1338 731 1389 Spartanonnn
754 1353 828 1377 rex
847 1340 997 1389 fuerat,
1029 1347 1126 1377 tunc
1145 1340 1327 1377 exsulem
1349 1337 1456 1390 apud
1472 1352 1515 1376 se
1535 1337 1644 1376 deri-

187 1401 313 1442 serat,
344 1393 453 1446 quod
471 1396 736 1447 interrogatus
755 1409 806 1433 an
824 1398 966 1434 Graeci
982 1398 1102 1434 tantis
1116 1397 1216 1434 belli
1231 1396 1381 1433 viribus
1403 1397 1642 1444 resisterent,

186 1423 313 1488 libere⁷
340 1450 566 1502 respondit:
598 1449 914 1505 Λακεδαιμόνιοι
944 1456 1090 1506 μοῦνοι
1116 1469 1193 1494 ουκ
1221 1448 1342 1492 ἔστι
1317 1467 1423 1500 οκως
1439 1450 1530 1492 κοτὲ
1546 1448 1644 1499 σούς

187 1506 368 1556 δέξονται
383 1506 552 1562 λόγους,
580 1506 833 1562 δουλοσύνην
853 1509 1046 1563 φέροντας
1063 1512 1114 1566 τῇ
1130 1506 1298 1550 Ἑλλάδι.
1358 1507 1506 1547 Herod.
1525 1507 1596 1545 lib.
1617 1510 1643 1548 7
1694 1558 1699 1560 Π

180 1578 227 1615 P
249 1562 393 1661 41ξ10.
450 1622 632 1659 Isocratis
665 1622 903 1660 sententiam
927 1624 970 1659 in
995 1623 1199 1673 Panegyr.
1229 1619 1386 1659 videtur
1406 1622 1543 1679 paucis
1570 1633 1644 1657 ex·-

186 1677 376 1728 pressisse
406 1676 554 1717 Pisida.
613 1679 697 1716 eius
729 1679 849 1716 verba
879 1677 980 1715 haec
1008 1685 1126 1716 sunt.
1156 1675 1202 1725 ὃς
1226 1677 1283 1725 εἷς
1304 1681 1496 1718 τοσοῦτον
1513 1671 1644 1727 ἦλθεν

186 1731 468 1800 1ὑ“περηφανίσ,1ις
487 1730 586 1773 ὥστε
605 1731 746 1787 μικρὸν
768 1733 840 1785 μὲν
857 1731 1113 1787 ἡγησάμενος
1133 1733 1250 1787 ἔργον
1266 1730 1370 1774 εἶναι
1386 1732 1462 1785 τὴν
1475 1730 1645 1773 Ἑλλάδα

186 1785 479 1857 χειρωσασθαι,
507 1790 725 1856 βουληθεὶς
742 1788 786 1831 δὲ
802 1793 985 1831 τοιοῦτον
1003 1794 1197 1843 μνημεῖον
1213 1787 1470 1830 καταλιπεῖν
1461 1788 1483 1831 ὂ
1502 1787 1557 1842 μὴ
1572 1792 1646 1841 τῆς

188 1842 454 1898 ἀνθρωπίνης
478 1842 644 1896 φύσεώς
664 1846 783 1887 ἐστιν

301 1904 397 1943 311
452 1900 560 1940 hunc
574 1916 734 1941 versum
753 1904 811 1941 510
824 1903 1026 1954 legimus
1014 1916 1056 1940 111
1075 1900 1200 1940 Suida
1217 1915 1256 1939 v.
1275 1900 1417 1953 τέλμα·
1446 1903 1582 1953 χερσοῖ
1595 1896 1644 1940 τὰ

187 1958 356 2011 ῥεῖθρα,
381 1961 570 2011 τελματοῖ
587 1957 631 2000 δὲ
649 1957 744 2008 τούς
763 1961 917 2008 λίθους.
973 1959 1088 1997 nobis
1112 1966 1215 1996 certe
1231 1959 1362 2009 placet
1379 1959 1509 2009 potius
1529 1959 1643 1994 iuxta

188 2014 367 2053 codicem
392 2016 527 2066 legere
555 2017 749 2068 ῤἐυματοῖ
772 2030 893 2069 quam
913 2019 1100 2068 τελματοῖ
1114 2028 1207 2053 011111
1226 2014 1362 2054 Suida.
1421 2027 1514 2051 cum
1535 2014 1644 2050 0111111

187 2070 324 2110 Pisida
338 2071 490 2110 alludat
507 2071 559 2110 ad
575 2074 725 2111 fossam
741 2086 862 2126 quam
879 2073 964 2111 fieri
981 2074 1096 2111 iussit
1111 2075 1290 2120 Xerxes,
1319 2078 1363 2109 ut
1382 2084 1497 2109 mons
1514 2068 1642 2107 Athos

188 2141 213 2165 a
241 2130 465 2167 continente
495 2129 808 2179 abscinderetur,
839 2132 924 2182 ipse
955 2143 1036 2167 non
1063 2131 1282 2182 τελματοῦν
1308 2143 1403 2175 τους
1428 2127 1571 2174 λίθους
1599 2127 1643 2162 in

188 2197 352 2223 coenum
375 2193 449 2223 aut
469 2186 513 2223 in
528 2187 724 2237 paludem
742 2201 842 2224 saxa
861 2188 1113 2232 convertisse,
1140 2184 1454 2236 5011ρευματουν
1460 2183 1644 2234 fluzdam

187 2241 404 2279 reddidisse
424 2249 587 2289 terram,
616 2245 779 2295 opinor,
810 2242 1001 2281 dicendus
1023 2250 1094 2283 est.
1154 2244 1210 2280 ita
1232 2243 1339 2278 enim
1356 2242 1500 2278 melius
1522 2239 1643 2279 ἐναν-

187 2295 364 2337 τιώσεων
381 2300 442 2336 vis
463 2305 501 2335 et
517 2301 604 2350 ipsa
622 2302 680 2338 rei
697 2302 841 2338 veritas
860 2301 1109 2352 exprimitur.
1167 2305 1278 2336 tanta
1295 2300 1403 2335 enim
1419 2298 1494 2334 fuit
1512 2296 1642 2333 fossae

187 2353 356 2392 latitudo
375 2362 414 2392 et
431 2357 614 2404 vastitas,
643 2364 688 2393 ut
711 2356 912 2395 Herodoto
934 2364 1032 2394 teste
1051 2357 1170 2393 binae
1190 2357 1370 2393 triremes
1389 2368 1410 2391 e
1425 2355 1548 2391 latere
1568 2352 1643 2390 sibi

187 2412 344 2448 iunctae
368 2425 572 2462 permeare
594 2419 633 2449 et
652 2415 772 2451 remis
787 2414 944 2464 impelli
961 2415 1175 2464 potuerint.
1230 2411 1463 2449 Aristoteles
1479 2408 1592 2447 Poet.
1614 2411 1640 2449 3

190 2468 267 2516 11,
297 2466 495 2506 disserens
523 2467 573 2506 de
603 2469 743 2507 formis
766 2470 910 2521 quibus
927 2472 1114 2508 orationis
1134 2469 1337 2506 conficitur
1354 2479 1565 2514 numerus,
1594 2478 1640 2501 ac

187 2536 261 2574 per
287 2520 476 2565 οἷντίθετα
502 2526 620 2563 11111111
645 2527 824 2563 maxime
851 2528 1035 2564 constitui
1061 2525 1295 2572 decernens,
1323 2526 1427 2561 inter
1449 2517 1640 2563 ἐναντιω-

191 2591 293 2619 σεων
324 2582 531 2650 exempla,
561 2595 662 2635 quae
691 2583 863 2634 profert,
893 2585 1134 2621 Isocrateum
1153 2581 1258 2619 illud
1273 2583 1361 2619 loco
1384 2593 1502 2631 supra
1523 2580 1640 2616 citato

193 2634 350 2674 laudat:
381 2652 429 2678 ου
450 2635 647 2691 πρότερον
667 2635 890 2689 ἕπαυσατο,
918 2639 1017 2692 πριν
1033 2640 1166 2691 ἐξεῦρε
1182 2637 1251 2678 καὶ
1267 2634 1587 2702 συνηναγκασεν,
1618 2649 1639 2672 ο

190 2688 336 2740 πάντες
355 2697 615 2746 θρυλλοῦσιν,
629 2692 729 2737 ὥστε
743 2698 798 2750 τῷ
815 2695 1064 2748 στρατοπέδω
1081 2698 1248 2736 πλεῦσαι
1263 2692 1335 2746 μὲν
1351 2691 1416 2734 διοέ
1434 2695 1505 2743 τῆς
1522 2687 1641 2741 η’πεί-

191 2763 266 2800 ρου
277 2777 287 2796 ,
317 2750 508 2796 πεζοῦσαι
522 2749 566 2792 δὲ
582 2750 650 2793 διὰ
668 2756 740 2805 τῆς
756 2737 978 2803 θαλάττης,
1005 2738 1077 2793 τδν
1094 2750 1166 2803 μὲν
1180 2748 1470 2802 Ἑλλήσποντον
1491 2744 1640 2795 ζεύξας,

191 2819 262 2845 τον
282 2801 322 2846 δ’
337 2803 453 2846 ’Ἄθω
471 2806 671 2862 διορύξας.
726 2810 949 2860 elegantem
967 2810 1148 2848 Isocratis
1166 2807 1269 2857 λέξιν
1289 2809 1409 2845 etiam
1428 2806 1563 2842 Cicero
1583 2808 1642 2840 est
