1838 3210
546 176 879 222 DESCRIPTIO
913 178 958 222 S
994 177 1244 224 SOPHIAE.
1520 178 1613 224 117

175 285 419 340 σταυρωθεὶς
435 284 536 340 νπὲρ
556 285 686 339 η’μαῖν,
713 285 826 328 noei‘
797 288 904 339 ημᾶς
921 285 964 328 έν
981 290 1031 342 τῇ
1049 283 1258 342 ὄρθοδόξςο
1280 286 1408 328 πίστει
1436 299 1509 327 σου
1526 288 1612 327 δια-

173 341 370 411 τήρησον,
406 343 474 383 καὶ
493 341 566 395 τήν
584 344 803 392 πολιτείαν,
839 340 893 395 ’ἣν
913 342 1012 395 ἡμῖν
1034 343 1282 393 ἐπίστευσας,
1322 343 1378 391 εἷς
1401 340 1476 394 τήν
1504 343 1613 384 ἰδίαν

175 412 248 441 σου
265 396 385 449 δόξαν
400 397 574 451 αὔξησον
591 398 658 440 καὶ
676 396 856 452 φύλαξον
873 399 1100 452 πρεσβειαις
1117 403 1187 452 τῆς
1203 399 1318 454 αγίας
1329 396 1526 441 θεοτόκου
1544 399 1613 440 καὶ

174 452 443 508 ἄειπαρθένου
465 451 663 509 Μαρίας.”
718 455 890 508 denique
909 468 1040 494 sacrae
1063 456 1287 508 Sophianae
1306 469 1467 494 mensae
1484 463 1613 494 mate-

173 515 272 551 riam
293 513 520 550 electi-inam
539 511 830 565 quodammodo
854 512 976 550 fuisse
998 511 1138 550 docent
1157 514 1355 551 Glossaria
1377 526 1480 561 mss,
1511 526 1614 565 quae

173 576 421 607 asservantur
439 570 481 606 in
499 568 738 607 bibliotheca
731 569 894 638 mRegia’
923 567 1038 607 codd.
1061 571 1154 618 930,
1188 571 1291 610 1688
1314 577 1352 606 et
1372 571 1502 611 2062·
1525 566 1615 620 ἤλε-

174 641 292 677 κτρον
312 622 498 695 χαλκωμα
509 622 704 678 καθαρόν,
722 621 750 677 ἢ
769 619 988 666 ἅλλὸτυπον
999 625 1162 677 χρυσίον
1173 624 1412 678 μεμιγμένον
1427 623 1529 679 ὖέλῳ
1546 624 1615 665 καὶ

174 683 326 732 λίθοις,
363 682 449 729 οιας
469 697 522 732 ην
541 683 785 732 κατασκευῆς
804 698 830 734 η
852 683 925 733 τῆς
942 679 1057 734 αγίας
1071 682 1228 733 Σοφίας
1245 679 1427 734 τραπεζα.
1482 695 1614 734 neque

174 751 284 776 sacra
313 737 506 776 duntaxat
532 737 640 776 aedis
659 737 884 789 Sophianae
914 750 1052 775 mensa
1078 751 1131 774 ex
1157 739 1318 790 liquatis
1345 738 1412 775 vel
1442 739 1615 776 contusis

172 796 355 846 pretiosis
377 793 571 832 eiusmodi
591 795 766 832 materiis
786 795 959 831 constitit
973 823 983 842 ‚
1013 792 1084 835 sed
1103 795 1222 832 etiam
1241 807 1287 831 ea
1305 807 1427 846 quam
1444 795 1488 831 in
1505 796 1617 832 Nova

175 864 198 887 a
216 865 258 889 se
277 849 432 888 condita
447 852 491 887 in
508 851 654 901 palatio
674 851 838 888 ecclesia
856 851 991 888 statuit
1010 851 1181 888 Basilius
1199 850 1384 899 Macedo,
1423 856 1466 888 ut
1483 857 1618 888 auctor

172 914 234 944 est
253 909 296 944 in
316 907 424 944 illius
443 908 524 944 vita
541 908 819 944 Constantinus
836 904 1211 958 Porphyrogenneta
1234 920 1268 944 c.
1291 906 1365 948 55:
1406 905 1475 946 καὶ
1498 902 1618 947 αὐταὶ

174 963 220 1004 αἱ
244 962 346 1014 ἱεραὶ
372 958 557 1033 τράπεζαι
581 961 622 1011 ἐξ
649 958 826 1017 οἷργύρου
853 959 983 1003 πάντα
1015 961 1321 1031 περικεχυμένον
1358 960 1516 1014 ἔχοντος
1551 959 1620 1002 τὸν

174 1016 327 1089 χρυσὸν
340 1018 410 1059 καὶ
437 1020 573 1066 λίθοις
594 1019 738 1070 τιμίοις
767 1018 810 1060 ἐκ
829 1021 1078 1073 μαργαριτῶν
1096 1015 1380 1070 ημφιεσμένοις
1395 1021 1621 1058 πολυτελῶν

173 1073 247 1126 τὴν
277 1072 477 1127 σύμπηξιν
506 1074 574 1115 καὶ
600 1087 789 1116 συστασιν
821 1074 988 1126 ἔχουσιν.
1047 1083 1086 1113 et
1104 1074 1270 1114 Photius
1293 1077 1335 1112 in
1357 1074 1618 1126 descriptione

175 1131 354 1170 eiusdem
380 1132 522 1183 templi
545 1144 726 1169 mensam
747 1132 855 1170 illius
881 1144 1032 1170 sacram
1062 1145 1132 1170 seu
1157 1132 1277 1172 θείαν
1302 1127 1497 1184 τραπεζαν
1523 1147 1620 1184 χρυ-

175 1191 250 1229 σοῦ
274 1204 312 1228 τι
335 1185 665 1240 θαυμασιώτερον
690 1183 882 1240 σύνθημα
907 1194 1032 1225 v.ocat
1118 1187 1190 1226 sed
1219 1201 1329 1226 sacra
1355 1186 1456 1225 haec
1480 1201 1622 1226 mensa

174 1247 347 1297 primum
369 1258 391 1287 a
410 1245 626 1283 Iustiniano
647 1244 822 1282 confecta
841 1257 933 1282 casu
951 1244 1112 1292 trullae,
1152 1246 1341 1297 quianno
1362 1244 1417 1284 32
1443 1244 1622 1282 eiusdem

174 1302 382 1340 Iustiniani
400 1299 554 1349 accidit,
585 1302 751 1338 contrita
776 1307 814 1337 et
835 1302 1078 1338 comminuta
1101 1307 1171 1349 est,
1201 1307 1245 1338 ut
1270 1299 1470 1338 cedrenus
1490 1303 1624 1338 Zona-

176 1371 238 1396 ras
257 1364 295 1396 et
312 1358 380 1395 alii
394 1356 568 1394 tradunt.
625 1355 732 1395 unde
754 1358 946 1394 coniicere
966 1363 1025 1394 est
1043 1358 1162 1394 aliam·
1184 1356 1362 1394 eiusdem
1378 1358 1566 1394 materiae
1585 1364 1624 1393 et

176 1415 307 1466 operis
326 1414 545 1452 confectam
565 1412 613 1450 ab
632 1414 720 1464 ipso
740 1414 981 1461 Iustiniano,
1011 1414 1080 1464 qui
1105 1412 1272 1451 eandem
1296 1426 1416 1465 quam
1437 1413 1480 1449 in
1501 1414 1623 1464 priori

175 1471 473 1521 inscriptionem
490 1470 632 1520 posuit,
663 1468 861 1522 siquidem
883 1470 926 1506 iu
948 1468 1121 1507 secunda
1146 1483 1279 1507 sacrae
1301 1482 1461 1507 mensae
1480 1470 1623 1507 inscri-

175 1529 315 1578 ptione
334 1524 571 1564 Theodorae
589 1527 746 1562 mentio*
760 1526 863 1562 facta
882 1527 933 1563 sit
958 1538 1074 1576 quae
1082 1533 1174 1564 ante
1195 1539 1330 1564 casum
1347 1526 1491 1563 trullae
1511 1526 1624 1563 obie-

176 1590 249 1621 rat.
306 1595 486 1621 mensam
503 1580 606 1618 hanc
626 1580 880 1632 postmodum
899 1580 1093 1632 direptam
1114 1589 1152 1620 et
1176 1584 1216 1619 in
1234 1589 1365 1633 partes
1385 1582 1625 1619 confractam

177 1653 201 1678 a
223 1640 408 1687 Francis,
437 1639 505 1690 qui
531 1637 686 1707 Cpolim
713 1644 990 1688 expugnarunt
1020 1651 1121 1676 auno
1151 1636 1280 1687 1204,
1322 1636 1442 1675 tradit
1469 1639 1626 1676 Nicetas

176 1698 267 1735 loco
285 1697 421 1734 citato:
451 1710 478 1746 η
501 1692 574 1745 μὲν
595 1688 669 1734 οὖν
689 1691 850 1745 θυωρὸς
869 1692 1040 1747 τράπεζα
1059 1717 1111 1723 —
1131 1695 1442 1763 κατετεμαγίσθη
1463 1693 1531 1734 καὶ
1548 1694 1628 1734 διε-

173 1753 348 1821 μερίσθη
371 1755 456 1799 τοῖς
473 1752 722 1799 σκυλευταῖς,
763 1763 901 1817 ωσπερ
914 1750 981 1792 καὶ
998 1753 1169 1800 πλοῦτος
1189 1766 1297 1798 απας
1315 1766 1335 1791 ο
1358 1747 1461 1803 ἱερὸς
1479 1753 1625 1791 τοσοῦ·
1647 1760 1676 1795 Ρ
1702 1759 1769 1796 563

178 1816 245 1856 τος
264 1805 308 1848 τὸ
330 1810 489 1859 πλῆθος
509 1805 576 1846 καὶ
592 1821 665 1858 την
687 1803 856 1859 αγλαΐαν
877 1802 1109 1858 ἀπέραντος.

293 1861 360 1904 54-
394 1863 537 1902 Sacra
557 1875 672 1913 porro
689 1875 826 1900 mensa
844 1861 1046 1913 Sophiana
1066 1862 1182 1898 altius
1201 1859 1341 1898 educta
1365 1867 1467 1909 erat,
1510 1868 1548 1898 et
1577 1860 1629 1899 ad

182 1933 285 1960 eam
293 1918 479 1971 gradibus
509 1920 660 1971 aliquot
685 1918 998 1970 perveniebatur.
1064 1916 1237 1955 Codinus
1269 1930 1320 1954 ex
1351 1917 1448 1954 bibl.
1481 1919 1627 1967 Regia:

179 1977 367 2028 ἐποίησεν
387 1972 662 2023 Ἰουστινιανος
677 1971 906 2043 ὁλόχρυσον,
935 1973 1004 2014 καὶ
1016 1970 1091 2026 τήν
1114 1970 1262 2013 σκᾶλαν
1283 1973 1325 2013 ἐν
1343 1969 1494 2027 κύκλῳ,
1523 1971 1628 2014 όπου

180 2035 360 2074 ’ἵστανται
378 2032 420 2072 οἷ
437 2032 554 2098 ἱερεῖς
571 2031 627 2079 εἰς
646 2028 689 2071 τό
713 2027 962 2078 ἆσπαζεσθαι
979 2045 1052 2081 την
1071 2025 1183 2079 ίεραν
1199 2025 1408 2082 τραπεζαν.
1437 2030 1506 2067 ubi
1520 2031 1628 2067 Goa-

181 2104 250 2128 rus
270 2090 451 2128 observat
466 2084 612 2136 σκάλας
629 2088 787 2126 Graecis
806 2085 1008 2125 hodiernis
1028 2085 1172 2137 gradus
1192 2086 1397 2137 appellari.
1436 2084 1530 2123 hinc
1547 2087 1626 2137 Sy-

181 2159 300 2184 meon
323 2145 372 2183 de
391 2145 586 2197 Templo:
616 2143 684 2184 καὶ
704 2142 928 2200 ἐπῃρμένον
946 2140 990 2184 δὲ
1006 2141 1074 2183 καὶ
1091 2138 1367 2197 λαμπρότατον
1389 2138 1628 2194 (θυσιαστή-

182 2204 290 2255 ριον)
310 2218 364 2250 ως
378 2199 530 2254 θρόνος
546 2202 660 2241 θεοῦ.

296 2259 364 2300 55.
420 2260 557 2310 Neque
587 2255 772 2308 gradibus
800 2254 996 2294 duntaxat
1024 2255 1218 2294 excelsior
1245 2261 1327 2292 erat
1355 2267 1464 2293 sacra
1490 2268 1629 2294 mensa

182 2317 443 2361 Iustinianea‚
481 2313 552 2351 sed
581 2321 619 2368 et
643 2314 771 2351 aureis
799 2313 993 2351 columnis
1023 2313 1162 2350 innixa
1191 2318 1230 2348 et
1250 2318 1464 2349 sustentata
1481 2310 1629 2349 funda-

182 2379 317 2410 mento
340 2369 505 2425 perinde
527 2366 645 2408 aureo
662 2369 929 2407 incumbebat.
979 2369 1228 2407 Silentiarius
1246 2375 1348 2419 part.
1369 2370 1397 2409 2
1413 2382 1452 2407 v.
1470 2369 1573 2411 335:

399 2426 507 2467 κίοσι
521 2424 564 2468 δὲ
583 2425 766 2479 χρυσέαις
783 2425 893 2480 ἱερῆς
915 2421 1122 2496 πάγχρυσα
1137 2423 1329 2477 τραπέζης

398 2485 507 2523 νῶτα
522 2482 816 2551 κατηρείσαντο,
846 2497 946 2523 κατα
966 2479 1143 2535 χρυσέων
1157 2495 1198 2521 τε
1215 2479 1414 2532 θεμείλων

399 2539 566 2589 ἵσταται,
595 2535 778 2590 ἀφνειῶν
797 2552 839 2579 τε
857 2539 988 2579 λίθων
1006 2538 1244 2579 ποικίλλεται
1261 2535 1388 2607 αἴγλῃ.

185 2596 441 2647 Anonymus:
469 2593 738 2637 ’ὑποκάτωθεν
757 2592 799 2635 δὲ
814 2610 962 2647 ταυτης
978 2593 1114 2646 ἔστησε
1132 2594 1270 2640 κίονας
1291 2591 1360 2632 καὶ
1377 2605 1527 2639 αυτους
1545 2589 1632 2631 ολο-

184 2648 356 2704 χρύσους
373 2649 468 2703 μετὰ
485 2653 616 2692 λίθων
633 2653 869 2692 πολυτελῶν.
925 2650 999 2690 has
1020 2651 1203 2688 altarium
1221 2649 1429 2687 columnas
1440 2654 1484 2686 ut
1504 2648 1631 2699 pluri-

185 2721 296 2744 mum
319 2709 540 2760 amplexari
559 2709 740 2746 solebant
766 2709 835 2760 qui
853 2707 1132 2758 confugiebant
1156 2707 1198 2742 iu
1222 2704 1340 2743 aedes
1360 2717 1490 2742 sacras
1510 2703 1633 2740 veluti

185 2762 265 2801 ad
254 2777 321 2815 as)
325 2764 423 2801 lum.
466 2763 734 2816 Theophanes
754 2763 803 2801 de
822 2777 924 2816 papa
943 2764 1102 2816 vigilio,
1131 2762 1295 2813 p.191:
1326 2759 1347 2802 ὅ
1369 2759 1412 2801 δὲ
1433 2757 1636 2825 φοβηθεις

184 2836 259 2873 την
288 2816 413 2874 ὅργην
443 2822 515 2861 τοῦ
542 2819 732 2873 βασιλέως
758 2823 814 2876 τῷ
839 2819 1112 2874 θνσιαστηρίω
1134 2818 1304 2870 Σεργίου
1332 2819 1406 2858 τοῦ
1436 2829 1637 2870 μαρτυρος
