1838 3210
233 154 326 199 120
802 155 882 199 DU
917 154 1101 199 CANGII

227 262 352 302 divisa
371 269 466 313 erat,
497 275 598 316 quae
619 274 774 301 sursum
794 275 880 300 sese
900 262 1099 300 efferentia
1119 263 1262 314 trigoni
1287 276 1427 315 supera
1446 269 1554 314 parte
1576 263 1666 300 lon-

225 321 343 370 gioris
376 321 532 371 singula
559 320 732 371 speciem
765 318 999 357 efficiebant.
1064 317 1135 357 sed
1165 326 1336 371 praestat
1369 322 1500 372 ipsum
1531 318 1665 357 audire

225 377 509 414 silentiarium.

390 429 523 482 υψόθι
544 425 585 470 δ’
607 427 769 480 οἱψίδων
787 426 1030 472 ἆνατείνεται
1048 425 1115 472 οἶα
1131 445 1171 471 τε
1188 426 1322 472 κοίνου

391 488 563 535 εἴκελον,
593 481 683 525 ἀλλ’
703 482 754 526 ου’
774 482 944 540 πάμπαν
963 486 1140 555 ὁμοίιον·
1171 483 1220 528 ου’
1238 484 1311 539 γὰρ
1329 485 1469 528 ἑλίσσει

390 540 549 583 νειόθεν
570 537 779 585 εὕκύκλοιο
799 544 1032 612 περίτροχον
1051 540 1198 596 ἄντυγα
1215 542 1343 594 πέζης

79 600 109 635 Ρ
134 602 201 638 570
391 594 490 640 αλλα
508 614 566 646 τις
584 593 850 668 ὄκτάπλευρος
867 598 943 650 ἔφυ
951 597 1101 667 βοῖσις,
1129 598 1171 639 ἐκ
1192 597 1235 639 δὲ
1253 593 1450 639 κελεύθου

392 650 605 724 εὖρυτέρης
622 669 719 694 κατα
741 653 858 707 βαιὸν
877 655 917 703 ἐς
938 651 1009 704 ὀξυ
1019 650 1227 722 κόρυμβον
1249 652 1423 708 ανέρπει.

394 706 498 751 ὄκτω
517 706 558 751 δ’
578 706 774 764 ἄργυρέας
795 707 931 752 τανύει
950 707 1124 761 πλακας,
1155 710 1348 763 ἁρμονίης
1367 709 1410 751 δὲ

391 765 651 834 ζευγνυμένης
671 764 806 820 δολιχῆ
829 764 945 833 ῥὀίχις
955 767 1129 815 ι’σταται,
1161 767 1205 807 αἱ
1221 765 1263 807 δὲ
1277 781 1482 820 τριγωνοις

390 820 591 873 εἰδόμεναι
612 824 796 876 μίσγουσι
814 820 965 876 πόρους
987 819 1199 874 ὅκταζυγος
1218 823 1336 874 οῖ’μου

390 879 446 927 εἰς
465 879 511 919 ἓν
531 875 811 932 ἅγειρομένους
827 882 1008 932 κορυφῆς
1026 877 1198 931 σημήϊον
1215 876 1351 931 ἄκρης.

224 934 279 970 ita
308 940 440 972 autem
471 948 602 973 sacrae
631 948 792 973 mensae
820 936 1054 974 imminebat
1084 936 1286 982 ciborium,
1328 941 1385 971 ut
1397 940 1522 972 totam
1550 934 1665 973 illam

218 990 342 1027 veluti
368 992 521 1029 caelum
548 998 788 1042 contegeret,
831 993 960 1044 inquit
987 993 1205 1029 Germanus
1232 989 1454 1042 patriarcha
1483 991 1567 1028 CP:
1594 990 1666 1031 καὶ

221 1060 277 1092 ως
296 1042 470 1100 ου’ρανδν
489 1044 560 1099 μὲν
581 1063 623 1088 το
646 1044 857 1089 ἕποὶνωθεν
875 1051 946 1098 τῆς
964 1046 1078 1101 αγίας
1096 1046 1284 1098 τραπέζης
1312 1043 1477 1114 ορόφιον
1486 1043 1665 1115 ἀπαρτί-

220 1102 367 1150 ζουσιν.
423 1102 587 1141 Photius
617 1105 660 1141 in
689 1103 872 1155 descript.
898 1106 1031 1142 Novae
1060 1104 1271 1141 ecclesiae:
1311 1101 1377 1142 καὶ
1402 1098 1532 1151 αὕτός
1541 1118 1562 1143 ο
1583 1117 1666 1142 κω-

219 1155 379 1209 νοειδὴς
395 1158 461 1198 και
481 1162 531 1213 τῇ
550 1159 643 1214 θεία
658 1158 825 1228 τραπέζα
844 1159 1088 1211 ἐπικείμενος
1103 1155 1177 1198 συν
1195 1162 1280 1207 τοῖς
1296 1156 1551 1208 ὑπερείδουσι
1571 1170 1666 1198 στυ-

217 1214 370 1262 λίσκοις
387 1213 455 1254 καὶ
473 1211 696 1267 υπορόφοις
717 1212 880 1268 ὄροφος.
938 1228 1066 1268 neque
1086 1215 1200 1253 aliter
1224 1213 1454 1254 describitur
1473 1215 1666 1253 ciborium

217 1281 242 1305 a
257 1271 424 1308 Paulino
443 1271 472 1307 l.
498 1273 524 1311 2
547 1272 670 1322 epigr.
695 1275 742 1313 2:

383 1326 563 1364 divinum
582 1327 807 1365 veneranda
827 1334 966 1380 tegunt
982 1328 1131 1366 altaria
1138 1328 1289 1381 jbedus

434 1385 729 1436 comPOSl'tlSque
749 1398 863 1422 Sacra
884 1399 974 1422 cum
993 1400 1106 1423 6¹7le&
1125 1383 1377 1436 Hlartyrlblbs.
1660 1420 1661 1423 ,

218 1437 286 1474 ubi
308 1437 448 1478 alludit
469 1440 520 1478 ad
538 1454 668 1479 arcam
689 1443 936 1491 testamenti,
968 1444 1077 1480 cuius
1096 1441 1272 1490 adinstar
1289 1439 1478 1478 ciborium
1499 1436 1665 1476 adinve-

216 1506 311 1531 nere
332 1494 554 1545 Christiani,
576 1505 619 1535 ut
638 1497 973 1551 quemadmodum
994 1498 1147 1536 divinas
1165 1498 1321 1535 tabulas
1340 1503 1379 1533 et
1396 1497 1538 1533 veteris
1562 1496 1664 1547 legis

216 1549 376 1588 foedera
397 1552 623 1591 includebat
648 1561 686 1592 et
711 1555 910 1604 operiebat
931 1567 1041 1602 arca,
1077 1556 1133 1591 ita
1154 1566 1280 1591 novae
1299 1553 1401 1602 legis
1420 1559 1665 1596 sacramenta

217 1618 263 1642 ac
282 1610 469 1658 mysteria
486 1608 587 1646 illud
605 1616 827 1659 contegeret
845 1617 885 1647 et
902 1610 1142 1657 includeret3
1187 1607 1294 1661 quod
1321 1615 1360 1645 et
1389 1608 1617 1645 observatur
1641 1621 1666 1645 a

216 1662 412 1701 Germano
432 1663 653 1715 patriarcha
673 1666 747 1714 CP,
776 1666 846 1703 ubi
868 1664 916 1703 de
935 1667 1103 1704 cibmio:
1135 1664 1215 1706 ἔστι
1237 1662 1281 1705 δὲ
1301 1662 1370 1703 καὶ
1390 1678 1489 1703 κατα
1505 1661 1579 1714 τὴν
1598 1679 1665 1704 κι-

214 1716 342 1786 βωτόν
357 1722 428 1771 τῆς
445 1718 647 1791 διαθήκης
662 1721 818 1774 κυρίου,
846 1716 939 1762 ἐν
910 1724 935 1778 ῄ
957 1718 1150 1775 λέγεται’
1123 1737 1216 1773 αγια
1236 1719 1374 1775 ἁγίων,
1403 1719 1470 1759 καὶ
1490 1718 1665 1772 ἇγίασμα

216 1770 367 1824 αὐτοῦ,
398 1771 488 1816 ἐν
459 1793 485 1831 ῃ
504 1776 781 1829 προσέταξεν“’
758 1793 779 1817 ο
797 1775 896 1825 θεός
914 1777 1100 1831 γενέσθαι
1119 1774 1192 1818 δύο
1210 1776 1399 1829 χερουβιμ
1417 1774 1664 1828 ἑκατέρωθεν

213 1843 415 1883 τορνευτα.
473 1839 590 1884 atque
614 1832 707 1870 inde
729 1833 874 1870 ciboria
896 1846 1013 1885 supra
1034 1835 1170 1871 altaria
1193 1834 1319 1884 posita
1337 1833 1521 1883 legimus.
1549 1833 1663 1870 Ana-

212 1888 356 1925 stasius
374 1889 416 1924 in
438 1889 479 1926 S.
500 1888 738 1940 Symmacho
759 1891 848 1926 PP:
880 1890 950 1926 abi
965 1898 1000 1927 et
1018 1904 1135 1940 super
1152 1889 1279 1926 altare
1300 1888 1496 1927 ciburium
1516 1902 1663 1938 argen-

214 1949 319 1980 teum
323 1944 445 1995 fient,
470 1953 655 1995 pensant.
717 1944 840 1982 libras
861 1949 954 1987 120.
1011 1948 1053 1984 in
1074 1948 1206 1984 Leone
1228 1958 1277 1982 111
1305 1958 1345 1996 p.
1372 1947 1470 1986 132:
1488 1945 1619 1996 ficit·
1648 1967 1660 1973 ·

209 2012 328 2049 super
356 2000 485 2038 altare
513 2003 645 2039 maius
670 2001 862 2039 ciborium
889 2015 934 2038 ex
952 2009 1115 2053 argento
1126 2002 1359 2052 purissimo,
1394 2014 1510 2050 pens·
1535 2001 1661 2038 libras

209 2056 307 2095 212.
363 2057 488 2094 infra:
519 2057 590 2094 aba·
615 2065 651 2094 et
678 2057 820 2095 obtulit
848 2057 1037 2094 ciborium
1060 2071 1178 2107 super
1203 2057 1331 2097 altare
1356 2070 1447 2094 cum
1466 2056 1661 2095 columnis

209 2111 306 2147 suis.
366 2111 540 2149 ibidem:
572 2113 761 2150 ciborium
779 2126 867 2150 vero
888 2113 996 2163 quod
1021 2113 1158 2150 exinde
1181 2112 1363 2158 abstulit,
1387 2114 1523 2163 posuit
1542 2127 1661 2164 super

208 2165 350 2203 altare.
413 2166 634 2206 Chronicon
663 2169 706 2206 S.
724 2167 925 2214 Trudonis
946 2170 976 2206 1.
1001 2170 1048 2210 l:
1086 2169 1213 2206 altare
1231 2191 1289 2197 —
1303 2183 1401 2206 auro
1420 2177 1661 2221 argentoque

207 2222 492 2273 imaginatum,
522 2237 612 2261 cum
632 2223 775 2261 ciborio
791 2225 967 2276 desuper.
1027 2226 1110 2263 Leo
1135 2227 1215 2263 Ost.
1240 2226 1262 2265 1
1292 2228 1367 2266 20·
1398 2239 1515 2275 super
1531 2226 1660 2263 altare

206 2285 340 2315 autem
365 2279 409 2316 S.
430 2279 640 2317 Benedicti
657 2287 886 2331 argenteam
907 2280 1097 2318 ciborzum
1109 2283 1262 2331 posuit,
1301 2281 1479 2332 illudque
1501 2295 1598 2320 auro
1624 2288 1661 2318 et

205 2334 360 2371 smaltis
389 2335 512 2372 simul
537 2349 740 2374 exornans.
802 2335 972 2388 denique
994 2336 1238 2375 Flodoardus
1258 2339 1360 2374 Hist.
1386 2339 1498 2375 Rem.
1525 2337 1551 2378 4
1582 2339 1659 2380 19·

205 2389 332 2428 eibos
315 2405 399 2428 ιιιηι
427 2405 579 2443 quoque
603 2405 720 2442 super
748 2392 876 2430 altare
907 2393 951 2430 S.
986 2394 1148 2430 Manae
1176 2400 1341 2444 argento
1368 2407 1578 2444 aggressus
1603 2400 1660 2430 est

204 2449 366 2496 operire²
429 2461 520 2485 cum
547 2449 667 2499 igitur
698 2448 888 2485 ciborium
919 2455 1045 2486 totum
1079 2451 1200 2487 altare
1224 2451 1393 2500 operiret
1417 2451 1531 2501 eique
1556 2462 1659 2501 quo-

203 2503 417 2542 dammodo
442 2505 688 2552 immineret,
730 2503 821 2542 ideo
842 2501 1068 2556 καλύπτρας
1086 2505 1278 2544 vocabulo
1299 2503 1467 2542 donatur
1484 2504 1659 2556 Sophia-

203 2573 299 2597 num
318 2574 340 2597 a
362 2561 590 2598 silentiario
608 2567 711 2612 part.
728 2563 755 2600 2
777 2573 815 2597 v.
837 2559 931 2607 344,
953 2562 1021 2598 ubi
1042 2560 1091 2599 de
1111 2562 1210 2600 velis
1228 2562 1321 2611 agit,
1343 2573 1444 2613 quae
1467 2560 1518 2599 ad
1539 2568 1658 2615 quat-

203 2622 292 2655 tuor
313 2617 448 2654 ciborii
470 2617 593 2654 latera
613 2614 958 2684 appendebantur:

417 2671 571 2723 τέτρασι
593 2668 632 2713 δ’
655 2668 866 2740 ἄργυρέαις
887 2671 953 2713 ἐπὶ
974 2672 1169 2728 πλευρῇσι
1187 2668 1413 2725 καλύπτρας

421 2724 647 2781 ὄρθοτενεΐς
675 2725 911 2776 πετάσαντες
931 2734 1003 2766 etc.

200 2791 302 2822 certe
330 2798 352 2822 a
386 2783 600 2824 Theodoro
629 2783 785 2824 studita
816 2785 1008 2824 ciboritlm
1036 2783 1144 2822 aedis
1175 2785 1216 2823 S.
1250 2785 1407 2823 Ioannis
1442 2786 1654 2837 Baptistae,
