1838 3210
292 220 355 265 82
867 217 946 259 DU
982 213 1165 258 CANGII

291 337 352 368 tas
380 329 530 382 aliquot
558 325 728 380 synodos
754 325 924 376 legimus
949 322 1055 376 apud
1073 323 1265 362 Altatium
1283 323 1311 361 1.
1331 325 1358 365 2
1381 321 1430 361 de
1450 322 1643 363 Concord.
1661 331 1739 363 utr.

293 387 388 425 eccl.
409 399 442 423 c.
463 388 511 426 11
533 391 572 421 et
591 385 656 424 12.
713 383 986 433 Augustaeum
1005 388 1207 432 praeterea
1228 380 1456 432 spectabant
1475 382 1646 418 triclinia
1665 394 1739 432 pa-

291 441 504 489 triarchae,
539 453 640 492 quae
663 440 876 491 Θωμαΐτην
894 444 934 476 et
955 434 1168 490 Μάκρωνα
1189 437 1488 487 nuncupabant,
1518 445 1562 474 ut
1591 436 1740 474 habent

293 498 468 537 Codinus
490 496 538 534 de
562 495 672 534 Offic.
694 509 728 532 c.
755 497 804 535 17
827 507 869 532 n.
889 496 915 535 8
947 501 986 531 et
1008 493 1117 531 idem
1142 495 1297 531 Nicetas
1320 495 1361 529 in
1380 494 1522 532 Alexio
1542 494 1738 531 Manuelis

290 555 386 592 filio.
443 555 486 590 in
523 551 735 590 Thomai'te
775 551 974 589 exstitisse
1011 548 1292 588 bibliothecam
1328 548 1572 600 patriarchae
1605 550 1739 587 scribit

291 611 481 662 Scylitzes
509 609 552 646 in
578 606 820 659 Theophilo.
876 606 949 645 sed
975 608 1205 658 praecipue,
1245 613 1288 643 ut
1321 605 1429 654 dixi,
1467 608 1740 657 Aug‘ustaeum

291 666 571 704 obversabatur
588 663 677 701 aedi
695 663 933 714 Sophianae,
961 664 1028 700 vel
1046 669 1154 700 certe
1173 663 1280 700 illius
1298 663 1411 710 atrio,
1442 661 1540 700 adeo
1562 669 1604 699 ut
1622 675 1740 712 prae-

291 724 452 773 cipuum
473 721 614 772 templi
629 722 777 758 atrium
798 719 1008 757 haberetur
1026 726 1064 757 et
1085 718 1289 756 diceretur.
1345 720 1519 756 Zonaras
1551 720 1658 755 enim
1688 717 1739 756 de

290 785 421 817 statua
451 778 680 825 Iustiniani,
719 789 820 828 quae
851 777 958 814 stetit
985 776 1027 812 iu
1056 777 1303 826 Augustaeo,
1342 775 1516 812 scribens
1546 776 1601 811 ait
1628 775 1742 812 illam

290 836 445 873 stetisse
467 834 509 875 ἐν
529 837 583 888 τῷ
603 833 803 886 προαυλίῳ
823 834 896 872 τοῦ
915 827 1087 885 μεγάλου
1103 834 1218 872 ναοῦ.
1276 829 1370 868 hinc
1389 832 1501 868 aulae
1520 844 1590 868 seu
1609 832 1740 882 potius

293 887 459 937 αὐλαίας
483 890 676 927 vocabulo
690 918 700 937 ‚
733 886 845 940 quod
866 887 974 925 idem
996 894 1108 925 sonat
1125 900 1169 924 ac
1188 888 1354 934 atrium,
1384 900 1502 938 saepe
1528 885 1695 924 donatur
1716 899 1741 924 a

291 946 543 998 scriptoribus
572 946 821 997 Byzantinis,
853 956 875 981 a
904 946 1039 981 Niceta
1063 944 1293 994 praesertim
1315 945 1357 980 in
1380 945 1524 981 Alexio
1543 943 1739 980 Manuelis

291 1003 373 1040 filio
393 1015 434 1039 n.
459 1003 484 1041 6
515 1008 553 1039 et
576 1000 820 1052 Pachymere
840 1001 869 1038 l.
890 1000 932 1039 9.
991 999 1132 1038 Suidas
1152 1002 1194 1037 in
1214 1001 1429 1037 Iustiniano
1450 995 1576 1050 αὐλήν
1595 998 1740 1036 diserte

151 1064 180 1098 P
203 1061 271 1097 541
294 1065 427 1106 vocat,
461 1070 538 1110 quo
563 1058 651 1095 loco
683 1059 875 1108 interpres
901 1058 1065 1108 ipseque
1089 1057 1242 1108 Gyllius
1264 1069 1470 1107 perperam
1491 1054 1653 1093 domum
1673 1061 1741 1093 aut

290 1115 484 1167 palatium
500 1120 683 1161 vertunt,
714 1126 804 1151 cum
824 1114 966 1150 atrium
986 1119 1089 1150 esset
1110 1119 1148 1149 et
1167 1113 1275 1150 locus
1297 1113 1530 1164 περίστυλος
1553 1125 1624 1149 seu
1644 1124 1741 1162 por-

290 1171 434 1209 ticibus
451 1169 627 1222 undique
648 1177 783 1221 septus
800 1170 1001 1221 portisque
1021 1170 1199 1217 clausus,
1229 1167 1336 1220 quod
1355 1174 1520 1206 testatur
1538 1166 1647 1205 idem
1666 1168 1741 1204 Ni-

292 1234 396 1265 cetas
415 1227 502 1263 loco
516 1228 651 1273 citato,
674 1227 846 1263 scribens
863 1221 990 1271 πύλας
1009 1227 1082 1265 τοῦ
1099 1221 1407 1277 Αὕγουστεῶνος
1423 1224 1600 1261 effractus
1618 1225 1741 1260 fuisse

290 1285 335 1320 in
354 1280 547 1320 seditione
566 1280 760 1333 quadam,
791 1289 834 1319 ut
850 1288 888 1318 et
908 1279 1082 1318 eodinus
1100 1282 1142 1317 in
1160 1281 1383 1331 Originibus
1397 1310 1407 1329 ,
1434 1279 1530 1318 dum
1547 1282 1601 1318 ait
1619 1282 1742 1317 Iusti-

291 1340 476 1386 nianum,
508 1338 683 1375 confecta
709 1337 809 1375 aede
838 1335 1063 1388 Sophiana,
1095 1350 1118 1374 a
1142 1337 1288 1387 palatio
1318 1336 1389 1384 ἕως
1414 1339 1487 1388 τῆς
1515 1332 1647 1387 πύλης
1668 1333 1743 1376 rofi

290 1390 599 1446 Αὗγουστεῶνος
626 1406 745 1432 curru
773 1400 931 1431 vectum
962 1395 1221 1443 processisse3
1264 1393 1334 1429 ubi
1360 1405 1567 1443 perperam
1598 1387 1742 1442 στύλης

292 1451 447 1502 reponit
475 1450 684 1488 Mem-sius.
740 1449 860 1487 tradit
889 1448 1060 1500 denique
1089 1448 1198 1486 idem
1226 1447 1400 1486 Codinus
1431 1446 1508 1499 (de
1533 1447 1609 1486 Off.
1635 1461 1669 1485 c.
1689 1450 1742 1489 17

290 1519 335 1544 n.
363 1504 436 1558 10)
466 1506 662 1544 vestibula
682 1518 852 1556 magnae
871 1505 1058 1542 ecclesiae
1078 1506 1120 1542 in
1142 1507 1366 1556 Augustaeo
1385 1506 1599 1542 exstitisse.
1655 1505 1743 1541 Au-

291 1568 500 1613 gustaeum
537 1569 670 1599 autem
702 1561 950 1598 aedificatum
977 1563 1106 1610 primo
1137 1568 1176 1598 et
1203 1563 1257 1597 ita
1282 1561 1528 1612 appellatum
1552 1561 1691 1598 volunt
1717 1572 1742 1597 a

291 1619 548 1656 Constantino
576 1619 721 1667 Magno
750 1618 800 1654 ob
828 1623 996 1652 matrem
1020 1617 1237 1664 Helenam,
1278 1619 1343 1652 cui
1362 1618 1562 1666 Augustae
1580 1617 1742 1653 titulum

292 1680 536 1712 concesserat
569 1674 759 1725 cuiusque
788 1678 959 1710 statuam
985 1685 1031 1709 eo
1062 1673 1105 1708 in
1128 1672 1212 1709 foro
1242 1673 1394 1722 posuit:
1436 1674 1492 1709 ita
1519 1670 1742 1723 Hesychius

291 1731 470 1767 Milesius
505 1735 543 1766 et
575 1728 796 1766 Chronicon
829 1726 1158 1766 Alexandrinum.
1216 1727 1360 1765 Suidas
1388 1728 1430 1764 in
1456 1729 1544 1766 loco
1566 1735 1740 1779 patente,

292 1791 519 1836 nuncupato
537 1784 725 1836 Daphne,
756 1786 908 1822 stetisse
925 1790 1095 1821 statuam
1114 1784 1225 1820 illam
1242 1784 1381 1832 refert,
1408 1783 1581 1836 indeque
1598 1785 1740 1836 appel-

292 1842 418 1878 latum
446 1843 578 1878 locum
608 1842 892 1891 Augustaeum.
951 1853 1005 1876 ex
1033 1840 1176 1890 quibus
1201 1841 1416 1891 percipitur
1444 1842 1598 1878 stetisse
1625 1842 1670 1877 in
1693 1852 1741 1877 ea

278 1899 510 1948 ⁴Augustaei
528 1904 640 1948 parte
663 1910 765 1949 quae
793 1895 993 1947 spectabat
1017 1897 1218 1946 regionem
1244 1898 1415 1932 tertiam.
1471 1901 1567 1933 nam
1597 1895 1742 1934 aedem

291 1954 334 1992 S.
364 1952 580 2004 Stephani,
620 1965 743 2005 quam
768 1954 811 1989 in
841 1950 1008 2003 Daphne
1037 1953 1173 1988 statuit
1197 1950 1488 2002 Theophanes,
1526 1954 1567 1989 in
1592 1953 1740 2003 palatio

291 2008 401 2052 ,idem
422 2010 586 2060 scriptor
606 2015 645 2046 et
663 2008 884 2046 Chronicou
901 2006 1216 2044 Alexandrinum
1233 2020 1272 2058 p.
1293 2009 1387 2055 878,
1417 2009 1485 2044 alii
1502 2009 1545 2044 in
1563 2008 1741 2058 Sigmate

292 2067 507 2102 excitatam
527 2065 686 2112 volunt,
716 2072 759 2101 ut
777 2062 897 2101 habet
917 2063 1071 2114 Gyllius
1091 2066 1118 2103 2
1151 2063 1224 2110 153
1261 2075 1314 2099 ex
1334 2063 1477 2114 quibus
1498 2063 1659 2102 evidens
1680 2071 1740 2102 est

290 2119 488 2171 Daphnen
508 2126 547 2156 et
565 2120 702 2170 Sigma
721 2121 849 2157 vicina
867 2119 1003 2156 fuisse.
1050 2119 1091 2154 in
1111 2131 1157 2155 eo
1174 2131 1289 2168 porro
1308 2121 1556 2156 consentiunt
1573 2121 1741 2172 scripto-

292 2189 368 2224 res,
392 2177 446 2212 ita
468 2176 712 2226 appellatum
728 2177 1000 2225 Augustaeum
1016 2180 1176 2223 propter
1193 2181 1359 2211 matrem
1376 2176 1583 2224 Helenam,
1605 2189 1739 2228 quam,

291 2238 338 2269 ut
371 2231 546 2269 scribunt
570 2231 764 2268 Eusebius
784 2233 809 2270 3
839 2229 912 2277 46,
943 2229 1185 2267 sozomenus
1208 2233 1234 2270 2
1266 2231 1310 2277 1,
1341 2230 1540 2282 Sulpicius
1570 2232 1740 2270 Severus

291 2288 393 2323 Hist.
414 2287 442 2323 1.
464 2288 512 2333 2,
543 2293 694 2324 veteres
720 2287 875 2323 nummi
905 2298 950 2321 ac
977 2286 1251 2335 inscriptiones
1279 2292 1490 2335 testantur,
1519 2289 1742 2340 Augustam

292 2342 519 2393 appellavit.
576 2354 706 2393 neque
737 2343 843 2378 enim
865 2340 1053 2378 audiendi
1082 2340 1224 2378 Suidas
1249 2341 1421 2380 Codinus
1442 2346 1640 2396 ceterique
1663 2343 1740 2382 du-

290 2398 380 2436 biae
408 2397 502 2435 fidei
527 2399 754 2448 scriptores,
783 2395 982 2434 tradentes
1005 2399 1060 2433 ita
1081 2396 1211 2434 forum
1230 2396 1336 2434 istud
1358 2400 1600 2450 appell-atum
1624 2402 1740 2452 quasi

288 2457 495 2507 γουστεῖον
522 2450 648 2504 ἤγουν
678 2449 937 2503 ὅψοπῶλιον,
968 2454 1060 2504 quia
1086 2452 1186 2490 forte
1213 2452 1462 2492 inaudierant
1476 2463 1642 2506 gustum
1666 2469 1738 2494 cu-

289 2508 427 2561 pedias
450 2510 640 2560 appellari
659 2510 807 2546 Latinis
821 2538 831 2556 ,
862 2521 963 2560 quae
984 2521 1065 2546 vox
1084 2510 1251 2546 occurrit
1271 2509 1376 2560 apud
1395 2512 1581 2562 Apicium
1603 2510 1652 2548 de
1678 2514 1736 2550 Re

290 2566 480 2603 culinaria
503 2565 529 2604 4
560 2566 598 2607 5.
655 2566 698 2602 in
718 2567 943 2615 Augustaeo
962 2572 1164 2616 praeterea
1187 2571 1315 2603 statua
1337 2574 1521 2616 argentea
1543 2566 1736 2606 Theodo-

289 2622 340 2659 sii
353 2622 488 2672 Magni
507 2621 712 2658 columnae
730 2622 911 2671 imposita
931 2622 1057 2668 stetit,
1088 2627 1133 2657 ut
1150 2627 1285 2658 auctor
1305 2629 1363 2659 est
1380 2623 1634 2661 Marcellinus
1655 2624 1735 2662 Co-

289 2690 396 2715 mes:
425 2677 610 2714 columna
628 2677 743 2714 haud
759 2677 874 2727 longe
893 2676 944 2713 ab
964 2677 1126 2714 eeclesia
1144 2679 1353 2714 constituta
1369 2686 1440 2724 est,
1470 2693 1572 2730 quae
1589 2693 1735 2731 argen-

289 2740 392 2771 team
431 2733 635 2770 Theodosii
665 2734 818 2783 Magni
843 2739 1014 2770 statuam
1042 2733 1183 2783 ferens
1209 2733 1399 2771 hactenns
1427 2736 1733 2786 contemplatur,-

289 2802 336 2827 eo
365 2802 508 2840 nempe
537 2790 624 2826 loco
651 2789 720 2826 ubi
747 2788 1000 2840 postmodum
1025 2790 1286 2837 Iustinianus‚
1324 2789 1400 2827 hac
1430 2790 1579 2839 diruta,
1617 2804 1732 2829 suam

287 2846 493 2895 excitavit,
520 2846 578 2882 uti
603 2846 776 2883 Zonaras
802 2845 942 2894 refert,
972 2846 1040 2898 qui
1067 2852 1236 2883 statuam
1265 2847 1382 2884 istam
1413 2854 1638 2899 argenteam
1663 2860 1731 2885 se-
1832 2849 1838 2900 '1
