1838 3210
527 163 860 208 DESCRIPTIO
894 164 938 207 S.
971 164 1220 208 SOPHIAE.
1508 161 1602 208 143

147 272 215 318 τόν
233 290 274 316 τε
294 272 462 346 αμβωνα
481 270 577 326 μετὰ
597 275 669 325 τῆς
691 272 831 321 nouas
848 273 1010 326 ἐποίησε
1027 289 1122 326 μετα
1142 269 1419 341 σαρδονύχων,
1450 273 1610 315 ἐντιθὲν·>

149 348 267 385 μενος
296 331 363 372 καὶ
392 331 635 383 πολυτίμους
665 331 827 380 λίθους,
859 328 935 370 συν
961 327 1114 370 κιόνων
1135 326 1360 383 ὅλοχρνσων
1381 330 1447 369 καὶ
1471 328 1606 383 κρύων

147 389 218 430 καὶ
245 386 428 429 ἀσπίδων
456 386 524 427 καὶ
554 388 799 438 σαπφείρων.
856 400 932 424 nec
954 394 1061 424 vetat
1081 388 1212 425 solum
1232 401 1302 425 seu
1317 389 1605 438 pavimentum,

149 445 256 498 quod
283 443 452 496 pedibus
481 445 640 491 teritur,
681 442 865 494 onychite
896 442 1030 494 lapide
1065 451 1305 481 constratum
1333 443 1477 492 fuisse,
1516 457 1608 482 cum

149 515 258 553 onyx
282 502 492 538 marmoris
522 501 673 552 species
701 502 771 547 sit,
809 499 917 551 quod
936 500 1204 538 alabastritem
1225 503 1346 538 etiam
1365 507 1526 549 vocant,
1554 514 1607 538 ex

149 572 228 611 quo
256 558 539 610 pretiosissima
571 557 667 594 olim
697 556 801 594 facta
827 558 1054 607 pavimenta
1084 563 1219 594 auctor
1241 564 1300 594 est
1322 557 1476 595 Plinius
1497 560 1550 598 36
1578 559 1606 598 7

150 623 189 652 et
207 617 247 656 8.
306 615 436 651 Gloss.
456 615 543 651 Lat.
561 626 623 651 ms
638 615 680 650 in
699 613 798 650 bibl.
822 614 920 664 Reg.
945 612 1030 651 cod.
1058 616 1189 653 1013:
1220 613 1460 664 onychinum
1479 628 1609 665 genus

150 671 314 708 metalli.
377 684 479 721 onyx
505 683 634 720 genus
661 671 882 707 marmoris.
942 671 1127 707 Lucanus
1148 668 1197 707 de
1221 671 1311 707 aula
1329 671 1550 708 Ptolemaei
1568 679 1609 709 et

150 730 380 779 Cleopatrae
393 755 404 775 ‚
434 729 475 763 in
496 739 574 778 qua
592 727 716 763 Iulius
737 727 881 763 Caesar
898 733 987 777 post
1005 739 1184 778 pugnam
1202 725 1474 766 Pharsalicam
1497 729 1606 779 regio

149 791 341 836 apparatu
360 789 550 834 exceptus
572 789 648 830 est,
678 783 748 820 lib.
768 783 844 822 10:

583 845 741 890 totaque
762 838 910 891 efficsus
926 839 970 875 in
987 837 1086 875 aula

364 894 598 932 calcabatur
616 909 731 946 onyx.

133 960 187 995 *et
206 953 396 990 Martialis
416 953 444 989 l.
466 953 518 992 12
538 954 662 1003 epigr.
683 952 758 994 50:

365 1008 620 1059 calcatusque
643 1015 709 1045 tuo
730 1006 802 1046 sub
817 1007 922 1058 pede
944 1006 1050 1044 luc-et
1070 1020 1185 1058 onyx.

147 1065 220 1105 sed
249 1073 290 1103 et
315 1066 464 1103 Paulus
490 1065 739 1102 silentiarius
771 1066 875 1102 inter
900 1077 1098 1102 marmora
1122 1065 1231 1102 varia
1253 1063 1484 1117 lapidesque
1504 1079 1606 1118 opu-

84 1156 87 1157 ?
146 1125 297 1172 lentos,
328 1121 472 1174 quibus
507 1120 626 1159 aedes
651 1120 855 1172 Sophiana
875 1122 1026 1171 passim
1046 1121 1294 1171 coruscabat,
1325 1121 1522 1175 onychem
1542 1137 1608 1161 re-

148 1186 302 1229 censet,
330 1184 430 1245 part.
451 1179 478 1217 2
500 1190 538 1215 v.
560 1180 668 1218 223:

362 1230 461 1275 οσσα
486 1229 527 1274 δ’
555 1231 653 1282 ονυξ
678 1229 821 1286 οἷνὲηκε
844 1229 1095 1287 διαυγᾶζοντι
1116 1228 1293 1288 μεταλλῳ

90 1324 94 1327 .
363 1286 543 1343 ω’χριόων
566 1289 731 1344 ἐρίτιμοι.
1210 1297 1220 1329 1

147 1356 191 1387 ut
210 1355 249 1386 et
267 1348 438 1387 Statius:
1630 1350 1659 1385 P
1681 1349 1749 1387 588

363 1403 431 1440 hie
451 1401 608 1453 Libyas
628 1402 910 1454 Phrygiusque
933 1403 1048 1449 silex,
1072 1402 1140 1440 hie
1159 1400 1264 1438 dura
1280 1401 1492 1440 Laconum

365 1472 465 1497 saxa
485 1460 630 1505 tir-ent,
659 1459 871 1511 hicflexns
889 1474 991 1511 onyx
1008 1467 1046 1497 et
1066 1457 1248 1497 concolor
1269 1457 1351 1495 alto

366 1529 468 1554 vena
489 1516 606 1552 mari.

109 1614 112 1616 ,
148 1580 188 1611 et
211 1573 330 1611 alibi:

365 1635 514 1666 maeret
528 1641 630 1679 onyx
648 1627 782 1679 longe,
816 1629 1069 1679 queriturque
1092 1626 1272 1665 exclusus
1289 1627 1453 1678 ophites.

139 1699 240 1735 ,cum
260 1692 393 1722 autem
412 1686 514 1722 sacri
535 1686 700 1722 cancelli
722 1684 774 1722 ad
795 1692 994 1722 extremas
1014 1685 1186 1735 pilarum
1204 1697 1274 1722 seu
1291 1686 1496 1735 pinsorum
1515 1697 1609 1735 par-

147 1750 230 1791 tes,
260 1754 362 1794 quae
393 1741 542 1778 bemati
574 1740 626 1777 ad
656 1743 848 1778 orientem
881 1742 1088 1792 proximae
1122 1747 1255 1789 erant,
1284 1743 1417 1791 ipsum
1446 1741 1609 1778 claude-

149 1806 258 1846 rent,
288 1799 460 1848 spatium
492 1796 595 1833 illud
626 1797 734 1848 quod
765 1798 957 1848 implebat
985 1795 1238 1833 latitudinem
1268 1810 1405 1833 earum
1434 1798 1609 1857 pilarum

150 1855 322 1901 soleam,
361 1860 403 1890 ut
438 1854 600 1903 opinor,
644 1853 893 1900 conficiebat,
935 1851 1061 1889 donec
1095 1853 1255 1889 amboni
1291 1845 1609 1903 coniungeretur,

150 1913 219 1963 qui
242 1912 344 1947 intra
366 1910 530 1947 alteram
548 1909 719 1960 pilarum
742 1910 1034 1946 extremitatem
1061 1907 1112 1945 ad
1135 1910 1328 1946 orientem
1348 1908 1513 1960 perinde
1533 1922 1609 1947 ex-

149 1969 289 2004 citatus
318 1967 407 2003 fuit.
465 1978 561 2002 nam
588 1978 668 2018 qua
696 1967 924 2004 interiorem
945 1966 1087 2016 templi
1104 1972 1258 2016 partem
1278 1967 1513 2017 respiciunt,
1540 1961 1614 2003 la·-v

148 2025 267 2061 tiores
287 2029 378 2061 sunt
396 2022 514 2073 pilae.

262 2079 328 2121 74.
388 2077 636 2129 Sophianum
662 2079 873 2116 ambonem
900 2077 952 2116 ad
980 2079 1172 2115 orientem
1205 2085 1244 2115 et
1271 2091 1407 2115 versus
1433 2076 1608 2116 mediam

151 2134 260 2173 aedis
280 2142 434 2187 partem
452 2136 588 2203 statuit
607 2135 855 2173 Silentiarius
872 2137 913 2172 in
932 2136 1040 2172 illius
1059 2134 1344 2186 descriptione:

366 2190 447 2231 ἔστι
465 2207 523 2238 τις
544 2187 782 2243 εὐρυπόροιο
799 2208 872 2231 κατ
880 2189 1021 2232 ’ἔνδιοι
1040 2190 1164 2242 μέσσα
1184 2187 1393 2260 μελάθρου

367 2244 493 2299 αβρος
511 2248 612 2288 ἰδεῖν
631 2247 699 2288 καὶ
720 2252 870 2299 μᾶλλον
892 2249 931 2295 ἐς
951 2244 1138 2299 ἅντολίην
1160 2262 1200 2287 τε
1221 2263 1288 2288 νει
1293 2261 1420 2294 ευκως

367 2301 539 2355 πύργος,
570 2300 846 2356 οἷκηρασίοισιν
868 2301 1083 2355 ἆπόκριτος
1103 2301 1226 2356 ἤθεσι
1244 2305 1409 2356 βίβλων.

151 2358 204 2396 ad
225 2360 416 2397 orientem
437 2367 475 2397 et
493 2374 514 2397 e
534 2369 746 2412 conspectu
769 2362 937 2399 bematis
960 2362 1144 2399 statuitur
1163 2362 1311 2411 pariter
1327 2360 1444 2397 ambo
1465 2371 1488 2396 a
1507 2358 1609 2396 Ger-

150 2429 269 2453 mano
290 2414 512 2467 patriarcha
533 2417 618 2454 CP:
651 2416 674 2458 ὁ“
697 2415 837 2470 ἅμβων
855 2416 934 2469 πρό
956 2420 1028 2469 τῆς
1050 2413 1185 2469 θύρας
1207 2420 1280 2457 τοῦ
1302 2412 1518 2469 βήματος“
1499 2427 1610 2456 ιστα-

151 2487 235 2520 ται,
263 2480 308 2509 ut
327 2480 365 2510 et
385 2486 407 2510 a
426 2473 626 2524 Symeone
643 2472 880 2512 Thessalon.
907 2475 1008 2512 libro
1027 2472 1076 2510 de
1096 2474 1270 2524 templo:
1301 2471 1325 2514 ὅ
1346 2471 1419 2523 μὲν
1437 2468 1532 2540 πρὸ
1535 2474 1610 2512 τοῦ

153 2525 330 2579 βήματος
352 2526 493 2581 ἅμβων
517 2536 590 2567 etc.
628 2531 705 2567 alio
722 2531 835 2568 loco:
861 2533 937 2570 τοῦ
958 2526 1170 2582 ἷερωτᾶτου
1186 2527 1365 2581 βήματος
1384 2544 1484 2569 κατα
1506 2523 1610 2568 ἅνα-

151 2581 269 2631 τολᾶς
297 2583 553 2636 ορισθέντος,
583 2585 651 2626 καὶ
677 2589 752 2626 τοῦ
780 2585 969 2639 ἄμβωνας
997 2583 1161 2636 ἆντικρυ
1191 2586 1400 2636 τεθέντος,
1432 2586 1469 2625 εἰ
1485 2580 1610 2631 τόπος

153 2639 245 2680 ἐστι’.
273 2641 328 2676 ita
349 2648 481 2678 autem
501 2644 695 2680 excitatus
711 2650 794 2680 erat
812 2644 952 2692 ambo,
982 2649 1027 2680 ut
1043 2655 1134 2694 pars
1151 2654 1231 2679 una
1247 2643 1400 2680 soleam
1420 2649 1459 2679 et
1478 2641 1609 2688 bema,

155 2696 278 2732 altera
295 2711 394 2735 ναον
414 2704 453 2734 et
471 2705 604 2748 portas
627 2697 777 2751 ωραίας
795 2706 1010 2750 spectaret,
1038 2701 1141 2736 inter
1161 2699 1278 2736 bema
1297 2711 1392 2737 vero
1412 2705 1450 2735 et
1470 2696 1611 2734 ambo-

153 2765 248 2788 nem
283 2752 391 2789 solea
421 2753 700 2792 intercederet:
736 2755 781 2792 id
810 2756 954 2795 diserte
989 2756 1188 2805 colligitur
1215 2767 1268 2792 ex
1299 2755 1398 2792 locis
1424 2753 1608 2804 proxime

154 2806 344 2858 laudatis,
375 2808 444 2847 ubi
471 2807 520 2846 de
546 2810 655 2849 solea
673 2812 841 2863 egimus.
895 2825 988 2864 pars
1013 2824 1107 2852 vero
1135 2810 1337 2861 ambonis,
1366 2822 1468 2862 quae
1492 2808 1608 2846 bema
