1838 3210
257 174 351 220 122
819 174 901 218 DU
935 172 1123 218 GANGII

241 285 368 335 floret
388 283 566 330 ecclesia;
597 289 632 319 et
648 283 691 319 in
706 282 831 321 medio
852 283 1010 335 quidem
1027 284 1109 322 alto
1128 284 1226 321 satis
1246 290 1282 320 et
1296 285 1539 335 prominenti
1557 286 1701 324 ciborio

252 347 413 378 sanctus
432 341 637 391 requiescit
664 338 848 385 Vitonus,
886 339 1092 377 redimitus
1107 339 1288 390 frontem
1314 354 1411 378 auro
1432 343 1645 391 purissimo
1665 350 1702 379 et

249 398 417 448 gemmis
430 396 739 446 pretiosissimis,
779 394 923 446 quibus
941 396 1189 434 concluditur
1206 398 1389 434 maiestas
1405 398 1467 434 dei
1486 399 1702 435 incircum-

251 455 399 502 scripta
419 460 455 488 et
472 451 889 501 incomprehensibilis,
917 452 1066 490 habens
1084 453 1140 490 ad
1162 453 1358 490 dexteram
1379 453 1433 490 B.
1457 455 1571 491 Petri
1591 462 1628 491 et
1646 454 1704 491 ad

252 509 408 545 laevam
427 508 598 544 eiusdem
615 507 669 544 B.
706 508 840 545 Vitoni
859 521 957 545 auro
971 510 1237 558 prominentes
1258 509 1468 560 imagines,
1495 524 1609 573 opere
1620 511 1704 561 sa-

253 571 338 600 cta-s·
358 564 584 608 caelatorio,
614 577 714 614 quas
735 563 918 601 ambiant
946 565 1154 602 columnae
1177 578 1222 602 ex
1239 578 1336 602 auro
1349 566 1581 615 purissimo,
1612 580 1704 603 cum

254 618 414 656 basibus
445 621 640 670 argenteis
651 648 668 665 ,
705 627 789 656 arte
806 620 935 672 fusili
963 627 998 657 et
1026 620 1255 672 anaglypho
1279 621 1512 671 productae.
1572 622 1704 672 ipsum

252 689 406 726 qnoque
436 675 626 712 ciborium
646 676 864 713 dominicae
883 678 1190 722 resurrectionis,
1231 677 1493 727 apparitionis
1516 684 1553 714 et
1573 677 1705 714 admi-

251 731 390 768 rabilis
415 732 652 769 ascensionis
681 745 792 781 opere
819 732 1029 770 caelatorio
1045 734 1244 783 protensis
1264 733 1484 770 adornatur
1501 735 1703 785 insigniis,

250 787 399 825 liabens
414 795 505 825 ante
525 801 565 825 se
586 787 714 825 altare
734 795 936 825 sacratum
956 790 999 826 in
1020 789 1164 826 honore
1189 789 1233 826 S.
1256 789 1468 826 Pulc-ronii
1481 796 1517 826 et
1530 791 1704 827 omnium

251 851 488 895 martyrum,
517 843 667 881 liabens
685 851 722 880 et
737 845 868 894 ipsum
884 858 1002 882 suzim
1019 844 1207 882 ciborium
1212 865 1238 890 ‚>
1267 859 1343 896 quo
1362 847 1581 882 continetur
1601 847 1706 882 eius-

250 901 340 938 dem
360 900 415 938 B.
437 900 566 938 Pulc-r
565 901 649 937 onii
668 899 844 953 (corpus)
865 914 964 938 auro
984 908 1019 938 et
1036 908 1198 952 argento
1221 901 1459 938 decoratam.
1492 903 1706 939 Anselmus

252 958 295 994 in
312 958 519 1008 Episcopis
536 954 660 993 Leod.
680 969 715 993 c.
737 959 811 998 30:
844 957 887 993 in
906 970 984 994 ιιηο
1009 957 1190 994 collocati
1210 964 1304 994 sunt
1313 957 1486 1007 feretro,
1515 958 1623 1008 quod
1633 958 1706 1009 se-

254 1020 400 1050 retrzim
428 1014 471 1050 in
490 1011 632 1049 ciborio
651 1013 763 1049 iuxta
785 1026 926 1063 corpus
946 1013 1000 1050 B.
1026 1012 1249 1050 Lamberti·
1247 1026 1379 1064 usque
1403 1014 1447 1050 in
1473 1012 1708 1050 hodiernum

253 1070 358 1106 diem
378 1069 612 1106 collocatum
631 1075 687 1105 est
703 1082 794 1106 clim
813 1069 908 1105 aliis
924 1076 1150 1106 sanctorum
1160 1068 1413 1120 pignoribus.
1447 1081 1541 1107 sane
1562 1071 1708 1106 etiam-

253 1138 352 1170 num
370 1127 411 1162 iu
432 1124 588 1162 ciboriis
605 1137 696 1171 seu,
726 1132 771 1162 ut
792 1137 978 1162 vocamus
991 1154 1001 1173 ,
1030 1126 1315 1172 tabernaculis,
1358 1124 1409 1162 ad
1438 1125 1562 1162 latera
1582 1127 1708 1176 ipsius

255 1181 393 1219 ciborii
412 1193 564 1218 sacram
582 1179 777 1231 pyxidem
797 1182 1052 1229 assem-antis,
1095 1183 1233 1232 reponi
1254 1182 1382 1218 solent
1398 1188 1626 1218 sanctorum
1644 1182 1710 1219 fe-

253 1244 372 1274 retra.
429 1235 672 1274 observanda
693 1249 808 1288 porro
828 1249 911 1274 vox
939 1239 1121 1275 maiestas
1147 1235 1254 1288 apud
1274 1239 1485 1288 Hugonem
1504 1238 1709 1275 Flavinia-

254 1306 432 1341 censem,
485 1304 563 1344 qua
593 1293 759 1330 circulos
788 1293 1027 1342 luminosos,
1078 1294 1148 1345 qui
1176 1294 1294 1344 vulgo
1322 1294 1449 1344 capita
1482 1301 1710 1331 sanctorum

253 1350 453 1396 ambiunt,
489 1354 607 1400 atque
633 1347 731 1386 adeo
747 1350 854 1400 ipsas
871 1355 1095 1387 sanctorum
1113 1351 1326 1400 imagines,
1357 1349 1566 1400 designant
1584 1351 1711 1401 pleri-

252 1418 330 1458 que
351 1420 372 1443 e
396 1405 663 1456 scriptoribus,
692 1406 872 1456 inprimis
893 1405 1099 1443 Albericus
1119 1418 1155 1442 a.
1179 1404 1299 1454 1204,
1322 1407 1555 1444 austun-vit.
1572 1406 1711 1444 Abba-

250 1468 337 1498 tum
359 1462 401 1500 S.
418 1461 565 1498 Albani
591 1474 632 1512 p.
652 1463 705 1501 92
719 1489 729 1509 ,
770 1463 1005 1512 Anonymus
1040 1460 1089 1498 de
1113 1462 1293 1499 Miracul.
1326 1462 1369 1499 S.
1391 1460 1501 1499 Fidis
1524 1475 1557 1500 c.
1580 1463 1629 1510 8,
1671 1469 1711 1499 et

249 1519 401 1570 aliquot
420 1518 500 1554 alii.
541 1519 644 1554 certe
662 1523 841 1554 veterum
863 1518 1099 1555 ciboriorum
1116 1530 1234 1555 usum
1252 1516 1545 1569 quodaminodo
1565 1517 1710 1556 viden—

248 1580 314 1611 tur
334 1586 538 1611 revocasse
558 1574 627 1623 qui
646 1571 755 1610 aedis
774 1573 1019 1622 magnificae,
1050 1586 1169 1625 quam
1190 1586 1317 1624 nuper
1337 1575 1519 1611 Lutetiae
1535 1575 1712 1612 Parisio-

249 1643 340 1667 rum
361 1630 548 1667 excitavit
567 1632 683 1665 Anna
701 1630 859 1666 Austria
873 1629 1061 1665 Franciae
1083 1630 1234 1679 regina,
1264 1630 1368 1679 regis
1387 1631 1513 1666 nostri
1530 1631 1712 1668 invictis-

250 1687 342 1724 simi
360 1698 514 1737 parens,
546 1696 746 1735 quamque
769 1684 926 1722 Vallem
952 1684 1118 1721 Gratiae
1136 1685 1257 1734 vulgo
1282 1686 1507 1735 appellant,
1538 1692 1713 1723 structu-

250 1754 317 1779 rae
339 1742 606 1793 praefuerunt.
662 1753 757 1776 nam
781 1739 833 1777 ad
859 1741 983 1777 latera
1011 1741 1143 1777 altaris
1172 1747 1383 1790 assurgunt
1406 1753 1479 1778 sex
1502 1742 1712 1779 columnae

248 1809 495 1835 marmoreae
530 1797 788 1844 excelsiores,
833 1797 976 1847 quibus
1001 1796 1236 1833 incumbunt
1269 1809 1380 1834 arcus
1413 1798 1545 1846 aurei,
1588 1799 1710 1836 variis

254 1853 424 1892 subinde
445 1853 686 1891 ornamentis
707 1865 752 1890 ac
772 1852 1005 1903 angelorum
1023 1854 1162 1890 statuis
1183 1851 1369 1900 decorati,
1401 1854 1471 1904 qui
1485 1855 1715 1892 universum

256 1910 380 1947 altare
404 1915 619 1959 contegunt
637 1921 683 1945 ac
705 1909 953 1946 obumbrant.
1012 1921 1127 1959 porro
1148 1921 1238 1945 cum
1260 1908 1450 1946 ciborium
1471 1908 1523 1946 ad
1540 1909 1716 1947 mediam

255 1967 398 2018 templi
418 1966 485 2003 vel
507 1963 678 2002 conchae
698 1963 949 2002 altitudinem
968 1963 1221 2012 educeretur,
1249 1963 1343 2001 inde
1365 1965 1466 2002 forte
1486 1967 1632 2017 Papias
1655 1968 1715 2003 ci—

258 2022 418 2060 burium
434 2021 617 2059 altiorem
635 2022 881 2058 medietatem
905 2026 963 2057 est
983 2022 1276 2071 interpretatus.

368 2078 435 2119 58.
494 2075 637 2115 Subdit
660 2078 808 2114 Paulus
831 2077 1093 2123 Silentiarius,
1125 2088 1202 2127 qua
1223 2077 1398 2112 invicem
1422 2076 1550 2113 iuncti
1575 2089 1717 2128 super-

255 2134 359 2171 ficiei
377 2133 513 2170 ciborii
531 2134 731 2182 margines
753 2138 1057 2179 connectuntur,
1089 2139 1257 2168 crateres
1279 2137 1448 2169 statutos
1467 2131 1627 2184 (scyphi
1651 2131 1716 2170 di-

258 2197 398 2227 cuutur
416 2187 545 2225 Exod.
566 2201 600 2224 c.
621 2188 694 2239 25)
716 2190 758 2226 in
774 2188 917 2240 quibus
936 2186 1169 2224 adumbrata
1188 2194 1300 2224 eraut
1323 2201 1377 2225 ex
1397 2195 1561 2239 argento
1581 2201 1717 2227 cereo-

258 2259 347 2284 rum
365 2245 589 2284 simulacra.
1028 2259 1031 2264 ·

473 2295 633 2340 ὁππόθι
652 2294 693 2339 δ’
714 2294 939 2350 ἀλλήλοισιν
957 2294 1134 2365 οῗρηρότα
1149 2298 1317 2350 πείρατα
1333 2298 1455 2351 πέζης

474 2354 677 2407 ἁρμονίην
698 2367 917 2406 τευχουσιν,
947 2351 1207 2408 ἐνιδρύσαντο
1232 2353 1430 2406 παγέντας

114 2419 142 2452 Ρ
165 2417 234 2454 57Ξ
475 2408 694 2476 αργυρέους
710 2413 930 2463 κρητῆρας·
960 2410 1026 2451 ἐπὶ
1046 2413 1214 2464 κρητῆρι
1239 2407 1278 2451 δ’
1297 2407 1448 2470 ἕκαστῳ

475 2465 762 2520 πυρσοφόρους
776 2464 982 2518 στήσαντο,
998 2467 1189 2519 λιπαυγέα
1204 2462 1238 2506 δ’
1254 2466 1383 2507 εἴκελα
1395 2480 1524 2519 κηρου

477 2521 624 2575 κόσμον
646 2521 962 2575 απαγγέλλουσα,
993 2539 1062 2563 και
1085 2539 1132 2563 ov
1157 2538 1263 2571 φαος
1283 2530 1356 2560 etc.

258 2577 455 2616 eiusmodi
484 2587 650 2618 crateres
675 2578 947 2617 describuntur
967 2580 1015 2616 ab
1038 2579 1210 2617 Eusebio
1238 2578 1286 2615 de
1311 2579 1392 2615 vita
1416 2577 1666 2615 Constantini
1693 2579 1720 2617 3

258 2638 307 2677 31
334 2641 372 2672 et
393 2635 440 2671 ab
457 2637 665 2674 Anastasio
687 2637 731 2672 iu
754 2637 887 2673 Leone
911 2648 972 2682 111,
1003 2637 1113 2672 cuius
1133 2633 1232 2672 haec
1255 2641 1370 2672 sunt:
1395 2634 1502 2685 fecit
1519 2647 1639 2683 super
1657 2633 1719 2670 ci-

260 2690 411 2728 borium
430 2691 478 2729 de
497 2692 622 2729 altari
641 2693 782 2729 maiori
800 2692 855 2729 B.
886 2692 999 2728 Petri
1021 2691 1190 2741 aposloli
1209 2690 1405 2727 canthara
1425 2691 1579 2726 maiora
1600 2695 1721 2740 qnat-

261 2755 348 2784 mor
366 2762 411 2784 ex
430 2756 592 2799 argento
606 2749 823 2799 purissimo
830 2769 841 2792 ·,
875 2746 1064 2784 habentia
1094 2748 1137 2783 in
1167 2747 1291 2783 medio
1323 2760 1448 2782 cereos
1479 2759 1525 2782 ex
1553 2751 1719 2795 argento

260 2805 487 2852 deam-atos,
510 2818 624 2856 pens.
649 2804 773 2843 libras
794 2802 887 2846 140.
945 2803 1053 2842 idem
1067 2804 1110 2841 in
1124 2804 1256 2842 Leone
1278 2812 1347 2842 lv:
1379 2815 1531 2840 necnon
1552 2808 1587 2838 et
1603 2813 1723 2851 saper
