1890 3224
300 206 365 251 20
657 204 1009 248 NICEPHORUS
1044 204 1386 249 CPOLITANUS

443 319 494 362 Οἱ
525 317 568 360 δέ
591 316 759 373 Ἅβαροι
787 317 870 360 ἐπεὶ
895 317 970 368 τὰς
989 316 1166 368 σπονδὰς
1188 317 1375 360 διέλυσαν
1405 316 1596 374 (καὶγὰρ
1612 313 1747 373 Ἠρά-

301 392 430 437 κλειος
447 387 540 443 πρὶν
559 386 726 442 Πέρσας
742 386 1024 443 ἐκστρατεῦσαι
1044 384 1190 442 δώροις
1204 385 1306 441 πρὸς
1326 383 1473 434 αὐτοὺς
1490 383 1638 436 ταύτας
1657 387 1746 439 ἐβε-

301 457 445 508 βαίου,
483 452 754 508 ὗποσχόμενος
786 459 1005 511 παρασχεῖν
1036 454 1172 504 αὐτοῖς
1191 451 1447 506 νομισμάτων
1465 451 1666 509 μυριάδας
1689 453 1745 495 εἶ’-

301 539 391 565 κοσι
403 553 416 574 ,
451 519 631 578 ὁμήρους
652 522 788 571 αὐτοῖς
814 521 997 571 δεδωκώς
1020 522 1089 563 ἕνα
1117 526 1196 564 τῶν
1226 521 1324 563 υἱῶν
1349 519 1534 575 Ἰωάννην
1555 519 1744 574 τοῦνομα,

298 590 346 633 ὃν
374 590 423 645 δὴ
452 591 519 631 καὶ
543 587 807 646 Ἀταλάριχον
833 588 1015 641 ἐκάλεσε,
1050 588 1176 640 νόθος
1196 590 1239 631 δὲ
1261 584 1312 644 ἦν
1335 589 1444 646 αὐτῷ
1463 590 1506 631 ἐκ
1527 592 1778 643 παλλακῆς,5

246 661 278 695 D
302 660 370 701 καὶ
391 658 599 714 Στέφανον
627 658 794 712 ἀνεψιὸν
823 657 949 701 αὐτοῦ
959 689 974 709 ,
1018 658 1106 700 υἱὸν
1128 658 1300 714 Μαρίας
1324 661 1396 711 τῆς
1424 656 1604 714 ἀδελφῆς
1621 649 1747 713 αῧτρῦ

299 727 367 769 καὶ
388 725 638 783 Εὗτροπίου,
674 724 730 767 ἔτι
751 727 796 769 δὲ
816 728 884 768 καὶ
900 723 1086 781 Ἰωάννην
1105 727 1235 783 ἕτερον
1244 757 1258 777 ,
1297 725 1383 767 υἱὸν
1403 723 1547 767 Βώνου
1570 729 1643 766 τοῦ
1666 742 1746 765 na·-

296 796 471 851 τρικιόυ,
506 795 573 836 καὶ
604 793 726 836 αὐτὸν
755 795 798 836 ἐκ
826 797 1035 849 παλλακῆς
1062 795 1172 853 αὐτῷ
1187 791 1421 850 γεγονότα),
1457 794 1523 835 καὶ
1547 793 1660 834 αὐτοὶ
1680 792 1746 833 ἔκ-

292 861 579 918 -στρατεύοντες
597 866 656 919 τῷ
671 863 788 915 τείχει
806 867 878 906 τοῦ
898 864 1120 914 Βυζαντίου
1142 860 1389 914 πελάζουσιν,
1414 859 1537 911 εὐθύς
1555 877 1597 902 τε
1616 859 1747 902 πάντα

297 931 514 986 ἐνεπίπρων
533 929 584 972 τὰ
605 928 838 986 προάστεια.
883 932 951 972 καὶ
972 929 1104 987 ὥσπερ
1127 929 1460 987 ἀναμερισάμενοι
1477 926 1654 985 ἑκάτεροι
1677 928 1747 969 τὸν
1759 936 1803 971 10

300 997 507 1056 Θρακικόν
541 995 756 1055 Βόσπορον
794 998 955 1054 Πέρσαι
993 1000 1068 1051 μὲν
1111 999 1207 1047 τούς
1243 1002 1315 1050 τῆς
1343 995 1567 1045 Ἀσιάτιδος
1602 997 1749 1051 μοίρας

295 1064 529 1122 καθῄρουν,
554 1065 724 1122 ’Άβαροι
747 1066 792 1107 δὲ
810 1064 880 1107 τὸν
898 1067 961 1107 ἐπὶ
988 1064 1154 1124 Θρᾴκης
1176 1066 1406 1121 διέφθειρον
1423 1068 1571 1119 χῶρον.
1621 1061 1747 1116 ἀλλή-

296 1136 383 1182 λοις
421 1150 464 1175 τε
501 1131 636 1187 λόγοις
677 1133 715 1174 οἳ
750 1132 919 1189 Ἄβαροι
947 1131 1219 1186 μηχανήματα
1252 1129 1473 1184 τειχομάχα
1505 1131 1747 1173 ἔτέκταινον·

297 1198 442 1256 πύργοι
476 1200 519 1241 ’δὲ
540 1195 643 1253 ἦσαν
672 1198 822 1248 ξύλινοι
852 1201 920 1240 καὶ
946 1203 1120 1252 χελῶναι
1153 1200 1205 1242 τὰ
1235 1196 1612 1252 κατασκευάσματα.
1679 1199 1748 1239 καὶ

295 1268 378 1309 ἐπεὶ
404 1265 634 1323 προσῄεσαν
660 1271 719 1324 τῷ
752 1267 869 1320 τείχει
898 1265 950 1308 τὰ
975 1265 1152 1323 ὄργανα,
1196 1268 1293 1309 θεία
1325 1264 1494 1319 δύναμις
1513 1266 1748 1316 ἐξαπιναίως
1760 1272 1802 1308 15

178 1342 209 1376 P
232 1342 276 1379 13
295 1338 425 1377 ταῦτα
445 1335 599 1376 διέλυσε
622 1335 690 1375 καὶ
710 1334 805 1384 τοὺς
826 1335 868 1375 ἒν
891 1333 1026 1384 αὐτοῖς
1042 1339 1122 1377 τῶν
1140 1332 1325 1390 Ἀβάρων
1340 1333 1527 1388 μαχητὰς
1550 1332 1748 1376 διώλεσεν.

296 1401 431 1456 ἐπειδὴ
452 1402 498 1444 δὲ
514 1404 580 1444 καὶ
593 1401 811 1456 Σκλαβηνά
829 1401 968 1456 πλήθη]
989 1402 1027 1444 οἳ
1038 1402 1207 1459 ’Ἀβαροι
1227 1403 1464 1459 ἐπεφέροντο
1483 1403 1548 1443 καὶ
1567 1404 1623 1452 εἷς
1641 1418 1748 1454 συμ-

290 1471 445 1525 μαχίαν
463 1470 635 1526 ἐχρῶντο
645 1502 658 1521 ,
692 1468 917 1512 δεδώκεσαν
939 1471 983 1511 δὲ
1005 1470 1141 1520 αὐτοῖς
1162 1477 1325 1525 σημεῖον
1343 1468 1399 1520 ὥς
1416 1467 1533 1524 ἡνίκα
1553 1468 1604 1511 ἂν
1626 1468 1748 1511 ἴδοιεν

293 1537 473 1595 πυρσούς
495 1538 752 1594 ἀναφθέντας
775 1540 830 1588 εἰς
849 1537 894 1579 τὸ
916 1540 1159 1594 Βλαχερνῶν
1176 1540 1451 1595 προτείχισμα,
1475 1536 1521 1579 τὸ
1547 1534 1747 1591 καλούμε-

294 1623 362 1648 νον
374 1603 531 1661 πτερόν,
559 1605 683 1655 εὐθὺς
707 1605 792 1658 ἅμα
812 1611 895 1654 τοῖς
908 1604 1144 1657 μονοξύλοις
1165 1605 1341 1655 ἀκατίοις
1353 1605 1524 1647 κάκεῖνοι
1545 1606 1802 1656 ε’πεξιόιεν,ἳο

296 1671 352 1723 ὥς
368 1676 527 1729 πλοΐμῳ
547 1672 813 1728 ἆναφανέντες
832 1672 904 1725 τὴν
923 1670 1038 1713 πόλιν
1059 1678 1260 1728 κραταιῶς
1277 1670 1580 1729 θορυβήσουσιν
1589 1703 1603 1723 ,
1630 1673 1750 1715 αὗτοί

295 1757 337 1782 τε
361 1740 496 1789 ἀδείας
516 1738 732 1792 λαβόμενοι
753 1741 795 1780 ἐκ
816 1743 895 1780 τῶν
914 1743 1056 1792 τειχῶν
1077 1740 1357 1795 ἀνατρέχοντες
1378 1739 1488 1789 ἐντὸς
1507 1743 1579 1794 τῆς
1595 1737 1748 1790 πόλεως

295 1808 498 1864 γένωνται.
567 1808 672 1861 δῆλα
706 1801 777 1849 οὖν
810 1811 938 1848 ταῦτα
968 1806 1098 1865 Βώνῳ
1128 1812 1186 1866 τῷ
1213 1809 1408 1865 πατρικίῳ
1440 1807 1639 1862 ἐγένοντο,
1679 1809 1747 1850 καὶ

386 1927 409 1962 7
428 1922 644 1969 Ev’toom'ov
666 1924 854 1967 Petavius,
888 1921 1102 1966 Εὕτρόπιον
1126 1925 1155 1959 Ρ
1329 1925 1372 1961 13
1392 1920 1559 1969 ἀλλήλων
1580 1935 1620 1959 τε
1640 1921 1747 1970 {miae

385 1970 567 2006 Petavius.
705 1971 749 2005 16
770 1969 945 2005 διώλεσαν
967 1969 996 2004 Ρ

146 2085 180 2110 a.
204 2075 273 2111 626
385 2073 432 2106 At
454 2071 562 2107 Abari
583 2071 752 2108 dissoluta
770 2072 838 2107 iam
856 2085 955 2119 pace,
975 2072 1108 2108 etenim
1125 2071 1308 2107 Heraclius
1333 2070 1534 2118 priusquam
1556 2071 1593 2107 in
1614 2070 1744 2106 Persas

295 2118 484 2152 exercitum
503 2119 666 2162 duceret,
690 2119 888 2156 muneribus
912 2120 956 2153 ad
979 2131 1038 2153 eos
1064 2119 1175 2153 missis
1197 2118 1289 2152 illam
1311 2117 1530 2161 firmaverat,
1562 2123 1667 2162 atque
1686 2118 1742 2151 in-

293 2174 400 2209 super
430 2165 580 2198 ducenta
602 2163 658 2198 his
686 2175 864 2199 numorum
884 2165 978 2198 milia
1000 2164 1217 2209 promiserat,
1241 2162 1449 2207 obsidesque
1473 2164 1618 2197 dederat
1638 2163 1744 2198 Ioan-

295 2220 374 2242 nem
403 2214 628 2252 cognomento
655 2208 866 2243 Atalaricum
898 2210 1086 2244 naturalem
1111 2209 1219 2242 filium
1249 2220 1293 2242 ex
1320 2208 1510 2242 concubina
1531 2213 1670 2251 natum,
1707 2214 1745 2243 et

295 2254 510 2298 Stephanum
532 2253 775 2287 consobrinum
798 2254 932 2288 Mariae
955 2253 1085 2288 sororis
1108 2254 1227 2298 filium,
1253 2259 1288 2287 et
1305 2254 1526 2298 Eutropium,
1549 2265 1684 2288 necnon
1707 2260 1744 2288 et

293 2300 459 2333 Ioannem
482 2298 626 2333 alterum
645 2299 736 2333 Boni
757 2299 898 2343 patricii
920 2299 1046 2343 filium,
1083 2300 1295 2343 eundemque
1317 2298 1471 2344 spurium
1495 2305 1532 2333 et
1553 2311 1598 2333 ex
1617 2298 1743 2343 pellice

295 2349 505 2390 susceptum.
552 2344 616 2378 sed
644 2344 785 2378 barbari
813 2344 1035 2389 expeditione
1061 2345 1156 2380 facta
1182 2350 1297 2379 castra
1322 2345 1368 2378 ad
1391 2343 1526 2389 Cpolim
1546 2345 1742 2388 admovent,

295 2389 417 2434 ibique
446 2390 643 2424 suburbana
672 2389 786 2424 omnia
816 2389 978 2424 incendio
1009 2394 1162 2425 vastant.
1208 2390 1261 2424 ita
1296 2389 1410 2424 diviso
1446 2389 1539 2424 inter
1572 2400 1612 2424 se
1646 2389 1745 2424 velut

296 2434 451 2469 Thracio
478 2435 636 2479 Bosporo
667 2435 798 2469 Persae
823 2435 1013 2470 Asiaticum
1040 2435 1202 2480 limitem,
1234 2437 1368 2470 Avares
1387 2435 1573 2469 Thraciam
1595 2435 1744 2469 infesta-

294 2480 392 2514 bant.
438 2480 544 2514 iidem
568 2481 613 2515 ad
633 2491 747 2514 muros
771 2482 1017 2526 expugnandos
1043 2481 1218 2515 machinas
1241 2481 1520 2525 fabricaverant,
1541 2486 1655 2515 turres
1672 2480 1743 2515 sd-

296 2523 380 2559 licet
398 2525 531 2568 ligneas
553 2531 588 2559 et
608 2526 820 2568 testudines3
843 2537 929 2570 quas
953 2537 1028 2560 cum
1051 2527 1227 2560 moenibus
1251 2526 1494 2569 admovissent,
1516 2531 1662 2571 repente
1686 2526 1742 2560 di—

299 2569 380 2603 vina
398 2570 528 2604 virtute
547 2571 736 2606 dissolutae
755 2575 847 2616 sunt,
871 2571 1009 2606 obtritis
1031 2572 1091 2615 qui
1108 2572 1144 2605 in
1163 2571 1230 2605 illis
1248 2576 1348 2605 erant
1369 2571 1520 2605 Avarum
1542 2582 1742 2616 propugna-

294 2614 445 2649 toribus.
470 2622 570 2650 erant
589 2616 626 2650 in
654 2618 839 2653 eorundem
863 2617 1020 2650 exercitu
1042 2616 1279 2651 Sclavinorum
1300 2616 1484 2650 auxiliares
1509 2616 1631 2662 copiae
1652 2618 1744 2651 bene

295 2659 434 2704 multae,
457 2671 542 2704 quas
566 2662 615 2696 illi
637 2674 752 2697 secum
773 2663 1006 2703 adduxerant3
1029 2663 1154 2707 quibus
1174 2667 1208 2696 et
1230 2661 1365 2706 signum
1389 2663 1557 2696 dederant
1570 2688 1581 2706 ,
1605 2667 1644 2696 ut
1667 2673 1740 2696 cum

295 2716 459 2739 accensas
491 2706 586 2741 faces
620 2720 663 2742 ex
685 2708 950 2743 Blachernai-um
986 2707 1174 2741 munitione
1206 2707 1476 2752 conspexissent
1509 2718 1610 2753 quam
1643 2706 1741 2740 Alam

294 2755 513 2796 nuncupant,
544 2754 660 2787 statim
687 2754 849 2788 actuariis
871 2752 992 2787 lembis
1022 2753 1275 2798 irrumperent,
1311 2758 1348 2786 et
1379 2753 1525 2796 remigio
1553 2753 1597 2787 ad
1623 2753 1739 2787 urbem

293 2796 452 2830 subvecti
481 2798 659 2832 tumultum
689 2811 731 2834 ac
755 2804 923 2833 terrorem
954 2798 1156 2840 inficerent,
1190 2809 1253 2842 per
1285 2809 1386 2842 quem
1410 2797 1501 2832 nullo
1521 2797 1739 2844 prohibente,

291 2840 363 2885 ipsi
385 2842 428 2876 de
455 2842 560 2876 muris
587 2845 702 2879 subito
726 2844 857 2891 impetu
879 2844 972 2879 facto
995 2845 1123 2879 urbem·
1135 2843 1353 2878 invaderent.
1401 2844 1524 2889 quibus
1547 2843 1590 2878 ad
1606 2843 1739 2877 Bonum
