1898 3256
254 232 341 262 vm
376 209 580 259 CAROLI
597 209 675 253 DU
694 200 907 250 FRESNE
925 191 1140 244 nomm
1153 193 1233 236 DU
1253 187 1356 232 CAN
1359 185 1432 230 GE
1449 178 1708 228 PRAEFAT-

260 337 359 376 σθαι.
386 326 532 384 μικροῦ
558 317 654 370 τούς
681 311 921 361 ἇκούοντας,
948 306 1017 350 καὶ
1036 302 1081 347 τὸ
1101 294 1374 359 μὲν-καθόλου
1391 290 1579 345 ἐξετάζει,
1613 287 1645 344 ἦ
1665 286 1711 331 δὲ

261 411 310 454 τοὶ
329 405 428 452 κατὰ
451 404 581 460 μέρος.
636 406 776 439 verum
798 396 979 432 accurata
999 381 1289 441 quantumlibet
1305 378 1357 416 sit
1374 386 1475 429 quae
1491 383 1599 410 nunc
1614 380 1712 423 pro-

264 491 322 530 dit
340 487 450 528 aedis
474 480 700 534 Sophianae
718 471 947 514 elucubrata
965 481 989 506 a
1007 465 1134 506 Paulo
1156 456 1388 513 silentiario>
1401 452 1613 506 ἕκφρασις,
1640 446 1715 487 vix

267 649 394 689 obviis
413 653 571 696 aspersa
589 636 777 683 involvit,
807 629 908 669 adeo
923 624 1134 679 perspicua
1155 623 1247 657 sunt
1265 621 1310 655 ut
1329 605 1720 663 diligentisexamine

269 731 338 769 vel
354 732 458 766 certe
478 718 725 773 expositione
744 724 826 750 non
843 706 1064 758 indigeant.
1119 709 1216 737 nam
1235 706 1327 733 cum
1343 696 1476 744 partes
1494 687 1601 739 ipsas
1614 690 1724 722 tem-

273 810 332 862 pli
359 802 642 844 vocabulorum
668 792 914 848 poeticorum
944 772 1380 823 circumlocutionibus,
1409 763 1595 820 graphice
1615 762 1726 809 licet,

278 885 493 932 describat,
520 875 695 932 partium
722 872 899 924 ipsarum
920 861 1104 911 nomina,
1133 851 1243 909 quod
1266 848 1464 904 praestitit
1486 844 1609 882 etiam
1624 841 1728 878 Pro-

281 1039 526 1101 percipiendi
547 1039 681 1076 locum
695 1026 937 1084 >praebuerim
992 1020 1232 1074 quapropter
1247 1006 1358 1048 haud
1378 1007 1579 1057 ingratum
1595 996 1732 1038 lectori

284 1129 370 1166 fore
386 1120 488 1162 mihi
504 1112 694 1171 persuasi,
723 1110 758 1148 si
776 1104 1004 1157 Sophianae
1021 1093 1288 1144 aedis,“atque
1306 1085 1405 1126 adeo
1423 1083 1515 1123 data
1531 1078 1735 1120 occasione

288 1212 508 1245 ceterorum
537 1191 644 1248 apud
675 1191 846 1228 Graecos
870 1180 1131 1233 templorum,
1155 1167 1466 1220 descriptionem
1488 1155 1739 1213 aggrederer,

291 1295 458 1337 eamque
480 1290 534 1317 ex
553 1266 783 1327 Byzantinis
802 1260 1036 1317 praesertim
1056 1247 1313 1305 scriptoribus
1326 1258 1349 1296 ῥ’
1365 1244 1518 1296 aliquot
1541 1238 1662 1276 etiam
1686 1243 1742 1271 ex

297 1525 501 1567 risiorum,
533 1527 558 1552 a
575 1511 687 1551 libris
702 1507 786 1545 fere
802 1505 1018 1554 imparatus
1031 1523 1043 1545 ,
1071 1491 1197 1532 serius
1217 1497 1338 1540 quam
1353 1492 1427 1535 pro
1440 1482 1552 1521 tanta
1568 1472 1625 1510 rei
1642 1467 1750 1507 mole

297 1617 371 1658 par
391 1604 494 1646 erat,
521 1604 611 1633 sum
635 1595 863 1641 aggressus,
893 1589 1006 1625 cum,
1033 1579 1078 1611 ut
1091 1571 1178 1609 ,iam
1190 1564 1329 1616 attigi,
1356 1571 1460 1613 pene
1481 1551 1660 1592 confecta
1675 1558 1752 1585 vo-

300 1679 466 1724 luminis
488 1672 659 1713 editione
679 1666 840 1715 elegans
856 1653 964 1697 istud
982 1654 1127 1705 poema
1144 1642 1196 1684 ad-
1210 1656 1277 1681 me
1292 1634 1551 1692 pervenisset.
1585 1621 1754 1680 proinde

304 1758 416 1801 haud
440 1767 556 1807 aegre
585 1746 688 1789 mihi
713 1739 999 1783 condonaturos
1021 1731 1127 1770 viros
1145 1723 1281 1763 doctos
1297 1714 1472 1762 confido,
1500 1710 1536 1749 si
1552 1716 1758 1747 commen-

308 1834 528 1880 tatiuncula
554 1832 633 1869 ista
663 1835 755 1863 mea
777 1831 860 1857 non
882 1813 935 1854 ad
953 1818 1130 1862 unguem
1157 1799 1335 1852 expolita
1357 1792 1560 1837 videatur,
1602 1796 1695 1824 cum
1714 1782 1761 1819 in

312 1926 500 1973 praesens
529 1907 632 1949 mihi
659 1902 705 1943 id
732 1897 985 1953 potissimum
1009 1884 1164 1927 consilii
1189 1878 1333 1925 fuerit,
1366 1879 1412 1911 ut
1435 1876 1621 1908 notarum
1639 1864 1765 1901 instar

317 2003 421 2038 esset
460 1991 513 2031 ad
550 1987 780 2037 scriptorem
812 1972 922 2014 haud
958 1967 1119 2009 omnino
1157 1953 1378 1999 communis
1411 1962 1458 1987 ac
1487 1945 1571 1985 triti
1600 1939 1767 1992 saporis.

322 2230 561 2282 Procopium
601 2222 663 2260 vir
702 2214 864 2256 omnino
901 2214 1069 2255 magnus
1095 2193 1282 2237 Claudius
1307 2187 1535 2230 Maltretus,
1565 2179 1655 2218 Soc.
1680 2175 1774 2212 Iesu

326 2311 533 2367 presbyter
552 2310 590 2341 et
610 2295 767 2348 collegii
789 2282 1035 2330 Moutalbani
1056 2283 1201 2324 rector,
1230 2270 1301 2325 qui
1317 2279 1396 2321 qua
1411 2262 1536 2316 pollet
1553 2259 1597 2296 in
1614 2251 1775 2293 Graecis

328 2386 493 2445 perinde
514 2396 558 2422 ac
576 2378 729 2419 Latinis
751 2371 875 2412 literis
896 2361 1136 2406 eruditione,
1163 2355 1281 2402 longe
1300 2344 1456 2386 felicius
1477 2351 1525 2377 ea
1541 2336 1683 2375 fuisset
1704 2329 1777 2368 de·-

330 2473 513 2512 functust,
544 2461 638 2508 etsi,
667 2456 728 2495 uti
752 2465 817 2491 me
846 2460 917 2501 per
949 2443 1084 2482 literas
1113 2431 1291 2478 monuit,
1320 2421 1429 2479 quod
1452 2429 1575 2472 penes
1602 2423 1696 2451 eum
1720 2414 1780 2448 est

332 2547 451 2589 Pauli
481 2536 699 2582 Silentiarii
728 2523 1020 2584 apographum,
1051 2513 1289 2563 descriptum
1313 2498 1478 2557 perinde
1496 2497 1548 2535 sit
1565 2505 1619 2532 ex
1636 2500 1780 2530 manu-

335 2628 479 2678 scripto
506 2618 708 2663 Palatino,
747 2605 1015 2663 proindeque,
1043 2602 1088 2635 ut
1117 2587 1429 2632 Salmasianum,
1456 2573 1610 2617 lacunis
1637 2571 1783 2610 scateat

341 2705 680 2750 deformatumque
702 2692 765 2730 sit.

880 2795 913 2799 --
924 2776 1242 2797 Μ··”
