1838 3210
276 306 417 338 ventus
447 298 657 352 separatim
683 284 798 349 agere
826 287 962 350 Primo
984 299 1203 350 coepissent
1225 285 1267 335 in
1290 297 1535 336 Constantini
1554 298 1720 349 balneis,

275 363 414 408 postea
444 364 556 394 extra
584 356 724 393 urbem
754 356 797 392 111
827 353 1055 422 Ξυλρκέρκῳ
1084 369 1155 393 seu
1183 356 1227 392 in
1252 355 1363 392 circo
1398 356 1553 406 ligneo,
1602 368 1722 408 quem

275 414 553 450 Constantinus
591 408 710 463 μήπω
750 408 825 463 τὴν
861 407 982 452 πόλιν
1009 412 1233 458 συνοικίσας
1265 411 1322 458 εἰς
1347 408 1595 465 ἱπποδρόμου
1619 411 1722 452 θέαν

270 466 470 520 ἐκάθηρε,
509 465 642 517 ξύλοις
670 467 949 522 περιτειχίσας,
996 475 1042 506 ut
1081 470 1135 505 ait
1176 468 1443 516 Sozomenus,
1488 481 1555 506 eos
1590 481 1721 519 egere.

270 527 443 576 perstitit
465 531 597 562 autem
613 525 960 577 Xylocercetarum
979 530 1085 563 secta
1103 537 1173 562 seu
1190 525 1478 573 Ioannitarum,
1507 525 1565 562 uti
1582 524 1722 576 appel-

272 581 406 619 lantur
440 587 642 631 praeterea
663 592 694 618 'a
721 581 880 620 Socrate
898 581 936 622 *6
979 583 1029 621 16
1059 587 1098 618 et
1126 584 1152 622 7
1190 580 1286 629 25„
1312 592 1438 632 usque
1470 579 1520 617 ad
1543 583 1722 632 tempora

272 638 403 675 Procli
424 638 597 689 episcopi
614 638 695 687 GP,
726 639 795 690 qui
810 636 974 674 tandem
992 650 1058 674 eos
1076 635 1127 674 ad
1145 634 1392 674 concordiam
1410 635 1569 674 reduxit
1582 635 1722 674 Theo-

274 692 385 730 dosio
411 706 485 731 XVI
517 694 699 742 consule,
731 701 775 731 ut
798 692 972 745 produnt
995 692 1104 730 idem
1126 692 1304 731 Socrates
1326 695 1352 734 7
1381 691 1457 741 44,
1487 691 1723 731 Theodore-

273 756 338 787 tus
368 749 393 792 5
422 748 498 798 34,
537 757 577 788 et
605 748 873 817 Theophanes
905 762 940 787 a.
965 750 1020 789 30
1050 748 1269 787 Theodosii
1304 747 1486 787 1011119115.Γ
1543 747 1614 787 sed
1642 762 1723 787 11011

275 804 417 843 desunt
447 807 517 857 qui
547 819 570 843 a
601 809 760 844 nemine
796 808 933 857 ignem
963 803 1035 843 sed
1071 804 1257 843 divinitus
1295 806 1519 843 immissum
1549 803 1722 854 tradunt,

274 861 383 915 quod
410 863 513 900 velle
539 861 696 900 videtur
722 863 996 910 Marcellinus,
1031 868 1075 899 ut
1094 869 1133 899 et
1149 860 1313 899 historia
1337 861 1586 899 conciliabuli
1611 862 1722 899 exci-

134 921 164 955 P
187 919 254 956 527
275 921 348 956 tati
381 925 514 956 contra
540 918 731 956 Ioannem
759 918 1102 986 Chrysostomum:
1141 913 1242 958 καθ’
1268 914 1323 969 ἣν
1353 915 1396 957 δὲ
1421 916 1574 988 ἡμέραν
1598 916 1622 958 ὅ
1642 932 1724 958 των

275 987 428 1015 πιστων
442 972 561 1041 ἥλιος
581 971 653 1015 ἄπ’
678 971 811 1015 αὐτων
830 975 898 1016 ἔδυ
916 970 1209 1027 ἐξοριζόμενος,
1238 988 1319 1027 πυρ
1347 976 1465 1014 θεῖον
1491 971 1570 1014 dud
1600 973 1723 1026 μέσον

274 1034 348 1072 τοῦ
372 1027 546 1084 θρόνου,
578 1030 621 1071 ἐν
645 1024 676 1086 ᾧ
692 1028 923 1100 καθήμενος
937 1034 1024 1078 ταῖς
1043 1030 1168 1083 ίεραῖς
1193 1030 1368 1081 διδαχαῖς
1390 1045 1483 1078 τους
1499 1025 1724 1078 ἀκούοντας

273 1083 505 1157 ἐπύρσευεν,
534 1086 575 1135 ἐξ
599 1072 787 1140 οὐδεμιᾶς
806 1084 1068 1158 ἄνθρηωπίνης
1087 1087 1214 1134 αἰτίας
1233 1082 1434 1152 οίναφθέν,
1458 1085 1526 1126 καὶ
1543 1082 1641 1134 εἰς
1613 1095 1724 1137 υψος

274 1141 343 1184 δια
372 1146 453 1184 τῶν
480 1141 660 1184 ἆλύσεων
691 1141 824 1195 ὄφεως
849 1140 998 1197 τρόπον
1034 1142 1187 1210 ἕρψαν,
1220 1141 1285 1182 ἐπὶ
1313 1137 1444 1182 νώτου
1467 1142 1723 1192 ἐκτετίνακτο,

273 1202 348 1240 τοῦ
378 1199 631 1241 ἐπισκοπείου
662 1197 737 1268 την
768 1197 872 1252 ὕλην
900 1194 1303 1268 καταλυμαινόμενον.
1358 1197 1549 1239 ἐντεῦθεν
1578 1213 1725 1265 ανεμος

273 1251 502 1307 απηλιῶτης
530 1252 770 1304 ἐπιπνευσας
793 1257 999 1323 σφοδρῶς,
1028 1254 1096 1295 καὶ
1122 1251 1200 1296 οἷπό
1228 1257 1300 1306 τῆς
1329 1253 1539 1307 ἐκκλησίας
1564 1253 1629 1296 ἐπὶ
1652 1269 1725 1295 τον

272 1309 482 1364 βασιλικόν
512 1308 624 1353 οἶκον
644 1315 717 1365 τῆς
740 1309 965 1382 συγκλήτου
987 1311 1214 1366 γερουσίας,
1242 1310 1307 1352 ἐπὶ
1333 1312 1581 1380 μεσημβρίαν
1599 1311 1727 1362 κείμε-

270 1382 367 1416 νον,
397 1365 611 1436 διενεγκων
639 1366 683 1410 τὸ
705 1370 810 1418 πῦρ,
844 1369 900 1416 εἰς
923 1366 1033 1416 τέλος
1051 1363 1344 1419 κατελυμήνατο
1368 1364 1503 1408 αυτόν.
1559 1367 1603 1407 ἐν
1622 1365 1727 1432 τρισὶ

268 1425 408 1464 τοίνυν
441 1421 564 1476 ὥραις
589 1426 662 1476 τῆς
689 1423 840 1477 1ἠμέρας
862 1423 987 1477 ἔργων
1010 1423 1284 1477 πολυχρονίων
1302 1419 1522 1474 κατασκευή
1543 1420 1611 1462 καὶ
1632 1418 1728 1462 καλ-

272 1482 343 1527 λος
369 1476 644 1533 οἷνέκφραστον
661 1479 930 1533 ἐξηφανίσθη.
984 1493 1115 1532 neque
1143 1486 1276 1516 tamen
1301 1486 1384 1518 tota
1403 1479 1655 1530 conflagravit
1678 1491 1726 1516 00

271 1535 457 1574 incendio
493 1549 640 1587 magna
679 1538 865 1586 ecclesia,
909 1534 981 1574 sed
1011 1537 1249 1601 ΡΓΓαεεει-ῒίιιι
1274 1548 1320 1572 ea
1350 1549 1443 1587 pars
1472 1548 1572 1587 quae
1602 1536 1727 1572 Bema

272 1593 559 1658 complectitur.
616 1591 839 1629 cedrenus:
868 1589 911 1632 ἐν
934 1588 978 1631 δὲ
998 1591 1049 1644 τῇ
1068 1591 1202 1659 ἐξορία
1222 1606 1345 1631 αυτου
1374 1606 1449 1642 την
1471 1591 1681 1642 ἐκκλησίαν
1700 1588 1726 1631 o‘

271 1646 366 1696 λαός
386 1665 458 1701 της
477 1643 627 1695 πόλεως
647 1646 886 1714 ἐνέπρησεν,
917 1645 973 1694 ως
1003 1645 1047 1687 δὲ
1075 1644 1187 1687 ἄλλοι
1213 1647 1357 1697 φασίν,
1387 1662 1445 1687 οτι
1462 1662 1543 1698 πυρ
1562 1643 1727 1695 ἐξελθον

272 1704 318 1746 ἐκ
346 1707 421 1745 τοῦ
450 1703 736 1757 θυσιαστηρίου
762 1718 895 1744 παντα
919 1700 1146 1743 κατέκαυσε.
1203 1701 1247 1740 id
1267 1703 1427 1740 omnino
1447 1702 1580 1755 prodit
1599 1704 1727 1740 Geor—

274 1763 362 1812 gius
388 1759 682 1799 Alexandrinus
710 1761 755 1798 in
781 1761 863 1798 vita
889 1756 1160 1812 Chrysostomi
1183 1757 1289 1810 apud
1308 1757 1519 1808 Phofium,
1552 1759 1726 1797 scribens

273 1830 364 1854 eam
394 1818 644 1868 potissimum
667 1819 832 1868 partem
841 1814 1025 1854 incendio
1059 1815 1309 1866 absumptam
1337 1828 1436 1867 quae
1463 1817 1565 1853 circa
1585 1815 1726 1853 ambo-

273 1886 369 1910 nem
389 1880 492 1911 erat:
523 1872 591 1913 καὶ
613 1869 656 1913 τὸ
685 1874 767 1941 πῦρ
789 1869 979 1923 οἷναφθεν
998 1873 1070 1923 τῆς
1086 1870 1291 1922 ἐκκλησίας
1304 1873 1379 1911 τοῦ
1397 1868 1583 1922 ὅίμβωνος
1599 1867 1726 1911 πολλα

274 1931 357 1969 τῶν
379 1929 490 1982 πέριξ
515 1924 819 1980 κατενεμήσατο.
877 1926 987 1965 addit
1009 1941 1229 1979 anonymus
1249 1927 1473 1965 Combefisii
1493 1942 1566 1979 την
1587 1926 1700 1980 στέγη
1703 1941 1728 1967 ν

274 1988 346 2037 τῆς
365 1985 571 2037 ἐκκλησίας
591 1986 739 2037 pariter
762 1985 1045 2035 conflagrasse.
1076 1982 1147 2022 sed
1172 1990 1295 2031 errat,
1327 1996 1417 2020 cum
1435 1982 1477 2020 id
1498 1983 1569 2020 sub
1587 1981 1727 2020 Theo-

276 2040 387 2079 dosio
409 2043 464 2079 M.
487 2055 521 2079 a.
543 2044 567 2082 6
581 2070 591 2089 ,
623 2054 713 2079 cum
743 2039 915 2078 secunda
941 2038 1115 2092 synodus
1140 2038 1274 2076 habita
1293 2045 1351 2076 est
1372 2039 1485 2090 Cpoli
1505 2045 1543 2076 et
1563 2038 1726 2076 cedente

274 2098 466 2148 Gregorio
497 2099 702 2135 Nectarius
736 2097 967 2134 substitutus
1001 2103 1059 2133 est
1092 2093 1335 2146 patriarcha,
1366 2094 1552 2133 accidisse
1579 2094 1726 2134 subdit.

275 2152 449 2205 denique
475 2165 620 2203 magna
645 2153 810 2190 ecclesia
838 2165 995 2190 rursum
1021 2151 1273 2202 conflagravit
1297 2152 1468 2188 Honorio
1490 2153 1724 2202 imperante,

273 2210 391 2248 Aetio
416 2222 463 2246 111
495 2215 533 2245 et
563 2207 803 2260 Symmacho
828 2222 949 2257 coss.,
980 2214 1024 2245 ut
1045 2214 1179 2245 auctor
1204 2213 1262 2244 est
1283 2207 1534 2245 Marcellinus
1560 2208 1725 2245 Comes:

275 2264 466 2315 templum
487 2265 619 2315 regiae
639 2264 747 2302 urbis
764 2266 857 2316 igne
875 2271 1106 2311 crematum;
1137 2264 1246 2301 cuius
1268 2262 1430 2315 quidem
1446 2262 1619 2301 incendii
1636 2277 1726 2301 me-

274 2323 391 2359 minit
413 2323 498 2372 ipse
527 2323 724 2359 Honorius
742 2322 783 2357 in
802 2323 1004 2372 Rescripto
1016 2350 1026 2370 ,
1058 2319 1164 2373 quod
1188 2327 1317 2357 exstat
1335 2328 1424 2371 post
1444 2320 1652 2372 epistolam
1669 2320 1724 2361 81

212 2381 216 2386 '
273 2379 495 2415 Innocentii
511 2378 592 2415 PP.
650 2384 864 2415 restaurata
880 2376 1133 2428 postmodum
1156 2390 1179 2414 a
1197 2375 1422 2414 Theodosio
1446 2378 1623 2424 Iuniore,
1651 2373 1726 2412 de-

275 2433 404 2471 dicata
433 2440 491 2471 est
524 2434 571 2471 ab
602 2435 731 2471 Attico
755 2432 977 2485 patriarcha
998 2434 1073 2472 ΟΡ.
1098 2449 1132 2473 a.
1150 2435 1176 2473 7
1197 2432 1373 2471 eiusdem
1390 2431 1630 2479 Theodosii,
1659 2432 1727 2468 in-

276 2488 370 2527 dict.
396 2490 470 2538 13,
500 2491 673 2528 Honorio
697 2503 730 2528 x
757 2497 796 2528 et
824 2489 1051 2528 Theodosio
1071 2503 1115 2528 vl
1140 2502 1238 2527 coss.
1296 2488 1515 2527 Chronicon
1545 2489 1727 2525 Alexan-

277 2544 545 2600 (111110111·τῷ
565 2542 672 2602 αὐτῷ
694 2545 767 2587 ἔτει
787 2545 1021 2598 ἐπετελέσθη
1043 2562 1090 2586 τα
1110 2546 1286 2615 ἐγκαίνια
1302 2548 1372 2596 τῆς
1394 2542 1564 2598 μεγάλης
1586 2543 1727 2595 ἐκκλη-

278 2602 366 2649 σίας
392 2586 850 2650 Κωνσταντινουπόλεως
879 2601 975 2654 μηνὶ
997 2605 1035 2642 Γ
1030 2601 1176 2656 ορπιέω
1196 2599 1274 2653 πρδ
1295 2597 1326 2647 ς’
1345 2602 1443 2641 ι’δων
1463 2599 1726 2652 Ὀκτωβρίων,

274 2656 406 2712 ἡμέρα
444 2661 628 2714 κυριακῇ.
685 2660 792 2696 stetit
819 2672 935 2710 porro
965 2671 1110 2709 magna
1137 2658 1300 2695 ecclesia
1331 2670 1456 2709 usque
1485 2655 1535 2693 ad
1565 2669 1600 2693 a.
1629 2654 1725 2703 530,

279 2727 357 2767 quo
373 2716 416 2750 in
436 2699 627 2752 seditione
650 2728 769 2767 quam
785 2716 1089 2754 VictorIatorum
1110 2721 1271 2762 vocant,
1300 2715 1477 2750 maxima
1503 2712 1610 2749 urbis
1633 2722 1726 2761 pars

277 2769 459 2808 incendio
484 2778 714 2822 consumpta
736 2777 819 2821 est;
850 2779 967 2824 atque
989 2772 1092 2808 inter
1111 2771 1189 2808 alia
1208 2743 1384 2808 aedificia
1405 2781 1505 2821 quae
1527 2781 1573 2806 eo
1596 2765 1727 2804 deleta

279 2832 390 2879 sunt,
433 2839 578 2880 magua
614 2828 779 2869 eeclesia
815 2841 906 2868 cum
943 2826 1148 2880 stupendis
1181 2833 1220 2864 et
1251 2824 1491 2864 admirandis
1518 2822 1725 2872 columnis,
