1890 3224
281 188 345 236 42
635 189 985 236 NICEPHORUS
1019 192 1360 238 CPOLITANUS

277 301 377 358 παρ’
400 301 530 345 αὑτῶν
550 300 745 360 ἔφασκον,
775 307 810 347 εἲ
830 305 872 347 δὲ
891 303 1100 359 βούλοιντο
1122 306 1373 363 διαστρέφειν
1383 303 1592 360 Ῥωμαῖοι,
1618 305 1716 349 θεὸν

277 370 414 425 κριτὴν
435 374 514 412 τῶν
537 373 671 414 αῗτίων
699 373 894 428 γίνεσθαι.
957 373 1236 416 Ἰουστινιανοῢ
1258 375 1302 416 δὲ
1322 377 1476 428 μᾶλλον
1495 378 1564 429 τῆς
1583 371 1717 428 μάχης

277 438 537 493 αἱρουμένου,
572 433 681 481 οὗτοι
708 440 777 483 τὸν
802 445 874 495 τῆς
903 439 1060 497 εῗρήνης
1089 441 1287 499 ἔγγραφον
1312 440 1428 497 λόγον
1453 441 1524 498 ἐφ’
1554 440 1716 496 ὖψηλοῦ

277 503 569 560 ἀναρτήσαντες
597 510 760 561 σημείου
791 507 976 564 προάγειν
1004 510 1179 552 ἐκέλευον
1186 541 1199 561 ,
1234 510 1300 551 καὶ
1321 509 1369 565 δὴ
1395 509 1495 551 κατὰ
1510 507 1716 562 Ῥωμαίων

275 571 463 629 ἐχώρουν.
533 573 570 615 οἶ
589 575 634 617 δὲ
653 577 707 625 εἷς
725 577 855 633 φυγὴν
878 575 1108 633 ἐτράποντο.
1176 579 1243 619 καὶ
1269 575 1289 619 ὁ
1312 578 1475 632 κληθεὶς
1493 575 1746 633 περιούσιοςό

271 644 351 681 τῶν
373 639 568 694 Σκλάβων
592 642 688 693 λαὸς
711 650 794 694 τοῖς
814 647 1064 700 Σαρακηνοΐς
1085 647 1368 701 προστίθεται,
1402 646 1469 686 καὶ
1488 644 1560 687 σὺν
1581 644 1716 694 αὐτοῖς

267 705 489 760 Ῥωμαίους
515 709 699 766 ἀνῄρουν.
765 713 808 762 ’ἐξ
829 707 876 754 οὗ
898 716 1031 755 πλεῖον
1047 711 1389 769 προσκτησάμενοι
1405 710 1564 769 θάρσος
1582 710 1716 753 πλειό-

154 779 183 813 Ρ
205 780 250 816 25
273 791 351 825 νως
367 775 438 831 τὴν
452 774 657 831 Ῥωμαίων
674 779 801 836 ἀρχὴν
818 780 1089 834 ἐλυμαίνοντο.
1154 782 1223 823 καὶ
1249 780 1302 823 τὰ
1322 781 1395 835 μὲν
1414 780 1517 837 πρὸς
1534 780 1580 823 τὸ
1599 778 1716 830 ’ἔθνος

272 841 400 893 οὕτως
418 861 502 894 πως
522 844 624 899 ἴσχε.

405 913 478 962 Εἷς
509 914 552 955 δὲ
583 913 657 963 τὰς
685 914 890 965 πολιτικὰς
924 914 1259 972 ἀρχὰς-καθίστα
1286 913 1437 972 ἄνδρας
1460 913 1620 968 ἀπηνεῖς
1647 914 1714 955 καὶ
1726 921 1770 956 10

270 977 515 1032 ὠμοτάτους.
583 976 639 1023 ὧν
655 976 704 1035 ἦν
722 983 928 1039 Στέφανος
947 984 1133 1036 εὐνοῦχος
1149 984 1335 1040 Πέρσης,
1368 984 1515 1036 ταμίας
1536 986 1616 1023 τῶν
1632 985 1715 1034 βα-

262 1051 429 1089 σιλικῶν
439 1047 673 1103 χρημάτων,
703 1050 913 1091 καὶπολλὰ
931 1051 1024 1102 τοὺς
1039 1049 1117 1091 ὖπό
1130 1057 1248 1107 χεῖρα
1269 1048 1512 1103 αἰκιζόμενος
1533 1049 1626 1105 ἄχρι
1647 1050 1714 1090 καὶ
1741 1082 1744 1083 ⁷

267 1116 323 1163 εἷς
341 1115 413 1168 τὴν
435 1117 589 1171 μητέρα
602 1116 882 1159 Ἰουστινιανοῢ
903 1117 975 1172 τὴν
992 1116 1145 1171 τόλμαν
1162 1116 1337 1172 ἐξήνεγκε
1347 1149 1361 1168 ,
1393 1115 1590 1172 μάστιγας
1611 1116 1714 1172 αὐτῇ

265 1182 307 1222 ἓν
330 1181 504 1236 σχήματι
523 1182 655 1239 ὥσπερ
676 1184 770 1233 τοὺς
786 1186 934 1235 παῖδας
953 1185 991 1226 οἳ
1007 1186 1306 1241 γραμματισταὶ
1326 1184 1570 1237 ἐπιθέμενος.
1608 1181 1714 1226 Θεό-

265 1250 382 1306 δοτον
402 1250 448 1291 δέ
467 1268 556 1292 τινα
577 1249 753 1304 μοναχόν
765 1282 778 1301 ,
816 1252 1037 1306 ἓγκλειστὸν
1057 1252 1102 1293 τὸ
1124 1250 1316 1308 πρότερον
1335 1251 1439 1293 κατὰ
1458 1251 1510 1294 τὰ
1534 1252 1713 1310 Θρᾳκῷα
1724 1259 1766 1295 15

261 1320 336 1357 τοῦ
365 1321 504 1359 στενοῦ
533 1318 743 1373 λεγομένου
772 1317 899 1375 πόρου
933 1319 1142 1374 γεγονότα,
1177 1324 1256 1362 τῶν
1288 1320 1491 1374 δημοσίων
1513 1317 1711 1374 λογιστήν,

264 1382 309 1425 ὃν
325 1384 370 1426 τὸ
394 1387 578 1439 δημῶὸες
595 1386 813 1441 λογοθέτην
831 1391 1010 1438 καλοῦσι,
1040 1389 1291 1442 καθίστησιν,
1319 1387 1363 1437 ὃς
1381 1385 1584 1443 ὕπερβολῇ
1602 1385 1713 1440 ὠμό-

211 1459 242 1494 Β
266 1469 383 1506 τητος
407 1453 453 1495 οὗ
474 1453 568 1503 τοὺς
582 1452 653 1495 ὕπ’
680 1454 801 1496 αὐτὸν
820 1453 944 1508 μόνον
956 1453 1150 1510 χρήματα
1168 1454 1348 1511 ἔπραττε,
1368 1453 1581 1511 μετεώροις
1598 1471 1712 1508 σχοι-

262 1521 360 1569 νίοις
388 1521 570 1576 ἀναρτῶν
597 1523 664 1562 καὶ
695 1520 860 1578 ἀχύροις
881 1525 1187 1578 περικαπνίζων,
1222 1523 1316 1563 ἀλλ’
1350 1522 1428 1576 ἤδη
1458 1525 1524 1564 καὶ
1553 1521 1712 1577 ἑτέρους

259 1589 618 1646 περιφανεστέρους
641 1588 794 1645 ἄνδρας
816 1588 1006 1644 δημεύων.
1018 1591 1084 1631 καὶ
1109 1588 1338 1647 ἀφορήτους
1354 1589 1494 1639 ποινὰς
1513 1590 1766 1647 ἓπιφέρωνὲθ

260 1655 494 1698 ἀπέκτεινεν.
999 1710 1003 1713 ἱ

395 1722 593 1765 Λεόντιον
616 1722 662 1766 δέ
679 1741 767 1768 τινα
787 1723 994 1780 πατρίκιον
1015 1723 1057 1765 ἐκ
1079 1726 1152 1778 τῆς
1171 1727 1251 1766 τῶν
1267 1719 1461 1780 Ἰσαῦρων
1478 1720 1710 1779 ὁρμώμενον

255 1788 394 1848 χώρας
410 1793 476 1833 καὶ
495 1790 717 1847 στρατηγὸν
739 1789 949 1847 γενόμενον
971 1795 1044 1834 τοῦ
1064 1791 1300 1833 ἀνατολικοῦ
1317 1792 1562 1845 καλουμένου
1583 1807 1709 1848 στρα-

348 1886 370 1920 2
391 1883 460 1929 τὴν
481 1882 628 1929 μάχηνῗ
698 1876 701 1877 ’
761 1886 784 1921 8
805 1884 881 1920 τῶν
902 1885 932 1920 Ρ
956 1921 957 1926 ,
1069 1885 1115 1920 12
1135 1884 1199 1920 καὶ
1219 1881 1364 1931 πολλὰ]
1390 1880 1435 1926 ὃς
1455 1883 1604 1921 nonde?

258 1961 429 2009 integram
452 1975 613 1999 servasse
633 1962 807 1999 dixerunt.
854 1963 979 2018 quodsi
1000 1963 1148 1999 Romani
1170 1975 1245 1999 eam
1266 1963 1401 1999 violare
1419 1964 1582 2010 cupiant,
1605 1965 1709 2000 deun

111 2015 148 2039 a.
169 2005 235 2041 681
260 2010 304 2043 de
338 2010 493 2044 criminis
524 2009 615 2044 illius
648 2010 846 2045 auctoribus
869 2010 1110 2045 ludicaturum.
1155 2011 1220 2044 sed
1240 2010 1431 2044 Iustiniano
1451 2010 1577 2044 bellum
1597 2010 1707 2055 magis

255 2059 418 2100 optante,
452 2055 503 2089 illi
531 2055 686 2090 foederis
717 2056 851 2090 tabulas
874 2068 894 2089 e
915 2055 1052 2090 sublimi
1074 2055 1202 2090 vexillo
1225 2067 1414 2100 suspensas,
1432 2055 1604 2100 praeferri
1624 2061 1707 2090 ante

254 2112 294 2135 se
317 2101 458 2146 iubent,
495 2106 599 2147 atque
620 2101 673 2136 ita
693 2105 815 2136 contra
836 2102 1010 2136 Romanos
1036 2102 1244 2146 procedunt3
1280 2111 1366 2145 quos
1389 2100 1425 2134 in
1448 2102 1564 2145 fugam
1593 2101 1706 2135 eonii-

254 2146 362 2180 ciunt.
409 2147 472 2181 sed
504 2152 539 2181 et
566 2147 752 2192 peculiaris
787 2147 845 2181 ille
876 2147 1076 2181 Sclavorum
1100 2146 1247 2191 populus
1281 2145 1355 2188 (ita
1380 2145 1470 2180 enim
1489 2148 1705 2190 vocabatur)

252 2193 298 2226 ad
323 2193 517 2226 Saracenos
542 2192 680 2236 deficit,
715 2192 917 2237 quibuscum
946 2193 1119 2226 Romanos
1142 2190 1366 2225 communiter
1388 2192 1591 2226 caedebant.
1638 2192 1706 2227 hoc

251 2237 372 2283 itaque
395 2239 495 2271 modo
519 2249 598 2271 sese
621 2238 788 2271 adversus
810 2243 949 2282 gentem
971 2237 1061 2271 illam
1083 2237 1272 2282 imperator
1293 2237 1417 2281 gessit.

341 2284 415 2317 Iam
445 2294 530 2317 vero
563 2282 723 2316 civilibus
757 2283 1015 2326 magistratibus
1046 2283 1173 2316 efferos
1203 2282 1357 2316 homines
1380 2294 1420 2316 ac
1447 2281 1703 2317 crudelissimos

105 2339 142 2363 a.
164 2328 232 2365 693
252 2329 442 2373 praefecit3
466 2339 609 2374 quorum
632 2338 718 2361 unus
741 2328 940 2373 Stephanus
959 2327 1026 2361 fuit
1048 2328 1176 2373 spado,
1201 2339 1328 2371 genere
1346 2328 1475 2372 Persa,
1498 2327 1574 2362 fisci
1597 2338 1703 2372 prae—

250 2376 386 2419 fectus,
423 2374 482 2428 qui
512 2373 687 2408 subiectos
710 2373 779 2407 sibi
803 2384 919 2406 omnes
943 2373 1074 2417 magnis
1095 2373 1308 2407 contumeliis
1330 2373 1526 2418 afficiebat,
1552 2373 1639 2406 adeo
1662 2377 1704 2408 ut

251 2420 308 2453 vel
326 2419 509 2454 Iustimani
532 2423 675 2453 matrem
697 2418 841 2453 audacia
862 2418 954 2452 illius
978 2430 997 2452 a
1022 2423 1178 2463 peteret,
1210 2418 1312 2463 eique
1335 2420 1501 2462 verbera,
1535 2419 1700 2463 quemad—

249 2467 385 2499 modum
403 2465 520 2510 pueris
539 2464 767 2499 elementariis
786 2464 942 2509 magistri
959 2475 997 2497 so
1013 2469 1083 2507 ent,
1101 2463 1303 2498 intentaret.
1348 2464 1439 2498 idem
1457 2474 1561 2508 porro
1578 2464 1700 2498 Theo-

250 2511 367 2544 dotum
391 2512 559 2555 quendam
581 2510 801 2553 monachum,
829 2510 886 2555 qui
912 2509 1008 2554 prius
1029 2509 1066 2543 in
1089 2509 1265 2544 Thraciae
1285 2508 1410 2543 finibus
1429 2510 1471 2543 ad
1490 2509 1573 2542 freti
1591 2520 1701 2554 ungu-

249 2556 336 2591 stias
370 2555 533 2590 inclusam
570 2568 613 2590 ac
645 2555 833 2590 solitariam
857 2555 962 2589 vitam
985 2555 1150 2598 duxerat,
1184 2555 1314 2602 publici
1337 2554 1464 2588 aerarii
1486 2554 1700 2599 praefectum

248 2601 447 2645 constituit,
482 2613 582 2646 quem
612 2601 819 2646 logothetam
842 2600 945 2645 vulgo
971 2604 1179 2645 nuncupant.
1226 2600 1286 2644 qui
1308 2611 1374 2645 per
1395 2611 1556 2634 summam
1574 2601 1699 2634 crude-

247 2647 379 2681 litatem
401 2658 469 2680 non
492 2648 591 2681 modo
617 2659 638 2681 a
658 2647 823 2681 subiectis
843 2646 911 2680 sibi
935 2645 1097 2691 pecunias
1120 2645 1298 2690 exigebat,
1333 2657 1419 2689 quos
1439 2645 1583 2680 sublatis
1603 2645 1696 2679 suni-

249 2694 313 2727 bus
347 2696 505 2727 extentos
537 2693 711 2737 palearum
741 2693 834 2728 fumo
870 2691 1066 2735 cruciabat,
1100 2691 1162 2725 sed
1193 2691 1296 2725 etiam
1319 2691 1404 2725 alios
1427 2691 1578 2726 illustres
1601 2690 1697 2725 viros

248 2738 490 2784 proscribebat
512 2750 553 2773 ac
574 2739 696 2783 poenis
716 2737 991 2773 intolerabilibus
1015 2738 1175 2771 necabat.

340 2785 502 2820 Ceterum
520 2783 703 2818 Leontium
722 2784 890 2831 quendam
908 2782 1102 2829 patricium,
1119 2793 1248 2827 genere
1266 2781 1453 2816 Isauricum
1488 2781 1548 2827 qui
1566 2780 1694 2816 Orien-

248 2830 377 2866 talibus
401 2829 510 2876 copiis
532 2830 754 2877 praefuerat,
778 2829 892 2865 multis
913 2830 1016 2864 rebus
1037 2827 1213 2874 praeclare
1234 2839 1275 2863 ac
1295 2839 1370 2863 cum
1389 2826 1490 2863 laude
1509 2826 1618 2872 gestis
1635 2824 1694 2860 ‘in-
