1890 3224
635 181 862 226 BELLUM
893 181 1193 226 AVARIGUM.
1572 181 1637 229 49

407 293 451 336 ἐκ
472 296 552 336 τῶν
575 292 766 348 ἀθέσμων
781 292 1004 352 βαρβάρων
1025 293 1238 352 ὓφίστατο,

405 366 486 404 τῶν
504 363 577 416 μὲν
597 362 800 405 θελόντων
817 363 912 413 τοὺς
931 365 1201 419 πεπηγμένους
1222 362 1340 422 ὅρους

408 429 469 472 ἀεὶ
490 429 689 483 σαλεύειν,
723 435 796 473 τοῦ
819 431 862 472 δὲ
878 429 1087 485 Ῥωμαίων
1107 431 1279 488 κράτους

323 499 379 541 40
412 497 611 554 εἴργοντος
634 499 770 548 αὐτοῖς
789 498 862 548 τὰς
883 500 986 541 καθ’
1010 498 1125 554 ἡμῶν
1151 499 1345 553 εἰσόδους,

409 564 639 622 ἔμπροσθεν
661 566 796 616 ἄλλοις
818 565 1066 618 εὖσυνόπτως
1088 567 1259 625 ἐγράφη,

410 633 519 683 ὅσοις
539 633 656 684 ἔδειξε
679 635 974 692 συμπαρέρπων
996 634 1017 677 ὅ
1035 635 1184 692 χρόνος

407 701 481 755 τὴν
505 706 585 744 τῶν
611 701 860 759 φθασάντων
885 703 1081 760 ἀσφαλῶς
1103 702 1299 759 ὖποψιάν.

410 769 487 824 ἐγὼ
510 770 554 811 δὲ
576 776 661 820 τοῖς
680 770 843 826 ἔναγχος
867 771 1040 825 ἐντυχὼν
1057 771 1220 828 χρόνοις

322 838 375 881 45
410 836 734 893 αὖτοπροσιόπων
756 837 1003 893 πραγμάτων
1022 838 1268 895 ἐφάπτομαι,

409 904 516 960 εἴπερ
538 921 599 954 τις
621 903 718 958 ἡμῖν
742 903 880 955 ἔνθεος
900 908 987 960 δοίη
1006 905 1129 963 χάρις

410 976 462 1028 τῇ
487 976 567 1014 τῶν
587 971 791 1015 τοσούτων
811 972 994 1030 πράξεων
1015 974 1186 1033 ἀμετρίᾳ

411 1040 558 1094 στολὴν
575 1047 796 1097 παρασχεῖν
814 1046 994 1096 τεχνικῆς
1014 1042 1235 1099 εὖμετριάς.

467 1107 608 1158 Μόλις
627 1109 700 1162 μὲν
720 1103 790 1150 οὖν
810 1108 973 1162 ἴσβεστο
997 1114 1070 1164 τῆς
1090 1110 1326 1165 τυραννίδος

328 1173 383 1216 50
416 1172 437 1216 ὃ
465 1174 740 1226 δυσκάθεκτος
757 1178 823 1218 καὶ
842 1175 1074 1234 βιοφθόρος
1097 1176 1270 1234 δράκων,

417 1242 461 1292 ὃς
479 1238 548 1298 ἦγε
569 1244 743 1294 πολλοὺς
761 1246 816 1294 εἷς
834 1245 880 1287 τὸ
898 1243 1090 1299 βλάπτειν
1110 1246 1280 1299 αὐχένας

415 1309 544 1367 ὕδρας
561 1312 708 1366 ἐκείνης
722 1316 795 1365 τῆς
814 1314 1062 1367 λαλουμένης
1083 1314 1215 1364 πλέον,

415 1378 453 1420 οἱ
474 1380 591 1436 μέχρι
608 1384 679 1421 νῦν
700 1380 914 1437 σπαίρουσι
933 1382 999 1423 καὶ
1018 1381 1252 1435 τετμημένοι

416 1444 587 1503 φύουσιν
614 1442 757 1497 αὖθις·
792 1449 830 1491 οἳ
854 1449 932 1505 γὰρ
956 1451 1098 1505 ἰχῶρες
1120 1447 1241 1491 πάλιν

323 1514 378 1558 55
413 1512 621 1566 στάζοντες
641 1515 827 1558 ὠδίνουσι
849 1516 922 1570 τὴν
942 1517 1077 1571 κοινὴν
1097 1515 1271 1571 βλάβην,

415 1584 482 1624 καὶ
504 1587 633 1624 ταῦτα
651 1587 810 1625 πολλῶν
831 1583 1024 1633 πολλάκις
1044 1586 1296 1638 τετμημένων

416 1650 460 1691 ἐκ
483 1654 556 1691 τοῦ
574 1650 674 1707 παρ’
699 1649 796 1705 ἡμῖν
817 1652 1005 1705 εὐσεβοῦς
1020 1650 1282 1708 (Ηρακλέους.

415 1717 526 1771 ὅμως
544 1719 587 1760 δὲ
607 1717 756 1773 ταύτην
777 1720 849 1773 τὴν
871 1719 1061 1776 ἀφορμὴν
1080 1718 1106 1774 ἡ
1122 1718 1241 1770 νόσος

415 1783 441 1838 ἦ
461 1789 541 1826 τῶν
563 1786 665 1827 καθ’
691 1784 800 1840 ἡμᾶς
821 1791 1111 1842 προσλαβοῦσα
1130 1785 1376 1843 πραγμάτων

329 1855 384 1895 60
418 1852 571 1902 πολλὰς
591 1853 711 1895 ἐποίει
732 1857 812 1895 τῶν
832 1858 966 1910 μερῶν
986 1854 1209 1910 διαιρέσεις,

417 1921 483 1961 καὶ
504 1927 589 1971 τοῖς
609 1918 766 1971 ἑαυτοῖς
788 1923 932 1976 αἵμασι
952 1922 1206 1979 πεφυρμένον

289 2023 336 2058 49
359 2017 428 2078 oy'v
451 2026 520 2061 add
542 2026 571 2062 P
719 2027 763 2063 51
788 2024 887 2073 εἷχεί)
912 2039 956 2063 an
979 2039 1053 2063 cum
1074 2027 1260 2074 interprete
1281 2021 1376 2074 ᾖρεῖ)
1524 2028 1571 2063 57
1594 2025 1652 2062 εὔ-

364 2082 393 2104 ω

292 2114 423 2160 σέβῦνς
444 2116 474 2151 Ρ
578 2118 621 2153 61
646 2115 807 2163 fiammis?
906 2120 991 2155 ibid.
1013 2117 1257 2165 πεφυρμένως
1277 2118 1329 2162 P,
1352 2116 1587 2162 πεφυρμένος
1611 2119 1654 2152 ed

200 2203 284 2249 ipsis
307 2205 438 2249 quidem
460 2207 652 2243 volentibus
679 2212 797 2254 pactos
821 2209 983 2244 terminos
1006 2221 1140 2255 semper
1160 2208 1350 2249 transilire,
1374 2212 1409 2242 et
1427 2207 1655 2242 Romanorum

201 2251 356 2294 potentia
380 2252 461 2296 (40)
483 2258 602 2288 eontra
625 2255 832 2295 obsistente,
854 2267 898 2289 ne
919 2256 1058 2289 daretur
1078 2256 1162 2301 ipsis
1184 2255 1229 2288 ad
1251 2266 1313 2288 nos
1328 2254 1451 2288 aditus.
1495 2254 1562 2288 iam
1578 2260 1658 2288 ante

201 2295 286 2329 satis
310 2295 468 2331 distincte
492 2299 653 2344 scriptum
669 2306 721 2335 est
735 2301 778 2334 ab
793 2300 886 2341 aliis,
910 2301 1032 2345 quibus
1057 2302 1141 2335 clam
1161 2300 1411 2346 praeterlabens
1425 2305 1558 2344 tempus
1573 2311 1658 2333 con-

201 2340 307 2374 cessit
329 2341 372 2375 de
397 2343 498 2376 rebus
523 2345 701 2379 transactis
723 2346 847 2379 habere
867 2346 1038 2380 indubiam
1061 2347 1294 2392 suspicionem.
1340 2356 1405 2389 ego
1425 2356 1510 2378 vero
1525 2345 1559 2378 in
1574 2346 1657 2379 haec

201 2387 395 2431 praesentia
409 2387 561 2422 incidens
579 2394 730 2435 tempora
753 2392 831 2435 (45)
854 2403 910 2425 res
926 2398 1142 2437 praesentes,
1168 2396 1208 2425 ut
1225 2395 1323 2432 sunt,
1345 2394 1494 2423 tractare
1507 2391 1657 2431 instituo,

202 2430 232 2464 si
255 2442 343 2475 quae
365 2432 480 2466 divina
503 2435 586 2468 mihi
608 2435 773 2478 largiatur
795 2437 906 2480 gratia
930 2443 968 2470 ut
990 2441 1042 2471 tot
1063 2442 1301 2481 tantarumque
1323 2446 1432 2469 rerum
1445 2436 1657 2469 immensitati
1701 2451 1703 2454 ¹

202 2482 333 2510 vestem
361 2489 518 2513 exornem
546 2491 588 2513 ex
612 2481 786 2515 industriis
807 2482 965 2516 numeris.
1011 2483 1071 2516 vix
1087 2483 1164 2516 dum
1179 2482 1311 2527 quidem
1328 2481 1493 2514 extinctus
1508 2487 1581 2514 erat
1595 2487 1656 2524 ty-

202 2521 351 2555 rannidis
374 2523 452 2567 (50)
476 2524 532 2558 ille
547 2525 723 2560 indomitus
739 2531 774 2559 et
789 2526 882 2560 vitae
896 2531 1073 2573 corruptor
1087 2528 1199 2571 draco,
1223 2527 1279 2571 qui
1293 2526 1398 2560 multa
1412 2527 1597 2560 extollebat
1611 2526 1655 2560 ad

202 2567 388 2602 nocendum
411 2569 545 2613 capita,
580 2571 688 2615 hydra
703 2571 780 2613 illa,
814 2579 855 2605 ut
868 2579 1026 2614 vocatur,
1061 2573 1208 2613 tristior3
1245 2583 1319 2605 cum
1335 2582 1376 2604 ea
1389 2582 1475 2616 quae
1490 2572 1657 2616 palpitare

205 2610 407 2646 videbantur
424 2615 478 2648 vel
494 2622 631 2649 exsecta
645 2628 762 2650 rursus
782 2623 985 2651 enascuntur
1007 2618 1167 2662 (ichores
1182 2617 1265 2651 enim
1279 2617 1398 2650 iterum
1421 2617 1503 2661 (55)
1527 2617 1656 2650 stillan-

204 2659 259 2688 tes
271 2657 408 2700 pariunt
424 2670 595 2694 commune
610 2662 808 2704 damnum),
831 2663 984 2706 quamvis
1009 2663 1135 2703 multa,
1157 2674 1220 2695 nec
1243 2662 1363 2704 semel,
1386 2673 1430 2695 ex
1452 2661 1535 2706 ipsis
1559 2661 1652 2694 exci-

203 2700 311 2734 disset
338 2703 445 2736 nostri
466 2705 576 2748 pietas
601 2707 753 2751 religiosi
776 2708 939 2742 Heraclii.
983 2713 1095 2743 tamen
1113 2708 1197 2741 hauc
1210 2707 1317 2751 ipsam
1330 2711 1432 2740 nacta
1446 2706 1653 2740 occasionem

202 2746 395 2788 infirmitas,
419 2759 506 2792 quae
520 2756 707 2786 nostrarum
722 2757 799 2785 erat
813 2753 923 2796 potita
935 2764 1066 2790 rerum.
1089 2753 1167 2795 (60)
1190 2752 1310 2786 multas
1326 2752 1496 2786 formabat
1510 2751 1653 2795 partium

203 2790 408 2836 divisiones3
432 2804 574 2841 cumque
589 2797 712 2832 civium
726 2798 922 2842 sanguinem
937 2798 1203 2841 contaminasset,
1216 2802 1334 2833 ¹totum
1349 2807 1472 2842 corpus
1487 2795 1652 2831 aerumnis
