1890 3224
721 197 1044 245 DEDIGATIO.
1496 189 1506 199 ⁴
1589 213 1618 243 v

157 360 235 386 nec
262 347 396 388 minus
424 353 560 385 tamen
588 343 640 384 ad
665 346 770 384 bene
797 345 992 398 beateque
1013 340 1232 383 vivendum
1248 343 1491 394 necessaria,
1520 356 1618 382 con-

159 434 313 477 vertes,
356 440 402 465 ac
438 420 644 464 literarum
679 431 839 463 tuarum
877 423 1100 463 salubritati
1128 421 1392 477 dignitatique
1421 424 1616 462 consules.

161 507 272 545 venit
300 506 408 544 enim
435 502 538 542 mihi
564 504 608 541 in
635 510 832 553 mentem,
871 504 942 556 qui
976 510 1069 542 tuus
1105 510 1195 541 ante
1233 516 1382 556 paucos
1411 502 1496 543 dies
1524 517 1619 556 par-

163 586 236 623 tim
264 598 288 622 a
315 597 382 622 me
410 582 568 621 auditus
595 584 742 635 partim
771 583 820 620 ab
850 583 939 621 aliIs
968 588 1158 634 exceptus
1186 596 1316 622 sermo
1343 583 1487 633 fuerit,
1530 596 1622 621 cum

163 671 208 702 tu
235 661 339 702 illud
365 662 621 714 profitebare,
661 661 765 701 nihil
792 663 865 701 tibi
893 663 1043 715 gratius
1070 674 1250 715 unquam
1279 663 1479 701 exstitisse
1507 663 1623 701 bonis

163 742 314 780 artibus
342 742 565 794 artiumque
592 742 748 794 peritis,
774 754 906 795 neque
933 743 977 780 in
1004 749 1231 794 posterum,
1262 755 1342 796 quo
1369 745 1499 781 maior
1525 742 1623 782 sub-

164 820 326 860 levandi
354 826 457 860 esset
483 820 674 871 facultas,
702 821 787 859 ulla
813 821 856 859 in
884 834 928 858 re
957 819 1200 860 defuturum.

278 899 544 948 Quamobrem
589 907 635 938 ut
677 901 762 939 eius
802 901 910 939 vocis
948 901 1183 954 consiliique
1220 900 1492 950 meminisses,
1533 908 1626 939 tan-

162 992 290 1033 ,quam
327 978 635 1032 admonitorem-
655 979 827 1030 allegavi
864 977 1135 1030 Nicephorum
1180 986 1383 1029 nostrum3
1437 981 1508 1033 qui
1552 980 1627 1018 tibi

166 1065 259 1097 cum
277 1049 472 1110 'privatim
500 1058 563 1096 sui
591 1064 679 1095 tum
708 1058 911 1096 communi
938 1058 1100 1095 nomine
1131 1058 1336 1096 literarum
1363 1060 1628 1110 patrocinium

168 1137 361 1187 deferret,
400 1137 523 1175 simul
549 1138 670 1174 etiam
698 1143 874 1188 rogaret,
914 1135 1022 1190 quod
1047 1138 1092 1175 in
1117 1137 1168 1175 iis
1195 1136 1409 1176 tractandis
1436 1138 1629 1190 profiten-

170 1215 311 1269 disque
348 1221 482 1253 nostra
521 1216 688 1254 societas
724 1217 921 1265 elaboret,
964 1223 1120 1267 partem
1154 1223 1200 1254 ut
1237 1215 1289 1253 ad
1326 1230 1416 1254 eam
1451 1218 1627 1270 aliquam

170 1292 436 1333 solicitudinis
472 1292 593 1332 huius
630 1294 1010 1346 benevolentiaeque
1038 1293 1295 1344 transferres3
1336 1302 1382 1333 ut
1408 1297 1458 1334 iis
1486 1297 1630 1349 quibus

170 1387 289 1425 saepe
316 1372 461 1410 iactata
489 1378 549 1410 est
576 1372 770 1411 molestiis
796 1373 1005 1424 perfuncta
1030 1385 1113 1411 non
1139 1379 1224 1411 tam
1246 1374 1333 1425 ipsa
1353 1377 1632 1428 conquiescere

170 1453 317 1505 possit,
356 1463 477 1504 quam
506 1458 546 1489 et
573 1452 763 1490 ecclesiae
793 1451 933 1490 officiis
962 1451 1144 1490 omnibus
1174 1459 1214 1490 et
1244 1451 1512 1492 doctrinarum
1544 1462 1632 1494 stu-

172 1530 251 1569 diis
279 1530 429 1581 vigiliis
456 1529 738 1583 laboribusque
768 1532 850 1570 suis
880 1529 1078 1569 commodi
1107 1531 1260 1584 aliquid
1278 1532 1431 1571 afferre.
1491 1532 1541 1571 de
1565 1547 1632 1572 me

172 1623 267 1649 vero
297 1607 404 1662 quod
431 1610 644 1661 praecipue
680 1611 881 1662 postulem
907 1609 1011 1647 nihil
1040 1617 1122 1660 est,
1166 1612 1244 1649 nisi
1282 1619 1327 1650 ut
1364 1610 1552 1650 audaciae
1590 1614 1635 1650 in

173 1697 214 1728 te
240 1687 532 1740 interpellando
559 1701 674 1726 meae
703 1690 761 1727 sic
785 1690 969 1740 ignoscas
996 1697 1042 1728 ut
1069 1691 1197 1728 amori
1225 1703 1319 1742 erga
1345 1698 1387 1729 te
1413 1692 1633 1730 voluntati-

176 1781 255 1822 que
282 1768 432 1808 faveas.
462 1767 565 1805 vale.
621 1768 802 1808 Lutetiae
829 1769 955 1808 Paris.
985 1771 1012 1810 6
1038 1767 1123 1807 kal.
1152 1769 1264 1821 Sept.
1293 1782 1330 1807 a.
1359 1769 1401 1810 d.
1432 1773 1555 1814 1616.
