1890 3224
345 144 419 175 m
965 127 1198 184 QUERGH

346 247 405 280 est
423 238 582 280 credere
607 236 780 278 eundem
807 238 955 277 librum
984 239 1046 280 bis
1078 240 1203 279 fuisse
1229 237 1381 278 editum
1409 238 1563 282 duobus
1589 243 1703 286 annis
1719 247 1795 289 tibi

342 311 527 363 proxime
547 307 902 361 subsequentibus,
945 306 1017 346 sed
1042 309 1172 360 ipsam
1199 309 1331 361 potius
1352 293 1566 349 editionem
1585 311 1658 351 sub
1678 313 1796 353 finem

344 380 439 417 anni
464 376 571 420 1584
596 377 795 427 inceptam
824 388 952 429 usque
989 375 1041 414 ad
1072 378 1233 414 initium
1265 376 1371 419 1585
1397 383 1633 429 protractam
1660 381 1796 432 fuisse,

344 445 454 499 quod
473 442 653 483 eiusdem
673 443 847 480 Morellii
877 445 1045 496 epistola
1073 445 1359 497 nuncupatoria
1378 443 1429 482 ad
1449 444 1636 486 Sirletum
1659 447 1798 487 cardi-

343 514 478 551 nalem
503 511 663 551 videtur
690 509 882 549 suadere:
923 510 1015 549 data
1035 518 1095 549 est
1111 513 1219 550 enim
1238 511 1302 550 die
1317 514 1433 551 tertia
1451 513 1601 552 mensis
1622 515 1798 561 Octobris

344 581 527 620 exeuntis
550 580 645 616 anni
669 577 788 621 1584.
818 593 935 631 porro
953 581 1090 632 paucis
1108 587 1199 631 post
1217 582 1330 619 annis
1347 580 1458 619 idem
1476 594 1575 632 opus
1596 579 1648 618 ad
1667 594 1800 623 amus-

344 650 443 698 sim,
483 646 555 686 sed
590 648 724 685 minus
759 648 962 699 eleganter
997 661 1182 686 recusum
1206 655 1266 687 est
1295 653 1349 687 ex
1374 648 1546 687 editione
1570 650 1803 689 Morelliana

343 715 635 767 Heidelbergae
654 714 732 754 hoc
751 717 889 755 titulo:
919 714 1164 771 Ἑξαήμερον
1181 713 1271 769 ἤτοι
1287 716 1317 770 ἦ
1333 717 1578 780 κοσμουργίξκ
1593 719 1668 758 τοῦ
1690 718 1804 760 Πισί-

296 839 304 847 „
346 784 420 825 δον
439 780 627 824 διακόνου
652 782 721 823 καὶ
748 780 1051 837 χαρτοφύλακος
1073 787 1146 837 τῆς
1172 781 1344 838 μεγάλης
1368 786 1442 826 τοῦ
1458 787 1562 826 θεοῦ
1583 785 1805 838 ἐκκλησίας.

346 854 420 894 τοῦ
440 847 569 891 αὐτοῦ
597 850 761 904 ἰαμβεῖα
787 851 846 900 εἰς
870 847 940 893 τόν
962 846 1133 904 μάταιον
1153 852 1258 904 βίον.
1323 851 1435 902 Opus
1454 865 1520 890 sex
1538 854 1710 901 dierum,
1736 868 1806 891 seza

348 919 492 958 mundi
511 919 716 970 opficium
739 919 904 971 Georgii
923 919 1088 957 Pisidae
1113 919 1273 957 diaconi
1297 926 1335 955 et
1360 919 1636 970 referendarii,
1670 921 1806 972 cpoli-

350 995 468 1025 tanae
487 987 671 1025 ecclesiae
689 987 851 1038 po'e'ma.
913 988 1087 1026 eiusdem
1102 989 1251 1026 senarii
1267 987 1314 1025 de
1334 989 1511 1026 vanitate
1527 989 1644 1027 vitae.
1704 1003 1725 1026 e
1743 997 1807 1039 ty-

341 1055 568 1109 pographio
586 1056 647 1093 H.
676 1054 911 1093 Commelini
924 1070 1032 1094 anno
1055 1056 1177 1106 1596,
1198 1058 1247 1105 83
1278 1069 1357 1109 quo
1375 1058 1419 1093 in
1435 1056 1552 1094 titulo
1572 1069 1641 1094 cur
1656 1054 1807 1106 Pisida,

348 1126 419 1178 qui
439 1125 586 1162 Graece
605 1123 832 1160 inscribitur
849 1120 1106 1176 χαρτοφύλαξ
1117 1153 1127 1173 ,
1169 1125 1310 1161 Latine
1330 1122 1484 1161 dicatur
1497 1123 1808 1175 referendarius,

344 1193 466 1245 plane
483 1205 566 1230 non
584 1203 786 1244 assequor.
843 1204 985 1230 verum
1009 1190 1076 1229 hic
1105 1204 1212 1229 error
1235 1191 1312 1229 fuit
1337 1190 1532 1241 Morellii,
1561 1192 1631 1244 qui
1654 1193 1807 1243 primus

343 1274 416 1312 pro
446 1259 752 1310 chartophylace
780 1257 955 1297 reddidit
982 1258 1308 1311 referendarium.
1386 1265 1544 1310 praeter
1571 1258 1644 1298 has
1675 1266 1808 1298 autem

343 1340 426 1366 non
454 1328 551 1365 novi
582 1327 680 1365 alias
710 1340 795 1365 esse
818 1328 940 1366 factas
961 1325 1121 1365 divisim
1141 1326 1322 1365 eiusdem
1339 1327 1584 1365 Hexae'meri
1602 1326 1809 1377 editiones,

344 1396 587 1433 coniunctim
611 1402 747 1434 autem
766 1409 858 1434 cum
881 1396 970 1434 aliis
988 1396 1118 1446 poetis
1138 1395 1205 1433 vel
1224 1395 1403 1446 patribus
1423 1396 1569 1433 iterum
1585 1396 1810 1449 iterumque

341 1462 492 1515 prodiit
509 1464 552 1500 in
568 1463 715 1500 lucem.
774 1470 907 1502 exstat
926 1464 1035 1500 enim
1059 1464 1208 1500 Graece
1230 1470 1270 1500 et
1290 1463 1431 1500 Latine
1455 1464 1499 1500 in
1521 1476 1683 1515 corpore
1704 1465 1811 1514 Poe-

341 1537 476 1569 tarum
493 1532 735 1568 Graecorum
751 1532 1016 1582 Tragicorum
1035 1537 1074 1567 et
1094 1531 1346 1568 Comicorum
1368 1532 1553 1568 Genevae
1576 1531 1682 1572 1614
1711 1539 1807 1568 tom.

342 1601 371 1640 2
390 1612 438 1648 p.
464 1595 568 1646 241,
608 1610 683 1635 nec
708 1611 791 1635 non
821 1599 864 1634 in
895 1596 1115 1649 appendice
1138 1599 1344 1649 Bigneana
1369 1597 1476 1638 Bibl.
1498 1599 1662 1636 Pan-um
1681 1599 1809 1637 Paris.

348 1663 456 1707 1624
466 1678 516 1715 p.
540 1666 636 1714 387,
659 1672 698 1703 et
714 1666 756 1703 in
773 1664 946 1703 editione
957 1666 1062 1703 Bibl.
1076 1667 1240 1703 Patrum
1250 1666 1484 1704 Morelliana
1494 1668 1621 1705 Paris.
1646 1664 1809 1709 1644—

347 1731 455 1774 1654
474 1739 566 1770 tom.
592 1731 669 1782 14,
710 1735 853 1771 Latine
886 1740 1021 1772 autem
1048 1740 1206 1771 tantum
1225 1734 1268 1771 in
1286 1731 1476 1771 Biblioth.
1498 1736 1663 1772 Patrum
1682 1735 1812 1774 Paris.

349 1798 457 1840 1589
491 1806 583 1837 tom.
607 1801 632 1841 8
653 1814 701 1850 p.
724 1802 830 1851 318,
872 1808 911 1839 et
927 1803 971 1839 in
992 1808 1094 1838 tomo
1117 1803 1168 1841 12
1197 1801 1303 1839 Bibl.
1321 1802 1486 1839 Patrum
1507 1799 1602 1839 edit.
1622 1800 1811 1853 Lugduni

341 1881 391 1918 P·
413 1869 510 1908 323.
567 1881 708 1906 verum
725 1882 846 1907 nemo
868 1882 922 1908 ex
944 1870 1013 1919 iis,
1055 1869 1126 1922 qui
1143 1870 1259 1907 toties
1276 1867 1511 1907 recudendis
1531 1869 1723 1920 operibus·
1739 1870 1811 1908 Pi-

348 1933 459 1972 sidae
486 1946 652 1973 manum
677 1935 963 1987 admoverunt,
995 1949 1019 1974 a
1047 1937 1230 1974 Morellio
1254 1937 1474 1988 paullisper
1503 1928 1706 1974 discedere
1733 1949 1812 1975 nec

351 2000 574 2055 quidquam
591 2002 738 2043 addere
758 2007 824 2044 vel
840 2007 1052 2044 immutare
1072 2017 1190 2042 ausus
1211 2011 1290 2053 est,-
1330 2015 1548 2056 omnesque
1566 2005 1610 2041 in
1629 2005 1714 2042 eius
1731 2003 1811 2042 fide

350 2072 514 2109 omnino
536 2073 832 2124 acquieverunt.
858 2086 932 2111 nos
950 2079 1085 2110 autem
1106 2070 1155 2109 de
1172 2071 1348 2109 Morellii
1367 2069 1573 2122 diligentia
1592 2071 1636 2108 in
1654 2070 1810 2110 edendo

349 2139 501 2177 Graeco
519 2146 636 2177 textu
655 2141 716 2177 nil
735 2141 962 2192 querimur:
998 2141 1084 2191 ipse
1111 2140 1220 2176 enim
1244 2151 1328 2176 non
1357 2151 1411 2176 ex
1428 2136 1571 2176 eodem
1586 2137 1725 2176 sirleti·
1739 2151 1810 2176 co-
1831 2180 1840 2185 ,

347 2204 457 2256 dice,
497 2219 576 2259 quo
607 2215 746 2258 postea
772 2220 869 2245 usus
896 2213 956 2245 est
974 2207 1210 2255 Brunellus,
1248 2204 1359 2259 quod
1383 2204 1617 2258 imprudens
1645 2206 1811 2244 asseruit

185 2296 222 2331 Ρ,
236 2282 325 2320 XVI
347 2274 552 2312 Fabricius
572 2281 664 2313 tom.
685 2276 713 2315 7
727 2289 776 2325 p.
804 2277 907 2323 692,
947 2287 1062 2313 suam
1084 2273 1295 2312 adornavit*
1319 2272 1557 2323 editionem,
1586 2271 1659 2312 sed
1675 2274 1810 2325 plures

348 2340 506 2381 codices
533 2340 712 2394 undique
742 2342 980 2393 conquisivit
1000 2355 1046 2380 ac
1063 2343 1280 2391 recensuit,
1320 2340 1430 2394 quod
1455 2342 1541 2393 ipse
1574 2341 1746 2379 affirmat
1764 2341 1810 2378 in

347 2402 510 2450 laudata
536 2410 704 2461 epistola
721 2411 1021 2460 nuncupatoria.
1079 2423 1220 2449 verum
1234 2422 1316 2446 non
1334 2410 1428 2447 satis
1446 2409 1660 2460 probamus
1680 2409 1765 2446 eius
1787 2421 1811 2445 e

350 2480 502 2517 Graeco
521 2478 761 2526 versionem,
791 2489 913 2529 quam
933 2475 1032 2515 dura
1050 2476 1270 2516 admodum
1284 2477 1373 2527 lege
1392 2476 1468 2514 sibi
1482 2477 1742 2528 praescripta,
1763 2481 1810 2513 ut

349 2545 511 2584 Pisidae
543 2545 698 2583 iambos
733 2543 903 2582 totidem
929 2546 1084 2584 Latinis
1120 2545 1263 2583 iambis
1291 2545 1555 2596 exprimeret,
1602 2543 1811 2582 obscuram

350 2613 451 2653 adeo
471 2620 510 2652 et
527 2614 728 2652 inficetam
742 2612 922 2664 pluribus
938 2613 982 2649 in
999 2613 1098 2650 locis
1118 2611 1306 2661 reddidit,
1334 2617 1380 2648 ut
1398 2624 1480 2649 non
1498 2624 1624 2648 unum
1642 2608 1809 2648 audive-

353 2684 432 2720 rim
450 2695 612 2734 gravem
631 2683 776 2730 virum,
807 2681 966 2718 Graecis
983 2680 1126 2718 litteris
1143 2693 1224 2718 non
1243 2680 1441 2717 imbutum
1453 2708 1464 2728 ,
1494 2678 1747 2717 confitentem
1764 2689 1808 2716 se

354 2748 458 2789 nihil
495 2751 658 2790 omnino
694 2761 749 2787 ex
782 2761 830 2788 ea
865 2746 918 2786 ad
943 2747 1190 2787 intellectum
1217 2760 1357 2800 capere
1384 2745 1617 2786 adiumenti.
1673 2747 1807 2797 itaqua
