1890 3224
220 197 267 228 ιν
827 175 1057 233 QUERCII

221 297 275 334 ait
296 294 402 333 enim
417 291 589 331 Acroas.
611 293 639 333 2
670 291 750 332 122
777 289 874 327 belli
890 286 1097 340 praeludia
1112 285 1358 338 inspexisse:
1387 282 1522 333 πόθος
1538 281 1582 325 δέ
1599 298 1668 336 μοι

152 363 156 366 ”
218 379 279 411 τις
297 358 445 404 ἐνθάδε
463 355 707 413 προσήρχετο
728 356 829 397 ἰδεῖν
846 352 895 396 τὰ
914 351 1061 408 τερπνοέ
1076 356 1148 407 τῆς
1165 349 1293 407 μάχης
1310 349 1520 405 προαύλια.
1551 364 1667 404 aper-

221 433 299 470 tius
319 436 452 467 autem
470 440 583 465 suam
603 427 707 463 inter
730 437 840 461 arma
863 423 1129 475 praesentiam
1146 420 1319 459 declarat
1338 420 1508 458 Aer-eas.
1531 422 1556 460 3
1588 418 1668 460 131

223 496 357 536 dicens
376 496 524 532 milites
546 507 617 545 pro
637 492 884 544 imperatoris
902 491 1030 528 salute
1049 491 1358 528 collacrimantes
1379 487 1539 536 vidisse,
1567 497 1671 523 una-

223 578 300 617 que
331 563 451 601 simul
479 575 570 600 cum
593 562 674 599 illis
703 561 879 598 flevisse:
927 547 1104 608 τούτοιξ,
1133 553 1333 611 κράτιστε,
1362 555 1431 598 καὶ
1459 549 1672 606 συνήσθην

224 628 387 680 εἰκότως
422 631 553 676 καλῶς
590 629 808 681 φρονοῦσι,
848 625 917 667 καὶ
948 621 1178 679 συνήλγησα
1201 625 1345 675 πλέον,
1381 626 1433 681 τῇ
1466 617 1675 671 ταυτότητι

224 696 437 753 συγχυθεὶς
453 699 534 737 τῶν
555 692 752 748 δακρύων.
810 701 850 732 at
873 695 916 732 in
939 692 1080 731 eadem
1096 695 1260 732 Acroasi
1278 707 1317 731 v.
1339 690 1420 734 343
1445 689 1674 728 Heraclium

92 782 126 816 p.
149 767 200 805 VI
222 769 378 819 ipsum,
409 765 478 817 qui
501 764 628 815 primo
650 762 756 800 bello
773 762 855 800 iam
876 763 1051 800 confecto
1073 776 1094 799 e
1109 760 1272 799 Perside
1288 762 1332 798 in
1349 760 1491 797 urbem
1510 762 1592 794 erat
1608 768 1674 792 re-

220 846 419 881 versurus,
452 831 500 869 de
519 830 709 880 susceptis
727 829 926 867 laboribus
945 827 1187 880 gaudentem
1203 830 1284 867 suis
1302 828 1461 866 auribus
1477 822 1675 862 audivisse

222 904 279 941 sic
309 901 449 938 refert:
479 895 596 946 αὐτὸς
621 895 697 953 γάρ
728 894 829 950 ἡμῖν
857 896 1086 949 ἐξαριθμοῖν
1114 893 1305 944 πολλάκις
1331 897 1406 936 τοῦΙ
1430 894 1504 934 σοῦ
1523 891 1615 944 βίον
1634 885 1678 930 τὸ

223 968 384 1023 μέτρον,
428 962 617 1019 ἒτρᾶνους
648 961 708 1006 ὅτι
742 961 858 1017 βιοΰς
885 959 1030 1016 χρόνον
1058 967 1250 1004 τοσοῦτον
1278 963 1321 1004 ἐν
1349 959 1531 1015 ῥαθυμίᾳ
1560 957 1677 1009 ἔζησα

222 1032 370 1084 ταύτας
399 1036 456 1089 τῷ
482 1035 569 1088 θεῷ
593 1029 663 1080 τοὶς
687 1027 850 1085 ἡμέρας.
908 1033 950 1069 in
973 1032 1050 1069 fine
1074 1031 1238 1069 tandem
1260 1029 1439 1068 eiusdem
1459 1029 1678 1065 Acroaseos

224 1117 263 1141 v.
283 1103 364 1144 353
383 1099 564 1153 Hydrae,
594 1099 671 1138 hoc
689 1107 747 1137 est
766 1101 906 1138 erroris
924 1100 1004 1137 late
1023 1098 1130 1150 apud
1149 1101 1290 1137 Persas
1309 1097 1523 1148 serpentis,
1552 1104 1679 1131 unum

227 1177 345 1222 caput
375 1183 417 1207 se
442 1167 590 1207 vidisse
616 1173 802 1205 testatur:
833 1164 882 1207 ὃν
910 1169 986 1207 νῦν
1008 1165 1222 1220 βλέποντες
1240 1162 1401 1219 εἶσάγαν
1419 1157 1681 1214 θαυμάζομεν

223 1235 433 1291 Ἡρακλέος
452 1232 616 1286 τυχόντα
637 1233 704 1274 καὶ
725 1233 987 1287 σεσωσμένον.
1026 1236 1161 1287 itaque
1184 1236 1219 1272 si
1236 1233 1390 1282 Pisida,
1420 1238 1464 1269 ut
1485 1236 1543 1268 est
1563 1240 1680 1279 aper-

225 1312 333 1353 tum,
363 1303 591 1342 Heraclium
616 1303 660 1339 in
678 1300 841 1339 Perside
878 1300 1131 1340 dimicantem
1163 1303 1370 1340 comitatus
1400 1306 1479 1349 est,
1510 1308 1681 1348 eumque

229 1386 323 1412 suae
350 1372 508 1423 pietatis
533 1370 767 1421 virtutisque
796 1376 940 1407 testem
967 1368 1114 1408 habere
1142 1371 1355 1421 imperator
1375 1381 1457 1406 non
1482 1373 1541 1404 est
1566 1362 1682 1402 dedi-

231 1447 374 1496 gnatus
387 1468 398 1488 ,
432 1438 541 1490 quali
569 1438 612 1474 in
640 1438 767 1487 pretio
789 1436 896 1488 apud
914 1439 1047 1488 ipsum
1069 1450 1229 1488 regem,
1257 1448 1412 1473 necnon
1429 1436 1474 1472 in
1489 1440 1573 1471 tota
1593 1432 1684 1469 aula
1706 1430 1709 1435 '

229 1508 451 1558 Byzantina
476 1505 618 1552 fuerit,
649 1505 742 1541 satis
761 1503 854 1541 inde
876 1507 1017 1555 opinor
1036 1506 1178 1542 elucet.
1235 1516 1381 1561 neque⁹
1395 1503 1503 1539 enim
1523 1508 1568 1538 ut
1591 1512 1684 1551 gre-

232 1576 365 1625 garius
391 1573 509 1610 miles
536 1570 679 1609 ducem
701 1584 838 1620 suum,
875 1570 947 1609 sed
971 1578 1016 1609 ut
1040 1575 1157 1622 poeta
1176 1571 1398 1622 principem
1418 1583 1463 1607 ac
1480 1568 1686 1607 dominum

232 1647 423 1693 sequutus
451 1646 529 1688 est,
568 1645 614 1675 ut
644 1651 744 1690 quae
774 1639 823 1675 ab
855 1639 942 1690 ipso
974 1645 1204 1689 gererentur
1232 1639 1443 1688 inspiceret
1473 1643 1512 1674 et
1539 1636 1684 1686 scripto

231 1707 453 1746 mandaret.
512 1719 589 1759 quo
610 1707 697 1758 quis
721 1706 872 1743 factum
892 1707 1059 1744 fortasse
1081 1704 1234 1754 credat,
1265 1717 1391 1756 aeque
1410 1716 1544 1742 carlnn
1561 1703 1686 1740 fuisse

232 1776 414 1813 Heraclio
443 1773 621 1812 Pisidam
654 1786 699 1810 ac
727 1773 825 1811 olim
849 1773 926 1810 fuit
954 1774 1132 1824 Scipioni
1158 1773 1344 1810 Africano
1361 1773 1536 1820 Ennius,
1566 1782 1687 1823 quem

232 1850 358 1881 morte
385 1843 492 1880 obita
520 1843 563 1878 in
590 1841 770 1892 sepulcro
799 1840 1033 1891 Scipionum
1056 1854 1141 1878 esse
1168 1840 1423 1877 constitutum
1445 1853 1467 1876 e
1491 1850 1688 1876 marmore

234 1909 354 1948 tradit
383 1910 516 1947 Cicero
547 1922 618 1960 pro
651 1908 824 1945 Archia.
883 1909 1075 1945 nimirum
1105 1908 1139 1945 si
1167 1920 1308 1945 verum
1338 1913 1417 1955 est,
1448 1904 1557 1958 quod
1587 1911 1688 1942 teste

234 1978 382 2015 Allatio
403 1976 523 2013 diatr.
547 1976 596 2013 de
619 1976 800 2027 Gemgizzs
816 1972 996 2011 adfirmat
1013 1974 1266 2012 Hamartolus
1283 1975 1327 2011 in
1346 1972 1538 2011 Chronico
1558 1970 1689 2009 adhuc

236 2044 386 2082 inedito
406 2051 445 2081 et
469 2056 521 2081 ex
541 2044 769 2081 Hamartolo
792 2040 992 2080 cedrenus
1006 2072 1016 2091 ,
1057 2042 1239 2079 Heraclio
1263 2042 1306 2078 in
1326 2039 1404 2078 hoc
1421 2041 1574 2078 bellum
1593 2053 1689 2092 pro-

237 2111 387 2147 fecturo
422 2116 460 2146 et
485 2110 529 2146 in
563 2110 728 2148 ecclesia
762 2122 910 2160 magna
938 2123 1056 2160 opem
1083 2123 1106 2147 a
1135 2108 1208 2146 deo
1229 2115 1364 2146 contra
1384 2106 1518 2146 hostes
1538 2108 1690 2159 petenti

238 2177 370 2213 fausta
398 2174 654 2226 adprecatum
682 2190 768 2214 esse
797 2190 930 2214 coram
956 2177 1139 2214 omnibus
1165 2174 1363 2225 Pisidam,
1391 2188 1473 2213 non
1491 2176 1690 2213 immerito

239 2241 333 2280 inde
351 2242 487 2291 colligi
507 2255 622 2293 posse
641 2250 826 2294 putamus
846 2257 951 2292 eum,
982 2244 1051 2295 qui
1068 2244 1220 2294 ingenii
1236 2240 1355 2284 laude
1375 2242 1539 2281 clareret
1557 2249 1596 2280 et
1611 2242 1690 2279 ali-

243 2322 320 2361 quo
342 2307 504 2346 honoris
520 2310 636 2346 titulo
648 2310 926 2360 'praefulgeret
946 2311 1156 2361 insignitus
1168 2340 1179 2360 ,
1215 2312 1318 2348 inter
1338 2312 1500 2349 comites
1516 2312 1691 2361 impera-

243 2377 340 2414 toris
361 2377 443 2413 iam
463 2382 557 2412 tunc
576 2376 699 2414 fuisse
716 2376 928 2414 adlectum.
985 2379 1071 2429 ipse
1094 2385 1239 2427 autem,
1270 2377 1379 2430 quod
1394 2384 1527 2416 nosset
1545 2383 1693 2429 quanta

245 2450 347 2481 esset
375 2444 437 2481 sui
463 2444 635 2480 nominis
665 2443 979 2494 c01mnendatio‚
1018 2448 1173 2497 poetica
1199 2445 1372 2498 quadam
1397 2445 1576 2494 licentia,
1613 2445 1692 2482 nisi

245 2512 363 2548 malis
382 2509 515 2548 divino
537 2510 668 2548 furore
690 2512 882 2561 percitus,
911 2513 1026 2551 bonis
1049 2514 1246 2552 ominibus
1263 2513 1491 2550 Heraclium
1506 2511 1693 2563 prosequi

246 2592 328 2617 non
356 2577 562 2616 dubitavit.
621 2580 675 2616 ait
694 2580 801 2616 enim
820 2579 1019 2619 Cedrenus
1029 2595 1078 2632 p.
1101 2582 1206 2623 420:
1237 2579 1261 2622 ὅ
1281 2578 1325 2621 δὲ
1346 2576 1530 2632 βασιλεῦς
1548 2573 1695 2631 βουλό-

249 2661 367 2698 μενος
396 2642 492 2697 πρὸς
519 2647 695 2699 Περσίδα
724 2648 867 2701 χωρεῖν
979 2645 1170 2689 εἰσελθών
1192 2648 1249 2696 εἷς
1269 2644 1344 2700 τήν
1363 2642 1537 2700 μεγάλην
1554 2645 1694 2697 ἐκκλη-

251 2714 342 2754 σίαν
373 2711 521 2766 μέλανα
545 2709 785 2765 ’ὑποδήματα
811 2710 1128 2774 περιβαλόμενος
1161 2715 1229 2762 καὶ
1264 2711 1424 2769 πρηνὴς
1454 2711 1588 2756 πεσοῖν
1616 2709 1695 2765 ηὕ-

251 2782 343 2830 ξατο
458 2777 506 2822 ὃν
531 2777 631 2820 ἰδών
654 2777 848 2836 Γεῶργιος
874 2780 895 2823 ὅ
923 2783 1095 2836 Πισίδης
1121 2780 1268 2836 ταύτης
1295 2779 1572 2830 ταπεινώσεως
1601 2779 1695 2832 ἔφη,
