1838 3210
215 182 309 229 118
612 184 615 188 ’
787 180 868 224 DU
901 179 1101 224 CANGII‘

211 291 339 345 μονῆς
365 293 444 332 τῶν
470 289 683 342 Ὀρμίσδου
709 285 984 355 προσέφυγεν,
1021 284 1210 329 κάκεῖθεν
1242 285 1445 340 ελκόμενος
1470 289 1656 343 κατέσχεν

210 346 305 396 τούς
326 343 589 416 βαστάζοντας
606 343 649 385 τὸ
668 343 960 413 θυσιαστήριον
975 346 1133 393 κίονας,
1170 343 1241 385 καὶ
1267 343 1430 395 τούτους
1452 347 1658 400 κατέστρεό

210 415 303 454 ψεν,
338 401 463 458 βαρυς
482 399 540 442 ὧν
566 401 632 441 καὶ
651 399 770 454 μέγας
787 404 845 458 τῷ
864 415 1025 454 σωματι.
1083 403 1282 452 vigilius
1272 415 1356 453 ipse
1378 405 1421 440 in
1446 406 1558 455 epist.
1581 415 1656 442 en*-

213 462 381 513 cyclica:
426 472 515 496 cam
535 471 562 494 a
577 464 712 495 sancto
729 460 812 496 eius
815 443 958 496 altare
976 460 1093 496 traeti
1106 457 1278 509 pedibus
1302 459 1559 507 traheremur,
1589 471 1657 498 co·-

212 518 371 554 lamnas
388 516 600 559 ἰεηιιίηιιιε,
642 521 679 551 et
702 529 819 566 saper
842 529 913 552 noe
941 516 1059 552 etiam
1080 516 1168 566 ipsa
1189 529 1324 552 mensa
1341 516 1550 563 ceciderat,
1579 518 1658 554 nisi

212 574 439 610 cleric-oram
459 577 678 607 nostrorum
684 570 834 622 succ-eet
856 571 1042 609 manibus
1059 572 1290 608 szcstentat'a.
1354 570 1518 623 epistola
1539 574 1658 611 cleri-

212 642 346 666 corum
370 628 507 664 Italiae
536 634 566 664 t.
597 627 621 666 1
656 627 806 665 concil.
840 626 890 665 de
916 626 1057 665 eodem
1079 628 1247 679 vigilio:
1278 642 1354 679 quo
1384 630 1467 666 viso
1495 636 1659 667 sanctae

204 699 320 735 papa
341 684 545 721 columnas
564 682 706 720 altaris
723 684 947 735 eomplexus
967 691 1034 721 est.
1068 682 1335 735 Theophanes
1355 697 1396 736 Ρ.
1414 687 1517 727 318:
1538 680 1658 737 εὗρεν

210 739 278 781 τὸν
302 739 482 793 Τιβέριον
501 743 724 791 κρατοῦντα
747 743 798 796 τῇ
823 743 897 796 μιᾷ
923 739 1023 794 χειρὶ
1043 737 1088 781 τὸ
1108 736 1318 781 κιονάκιον
1337 744 1408 792 τῆς
1428 740 1543 794 ἆγίας
1561 750 1659 794 τρα-

211 796 330 846 πέζης
351 799 423 836 τοῦ
442 797 731 864 θυσιαστηρίου
756 799 830 849 τῆς
855 797 970 863 ἁγίας
996 793 1257 849 θεομήτορος.
1300 804 1352 834 et
1374 796 1587 849 Grego'ras.
1619 797 1662 839 οἴ

212 852 255 894 δὲ
273 850 530 906 η’γκαλίζοντο
557 849 630 903 τήν
659 867 700 892 τε
724 853 844 892 θείαν
869 848 1066 905 τράπεζαν
1084 851 1235 893 καὶτὸν
1253 850 1335 894 ὖπὸ
1361 851 1508 915 ταύτην
1526 854 1659 894 στυλί-

211 922 346 954 σκον.
381 909 451 946 ubi
477 909 595 946 unica
623 909 805 946 columna
832 910 954 946 altare
987 907 1187 946 interdum
1212 910 1480 947 sustentatum
1502 909 1660 948 videtur

210 965 384 1003 indicare
406 966 623 1016 Gregoras3
652 978 783 1019 neque
804 965 873 1003 abs
891 961 956 1013 re,
987 978 1077 1002 cum
1099 966 1305 1003 observare
1327 964 1466 1014 liceat,
1497 979 1551 1004 ex
1571 968 1660 1003 Eu-

213 1020 393 1073 chologio
413 1020 674 1072 potissimum,
705 1020 809 1073 apud
827 1023 994 1059 Graecos
1013 1022 1162 1070 altaria,
1192 1028 1237 1059 ut
1255 1022 1659 1074 plurimum‘lapidea‚

212 1076 449 1130 quandoque
473 1084 657 1129 quattuor
675 1079 718 1114 in
741 1079 895 1129 angulis
918 1079 1132 1126 columnis,
1177 1090 1294 1128 saepe
1323 1080 1443 1119 etiam
1469 1081 1587 1116 unica
1613 1091 1660 1116 ac

213 1133 348 1171 media
375 1135 536 1181 innixa,
584 1134 639 1171 ita
669 1140 714 1171 ut
738 1135 871 1171 omnia
892 1134 963 1172 sub
987 1136 1038 1172 iis
1063 1141 1197 1185 aperta
1223 1133 1405 1172 omnibus
1435 1135 1516 1172 sint‘
1540 1141 1661 1187 atque

214 1190 353 1237 obvia3
394 1188 608 1241 aliquando
637 1188 764 1228 solida
788 1191 897 1238 basi,
936 1191 1002 1228 vel
1019 1189 1178 1241 lapidea
1199 1190 1264 1227 vel
1286 1190 1460 1227 latericia
1479 1191 1553 1228 vel·
1569 1204 1661 1228 cae-⁵

213 1247 412 1293 menticia,
441 1245 615 1283 suffulta.
672 1245 763 1283 vide
782 1247 1014 1284 Aimoinum
1029 1248 1175 1285 Histor.
1195 1247 1336 1283 Franca
1350 1247 1385 1286 2
1412 1247 1468 1287 32
1496 1253 1535 1284 et
1549 1249 1661 1285 Ana-

214 1304 380 1341 stasium
402 1303 444 1339 iu
466 1303 599 1339 Leone
619 1314 669 1339 111
689 1315 729 1354 p.
749 1303 844 1344 126.

326 1358 393 1399 56.
449 1356 573 1395 Addit
593 1357 763 1410 denique
782 1361 1028 1410 Anonymus,
1052 1364 1097 1396 ut
1116 1364 1155 1396 et
1175 1355 1363 1406 eodinus,
1393 1370 1525 1396 sacrae
1544 1371 1664 1396 men-

215 1427 282 1453 sae
301 1412 526 1465 Sophianae
545 1427 655 1452 mare
669 1415 818 1466 lapillis
840 1422 878 1452 et
899 1415 1026 1452 multo
1048 1427 1142 1452 auro
1161 1414 1284 1452 fuisse
1303 1421 1558 1452 exornatum:
1587 1412 1663 1467 τήν

214 1485 256 1510 τε
280 1468 490 1511 θάλασσαν
514 1472 586 1521 τῆς
614 1469 732 1539 αγίας
755 1470 948 1525 τραπέζης
976 1470 1015 1519 ἐξ
1046 1467 1247 1523 ἆτιμήτων
1275 1471 1404 1510 λίθων
1430 1471 1662 1525 πεποίηκεν,

214 1526 284 1566 και
307 1523 601 1578 κατεχρύσωσεν
629 1522 770 1578 αυτήν.
826 1528 1008 1564 meminit
1045 1525 1165 1564 etiam
1192 1527 1306 1564 istius
1337 1530 1485 1564 sacrae
1500 1535 1662 1570 mensae

215 1583 294 1620 loci
314 1581 605 1631 Euchologium
629 1584 694 1620 Gr.
723 1596 765 1633 Ρ.
787 1581 890 1630 499,
932 1583 1002 1619 ubi
1033 1581 1082 1619 de
1110 1582 1239 1620 officio
1265 1584 1401 1633 magni
1424 1590 1465 1620 et
1492 1585 1663 1635 angelici

215 1637 398 1676 habitus:
429 1653 488 1687 αφ
497 1634 697 1690 ’ἑσπέρας
721 1637 972 1690 εἰσφέρονται
985 1653 1033 1677 τα
1055 1634 1190 1690 ἱμάτια
1210 1640 1282 1678 τοῦ
1302 1639 1510 1689 μέλλοντος
1526 1641 1664 1692 λαβεῖν

215 1691 260 1735 τό
282 1691 398 1747 ἅγιον
416 1696 546 1745 σχῆμα
574 1693 617 1733 ἐν
641 1696 699 1749 τῷ
717 1692 817 1747 ἁγίῳ
843 1694 1138 1747 θυσιαστηρίῳ,
1170 1692 1238 1733 καὶ
1261 1689 1523 1735 αποτίθενται
1540 1695 1583 1736 ἐν
1607 1697 1664 1752 τῷ

213 1749 461 1804 θαλασσιδίῳ
481 1751 554 1801 τῆς
577 1735 693 1802 ἁγίας
710 1748 913 1802 τραπέζης.
963 1750 1034 1787 ubi
1052 1750 1204 1787 Goarus
1226 1745 1437 1790 θαλασσαν
1456 1757 1504 1788 et
1515 1754 1664 1792 θαλασ-

215 1807 346 1846 σίδιον
365 1819 508 1843 cavam
524 1818 680 1843 mensae
698 1818 890 1843 recessum
909 1806 1209 1857 iuterpretatur,
1248 1807 1504 1858 appositaque
1521 1803 1577 1845 i'ta
1592 1806 1664 1846 di·-

217 1868 325 1899 ctum
341 1863 522 1899 observat
542 1861 592 1898 ad
610 1863 734 1899 instar
752 1858 959 1913 θαλάσσης
977 1874 1048 1899 seu
1066 1874 1258 1912 aquarum
1278 1864 1537 1914 receptaculi,
1557 1863 1664 1916 quod

217 1919 319 1955 circa
337 1919 475 1956 altaria
500 1916 551 1954 ad
577 1917 794 1956 abluendas
821 1919 1000 1956 victimas
1020 1916 1126 1968 apud
1144 1916 1312 1956 Iudaeos
1329 1921 1481 1956 exstmi·
1498 1921 1663 1968 solebat,

215 1981 261 2011 ut
283 1982 341 2013 est
359 1977 383 2015 3
405 1975 503 2024 Reg.
526 1986 559 2011 c.
581 1975 634 2015 18
663 1981 702 2011 et
730 1977 757 2015 2
786 1974 958 2024 Paralip.
981 1987 1015 2011 c.
1041 1973 1067 2014 4
1089 1986 1128 2011 v.
1146 1975 1194 2023 63
1225 1972 1274 2011 de
1292 1986 1370 2055 quo
1389 1975 1664 2027 Villalpandu's

217 2037 248 2068 t·
265 2034 411 2082 2part.
431 2032 459 2070 2
478 2043 511 2067 c·
533 2028 600 2071 34.
654 2030 844 2068 Paulinus
861 2031 951 2066 Nat.
967 2031 1016 2069 9.

386 2098 557 2136 namqae
576 2093 679 2123 tene-5·
696 2087 812 2122 etiam
832 2097 983 2136 magna
1006 2083 1229 2121 Salomonis
1250 2086 1301 2122 im
1315 2084 1412 2122 aede

386 2140 643 2192 quamfuerit
659 2141 788 2178 decori
803 2142 951 2178 siccum
968 2152 1094 2184 mare,
1131 2139 1240 2190 quod
1252 2142 1409 2191 sapiens
1431 2155 1501 2179 rex

385 2210 474 2233 aere
481 2196 602 2246 fudit
615 2197 745 2247 solido>
763 2204 800 2234 et
819 2197 945 2234 tauris
964 2195 1167 2245 suspendit
1184 2196 1334 2234 ahenis.

219 2250 376 2290 videtur
405 2258 537 2289 autem
563 2266 654 2304 pars
680 2254 750 2290 illa
779 2265 911 2291 sacrae
937 2264 1098 2289 mensae
1127 2254 1327 2305 θεμείλων
1343 2255 1534 2292 vocabulo
1559 2253 1666 2293 desi-

219 2310 334 2358 gnari
361 2321 384 2345 a
411 2308 657 2359 silentiario,
701 2321 772 2347 seu
795 2307 1165 2358 fundamentorum,
1215 2321 1316 2363 quae
1350 2323 1467 2348 aurea
1500 2311 1666 2363 perinde

218 2366 341 2403 fuisse
364 2364 518 2403 scribit:

818 2416 918 2461 κατὰ
940 2419 1115 2475 χρυσέων
1140 2435 1182 2462 τε
1199 2421 1396 2473 θεμείλων

435 2477 599 2517 ἵσταται.

82 2546 106 2578 p
131 2543 198 2579 569
331 2532 398 2575 57.
456 2534 598 2571 Sacrae
615 2544 775 2571 mensae
798 2532 1032 2571 imminebat
1053 2533 1261 2571 ciborium.-
1301 2534 1358 2570 ita
1377 2539 1510 2571 autem
1527 2534 1668 2585 appel-

220 2585 357 2626 labant
373 2589 647 2627 umbraculum
665 2587 866 2642 quoddam
883 2591 1000 2628 altius
1019 2589 1218 2638 eductum,
1241 2602 1319 2641 quo
1333 2591 1515 2628 universa
1529 2592 1668 2627 menSa

223 2658 331 2683 sacra
351 2646 570 2696 tegebatur.
628 2644 677 2683 de
691 2647 863 2683 nominis
882 2647 1032 2684 ratione
1048 2659 1130 2684 uon
1147 2647 1308 2684 omuino
1331 2653 1494 2684 constat.
1528 2653 1667 2684 notum

224 2709 283 2740 est
302 2715 354 2739 ex
372 2700 578 2740 Athenaeo
603 2708 642 2739 et
660 2699 857 2753 Hesychio
875 2699 1064 2754 κιβώριον
1079 2715 1163 2740 esse
1187 2701 1294 2753 apud
1306 2703 1523 2756 Aegyptios
1542 2715 1668 2755 genus

218 2759 368 2809 poculi.
426 2757 644 2809 Porphyrio
663 2757 714 2795 ad
732 2756 834 2796 illud
851 2759 1002 2796 Horatii
1026 2759 1053 2795 l.
1074 2762 1100 2800 2
1121 2756 1185 2795 od.
1204 2761 1230 2799 7
1243 2769 1253 2794 :
1549 2772 1554 2776 ·

496 2813 681 2853 oblivioso
701 2815 806 2854 levia
825 2815 1000 2854 Massico
1017 2813 1164 2853 ciboria
1181 2814 1308 2865 exple,
