1890 3224
382 193 612 247 QUERCII
645 194 720 236 DE
753 193 1100 236 HERACLIADE
1133 195 1417 239 MONITUM.
1526 196 1619 243 139

277 303 373 346 518.
432 305 482 342 cf.
510 306 528 344 1
552 305 640 343 Cor.
671 307 697 346 6
730 303 797 346 15.

277 363 374 402 522.
431 360 523 399 vide
540 362 738 399 Hexae'm.
768 360 795 401 4
823 358 900 402 401
936 368 974 399 et
1003 362 1099 404 500.

278 417 375 458 525.
434 419 596 470 angelos
609 448 620 467 ‚
650 420 720 471 qui
738 424 842 455 stent
859 430 930 468 pro
948 420 1132 458 Heraclio
1153 424 1286 456 contra
1305 417 1546 470 chosroam,
1575 427 1620 459 ut

165 472 366 525 quondam
388 489 411 513 a
431 474 505 513 deo
530 481 720 513 steterunt
743 473 842 511 duce
863 474 1058 513 michaele
1084 474 1322 528 archangelo
1344 483 1478 515 contra
1497 479 1619 516 Luci-

163 530 308 568 ferum.
347 533 479 583 angeli
497 533 617 579 enim,
647 538 691 568 ut
708 533 763 568 ajt
780 530 911 569 David
929 532 1044 569 Psal.
1068 534 1148 574 102
1167 535 1234 582 20,
1258 540 1436 583 potentes
1457 536 1619 580 virtute,

154 586 353 638 facientes
369 588 531 627 verbum
550 588 675 626 illius.

277 643 372 685 527.
430 659 502 696 per
518 643 617 683 haec
637 644 715 682 duo
735 644 900 682 flumina
918 646 1059 682 Persas
1076 650 1114 682 et
1128 645 1292 694 Abares,
1317 646 1386 698 qui
1401 653 1494 683 tunc
1509 653 1619 684 erant

166 698 298 737 hostes
316 702 511 750 Heraclii,
543 701 744 753 designat:
773 714 869 738 nam
889 700 941 738 ad
958 704 1104 739 Istrum
1125 709 1170 739 ut
1185 703 1406 754 plurimum
1424 710 1510 740 acta
1528 709 1621 741 sunt

163 756 270 793 bella
290 766 422 796 contra
439 759 603 807 Abares,
636 766 675 796 et
691 757 908 796 chosroam
926 766 1034 797 trans
1052 760 1209 810 Tigrim
1226 759 1364 810 fugere
1385 760 1515 811 coegit
1536 761 1620 797 He-

165 814 322 851 raclius.
379 814 471 853 vide
487 813 780 866 Theophanem
792 829 840 865 p.
863 817 958 856 269.

276 872 372 913 528.
429 870 521 909 vide
543 872 671 909 Exod.
695 874 721 912 7
751 874 819 911 20.

276 929 374 968 531.
430 927 523 965 vide
546 941 664 979 supra
681 940 720 964 v.
744 928 809 967 12.
882 932 992 978 patet
1016 933 1149 964 autem
1174 926 1351 966 Pisidam
1376 927 1479 966 illud
1503 929 1620 966 Pauli

164 981 302 1032 Sergio
331 986 610 1022 convenienter
637 981 955 1031 accommodare,
1003 984 1090 1021 Cor.
1119 985 1141 1024 1
1172 987 1196 1024 3
1227 988 1276 1027 6:
1319 998 1390 1036 ego
1411 985 1620 1035 plantat-i,

163 1038 315 1090 Apollo
335 1041 502 1092 rigavit,
531 1041 627 1078 deus
643 1047 778 1078 autem
795 1041 1078 1077 incrementum
1101 1040 1222 1077 dedit.

278 1096 373 1138 537.
433 1110 554 1150 quem
573 1096 637 1134 hic
650 1096 785 1135 Pisida
807 1097 1017 1147 allegorice
1035 1097 1162 1134 filium
1178 1097 1308 1148 Sergii
1326 1097 1513 1148 appellat,
1536 1109 1622 1134 esse

164 1151 293 1190 filium
314 1155 488 1191 Heraclii
506 1168 588 1192 non
607 1153 758 1191 dubito.
815 1154 849 1190 is
867 1153 943 1190 fuit
961 1154 1030 1190 ille
1050 1154 1210 1191 Flavius
1227 1154 1520 1202 Constantinus,
1552 1154 1622 1205 qui

166 1210 309 1247 Novus
333 1211 615 1248 Constantinus
637 1210 764 1247 dictus
784 1216 843 1247 est
872 1217 910 1247 et
937 1211 980 1246 in
1002 1211 1135 1246 numis
1153 1209 1373 1246 Heraclius
1396 1211 1624 1247 Constanti—

166 1280 242 1303 nus
269 1274 519 1318 nuncupatus
546 1268 759 1304 invenitur.
817 1267 918 1302 circa
938 1278 1087 1302 annum
1106 1268 1187 1306 630
1209 1267 1442 1317 Gregoriam
1461 1268 1623 1303 Nicetae

164 1325 320 1374 patricii
337 1323 474 1372 filiam,
498 1323 581 1359 iam
599 1335 622 1360 a
640 1323 786 1360 teneris
804 1322 1029 1372 unguiculis
1047 1322 1123 1359 sibi
1139 1320 1429 1373 desponsatam,
1458 1323 1501 1359 in
1516 1335 1624 1360 uxo-

165 1393 251 1417 rem
272 1378 402 1417 duxit.
459 1392 545 1416 rem
570 1377 690 1416 tradit
714 1377 960 1429 Nicephorus
989 1385 1090 1429 patr.
1121 1392 1165 1429 p.
1198 1378 1265 1420 15.
1322 1380 1457 1431 itaque
1485 1379 1625 1429 opinor

163 1435 343 1474 Pisidam
371 1434 518 1474 idcirco
549 1436 606 1473 ita
628 1436 932 1473 Constantinum
958 1433 1024 1472 hic
1054 1436 1224 1486 alloqui,
1265 1442 1310 1472 ut
1336 1435 1467 1473 fausta
1490 1436 1624 1472 omnia

165 1494 344 1543 augustis
362 1493 517 1544 sponsis
537 1491 827 1543 adprecaretur,
850 1504 950 1543 quos
965 1498 1100 1528 tamen
1117 1493 1371 1529 matrimonio
1394 1492 1623 1529 coniunctos

164 1562 247 1586 non
266 1550 390 1587 fuisse
411 1549 582 1599 legimus
599 1550 643 1585 in
659 1547 802 1585 eodem
818 1546 1054 1598 Nicephoro,
1076 1549 1155 1586 nisi
1172 1554 1385 1600 postqum
1403 1548 1622 1596 Heraclius,

165 1607 360 1643 exstincto
380 1603 648 1653 iamChosroa
669 1610 708 1642 et
727 1617 824 1655 pace
843 1616 935 1641 cum
954 1606 1039 1642 eius
1059 1604 1140 1643 filio
1152 1604 1266 1643 Siron
1282 1605 1400 1654 facta,
1431 1601 1623 1642 ePerside

164 1663 289 1701 victor
302 1660 633 1714 triumphansque
653 1661 896 1712 remigravit.

381 1805 514 1852 DE
591 1803 1402 1853 HERACLI-ADE

673 1895 1104 1935 MONITUM.

275 1996 530 2037 Heracliados
548 1998 767 2050 inscriptio,
797 2010 920 2050 quam
935 1995 1029 2034 huic
1046 1995 1267 2047 poematim
1298 1993 1451 2034 duabus
1466 2002 1620 2034 tantum

166 2056 390 2094 acroasibus
409 2054 706 2106 comprehenso,
722 2056 853 2106 posuit
872 2053 1020 2102 Pisida,
1043 2052 1140 2105 quid
1160 2065 1352 2103 magnum
1370 2053 1487 2104 plane
1503 2052 1620 2091 vide-

167 2120 230 2150 tur
244 2114 371 2163 prima
389 2112 517 2150 fronte
535 2113 728 2163 polliceri.
766 2110 934 2149 Iliadem
954 2112 1062 2148 enim
1081 2116 1120 2146 et
1139 2108 1370 2160 Odysseam,
1398 2109 1620 2147 Aeneidem

167 2177 206 2207 et
227 2167 501 2217 Thebaidem,
542 2169 699 2220 aliaque
724 2166 955 2206 huiusmodi
980 2180 1071 2204 cum
1089 2167 1329 2203 Graecorum
1347 2173 1434 2203 tum
1452 2167 1619 2204 Latino-

167 2238 256 2263 rum
273 2229 457 2276 poemata
477 2226 597 2276 longo
623 2224 792 2263 deducta
811 2225 899 2272 filo,
939 2224 1056 2261 facile
1084 2223 1161 2260 sibi
1186 2224 1355 2274 quisque
1375 2224 1416 2259 in
1440 2229 1618 2260 mentem

168 2277 379 2319 revocabit.
410 2280 482 2318 sed
498 2295 635 2319 vereor
652 2295 703 2319 ne
723 2283 792 2334 qui
812 2282 918 2319 tituli
935 2279 1196 2332 amplitudine
1220 2287 1356 2330 captus
1375 2278 1473 2331 quid
1488 2280 1618 2316 simile

168 2351 191 2375 a
210 2337 344 2376 Pisida
362 2344 586 2389 exspectat,
616 2351 639 2374 a
657 2351 726 2389 spe
747 2337 893 2375 dicidat
913 2350 983 2375 sua
996 2367 1007 2386 ,
1038 2350 1130 2374 cum
1146 2349 1276 2388 neque
1298 2337 1524 2387 scriptionis
1545 2349 1617 2387 ge-

167 2407 242 2432 nus
277 2407 408 2446 neque
444 2398 609 2445 poeseos
634 2396 882 2432 maiestatem
906 2407 1037 2446 neque
1074 2406 1226 2441 rerum,
1267 2405 1368 2444 quae
1396 2399 1618 2441 narrantur,

167 2453 400 2501 grav-itatem
420 2457 630 2502 conceptae
645 2452 779 2488 statim
796 2452 972 2502 opinioni
990 2451 1084 2488 satis
1103 2457 1141 2487 et
1160 2463 1213 2487 ex
1235 2462 1361 2501 aequo
1380 2448 1617 2500 respondere

169 2509 374 2545 invenerit.
433 2514 473 2544 at
491 2506 626 2545 Pisida
645 2506 827 2559 quidem,
860 2509 903 2544 ni
921 2507 1052 2556 fallor,
1083 2519 1129 2544 ea
1149 2506 1198 2543 de
1220 2519 1337 2543 causa
1356 2512 1439 2543 tam
1460 2507 1616 2557 specio-

169 2576 258 2600 sum
275 2565 436 2601 titulum
455 2565 537 2602 suis
552 2562 661 2601 hisce
677 2564 899 2601 acroasibus
916 2564 1125 2615 inscripsit,
1155 2564 1220 2601 vel
1239 2563 1331 2614 quia
1351 2561 1400 2600 de
1421 2561 1618 2601 Chosroae

170 2619 348 2668 excidio,
387 2619 495 2671 quod
515 2634 652 2658 eorum
675 2621 856 2658 omnium
879 2633 979 2672 quae
1005 2621 1054 2657 ab
1074 2620 1255 2657 Heraclio
1287 2626 1398 2669 gesta
1422 2627 1514 2657 sunt
1541 2621 1617 2656 fuit

171 2688 269 2726 opus
290 2677 510 2713 maximum
523 2706 534 2725 ,
572 2690 689 2728 agere
706 2678 956 2728 potissimum
972 2677 1148 2724 volebat,
1193 2675 1300 2727 quod
1318 2688 1412 2713 sane
1435 2689 1487 2713 ex
1511 2677 1617 2713 eius-

172 2730 265 2768 dem
281 2733 386 2769 tituli
404 2734 681 2783 explicatione,
701 2733 758 2781 εἰς
775 2731 847 2786 τήν
866 2733 1018 2774 τελείαν
1034 2736 1185 2774 πτῶσιν
1204 2728 1400 2784 Χοσρόου,
1429 2732 1471 2769 fit
1485 2732 1617 2768 mani-

170 2788 338 2836 festum3
376 2789 441 2825 vel
464 2791 558 2841 quia
583 2791 757 2827 Heraclii
784 2791 1031 2840 imperatoris
1062 2803 1123 2827 res
1151 2789 1349 2839 singulas,
1390 2802 1487 2840 quas
1506 2793 1617 2839 post-

170 2856 292 2896 quam
316 2857 436 2896 regno
462 2847 610 2896 potitus
638 2853 696 2885 est
729 2847 930 2898 praeclare
955 2847 1102 2897 gessit,
1155 2847 1345 2896 attingere
1373 2858 1419 2882 ac
1444 2844 1618 2882 delibare
