1890 3224
1546 204 1612 236 vu

152 337 376 390 profectum
404 335 475 391 qui
502 341 612 386 tum,
654 347 746 374 cum
774 335 850 374 ista
880 331 1047 373 Photius
1076 327 1254 387 scripsit,
1298 348 1322 372 e
1349 333 1432 373 vita
1460 332 1611 375 disces-

153 436 259 468 serat
285 435 405 482 atque
432 426 478 470 ἐν
505 425 655 482 ἇγίοις,
693 433 738 465 ut
763 423 832 464 hic
858 425 1058 479 loquitur,
1089 424 1167 464 hoc
1194 432 1255 465 est
1282 433 1509 466 sanctorum
1535 441 1614 466 nu-

153 532 264 558 mero
293 525 378 557 erat
404 517 630 558 adiunctus.
686 529 825 559 verum
860 515 948 554 fieri
981 523 1115 569 potest
1142 523 1187 555 ut
1215 515 1267 555 ad
1294 515 1517 556 chronicon
1543 519 1618 556 Ni-

152 607 317 662 cephori
352 609 547 648 recentior
585 608 656 647 illa
695 621 839 647 manus
878 606 1080 648 adiecerit.
1137 615 1339 662 utcunque
1379 622 1442 648 res
1478 607 1615 659 habet,

152 698 258 738 nihil
296 712 384 738 esse
420 712 563 738 causae
600 698 759 738 videtur
804 699 903 753 quin
936 696 1182 751 Nicephorus
1222 705 1358 739 noster
1392 698 1616 752 patriarcha

150 791 222 829 ille
259 790 310 829 sit
347 790 418 843 qui
460 796 520 828 est
554 790 598 827 in
635 790 707 828 illo
748 788 942 828 Chronico
981 787 1119 828 ordine
1148 792 1219 833 78.
1277 788 1327 827 de
1357 803 1436 843 quo
1464 789 1615 829 ibidem

151 880 254 919 haec
299 878 521 933 produntur
539 892 552 918 ε
610 878 849 934 Νικηφόρος
893 877 916 922 ὁ
964 875 1181 934 ἆσηκρήτις
1227 878 1398 934 μοναχὸς
1441 879 1615 936 γεγονώς

151 971 220 1025 ἔτη
248 968 306 1013 θ’.
353 970 423 1012 καὶ
461 966 659 1023 ἐξεβλήθη
686 967 770 1011 ν’πό
797 971 873 1010 τοῦ
900 965 1074 1022 ἀσεβοῦς
1100 969 1279 1020 Λέοντος
1305 973 1381 1012 τοῦ
1405 967 1616 1026 Ἀρμένου.

150 1075 256 1116 quae
292 1061 433 1100 Latine
471 1058 549 1098 hoc
585 1058 832 1110 significant:
875 1058 1129 1110 Nic-ephorus
1155 1073 1184 1096 a
1210 1062 1367 1098 seeretis
1398 1062 1617 1100 monachus

150 1152 254 1190 sedit
281 1165 323 1189 a.
355 1154 411 1197 9,
448 1156 487 1188 et
511 1148 564 1187 ab
594 1150 715 1199 impio
746 1149 879 1186 Leone
905 1147 1086 1187 Armeno
1113 1150 1158 1187 in
1186 1151 1348 1189 exilium
1376 1153 1519 1190 eiectus
1548 1161 1618 1193 esc.

152 1255 250 1281 nam
288 1248 330 1280 et
367 1240 508 1279 unicus
543 1237 613 1278 hic
649 1245 740 1276 ante
775 1236 968 1276 Photium
1002 1237 1227 1290 patriarcha
1262 1241 1494 1292 Cpolitanus
1525 1242 1616 1292 fuit,

153 1339 200 1371 ut
236 1332 286 1371 ab
326 1332 399 1370 illo
436 1342 557 1369 nemo
587 1329 689 1367 alius
716 1328 890 1380 intelligi
915 1328 1111 1381 potuerit,
1154 1334 1195 1366 et
1220 1328 1324 1367 inter
1351 1337 1506 1370 sanctos
1533 1345 1616 1371 non

153 1423 441 1461 Graeculorum
483 1420 749 1459 assentatione
786 1420 918 1459 solum
946 1416 1018 1458 sed
1047 1418 1169 1456 etiam
1196 1421 1398 1458 communi
1426 1422 1616 1461 ecclesiae

153 1513 344 1565 suffragio
383 1518 564 1563 receptus
598 1516 680 1549 est:
717 1509 838 1549 huius
875 1510 984 1548 enim
1018 1510 1212 1549 memoria
1250 1523 1275 1548 a
1300 1511 1453 1550 Latinis
1481 1512 1510 1552 3
1539 1511 1619 1551 eid.

154 1605 296 1654 Maias,
326 1616 350 1642 a
370 1602 530 1641 Graecis
558 1600 587 1643 4
613 1614 708 1640 non.
737 1602 873 1639 Iunias
901 1601 1178 1640 ecclesiasticis
1207 1608 1267 1640 est
1296 1610 1522 1641 consecrata
1551 1610 1616 1641 ta-

154 1695 260 1733 bulis
273 1723 285 1744 ,
336 1699 548 1745 postquam
593 1705 618 1730 a
662 1694 799 1730 Leone
844 1692 1020 1730 Armeno
1068 1691 1311 1730 iconoclasta
1349 1691 1617 1744 perditissimo

155 1784 337 1824 redactus
365 1786 409 1822 in
437 1782 618 1822 ordinem
646 1795 684 1820 a.
714 1781 754 1820 d.
786 1783 887 1830 828,
918 1781 1032 1818 exilii
1061 1779 1137 1831 14,
1166 1782 1334 1820 feliciter
1363 1796 1385 1819 e
1413 1783 1514 1820 vivis
1544 1795 1619 1820 ex-

156 1875 289 1914 cessit.
347 1885 521 1927 quocum
554 1872 768 1923 praecipua
801 1868 1016 1908 Theodoro
1045 1868 1226 1908 Studitae
1253 1871 1338 1908 viro
1367 1873 1616 1910 sanctissimo

155 1965 405 2004 familiaritas
439 1962 676 2000 intercessit.
729 1967 928 2012 postremo
966 1972 1092 1997 unum
1130 1957 1403 1998 admonendus
1440 1974 1502 2010 es,
1541 1963 1615 1999 Ni-
1658 1953 1664 1958 ¹

155 2054 342 2109 cephori,
379 2051 487 2107 quod
514 2065 638 2104 penes
667 2065 739 2090 nos
767 2051 865 2100 fuit,
895 2047 1171 2102 apographum
1198 2051 1349 2102 passim
1375 2050 1614 2090 mendosum

155 2159 204 2184 ac
234 2145 494 2198 depravatum
518 2143 667 2192 fuisse,
704 2155 881 2195 nosque,
910 2148 956 2180 ut
983 2142 1232 2180 tolerabilem
1258 2155 1420 2181 sensum
1449 2142 1615 2180 elicere-

156 2249 276 2285 mus,
298 2235 516 2286 plurimum
543 2235 587 2271 in
613 2231 907 2285 interpretando
935 2233 1160 2272 laborasse:
1198 2246 1338 2272 verum
1367 2245 1421 2270 ex
1450 2245 1497 2270 ea
1525 2233 1615 2283 lege

157 2338 281 2379 quam
310 2325 409 2365 olim
435 2323 551 2362 nobis
578 2324 841 2375 imposuimus
856 2353 867 2373 ,
895 2322 999 2362 nihil
1025 2337 1099 2362 nos
1126 2324 1171 2361 in
1199 2329 1388 2361 contextu
1412 2323 1500 2375 ipso
1522 2335 1615 2360 mu-

156 2423 282 2466 tasse,
319 2422 476 2467 praeter
500 2415 702 2453 levissima
730 2413 928 2466 quaedam
956 2415 1198 2468 omninoque
1226 2414 1460 2462 manifesta,
1495 2419 1614 2465 atque

157 2509 201 2546 in
239 2507 422 2546 omnibus
453 2504 719 2559 Pythagorico
764 2503 920 2543 decreto
962 2506 1164 2557 paruisse,
1219 2502 1326 2557 quod
1367 2517 1421 2542 ex
1456 2503 1615 2556 Synesii

157 2598 287 2636 Dione
324 2605 518 2650 tanquam
554 2609 607 2635 ex
645 2594 804 2634 Solonis
839 2595 984 2634 tabulis
1011 2594 1089 2634 hoc
1115 2596 1203 2633 loco
1230 2592 1512 2646 proferendum
1541 2600 1613 2642 est,

160 2686 328 2739 dignum
355 2700 449 2726 sane
478 2686 588 2741 quod
617 2687 740 2725 critici
771 2697 909 2724 omnes
947 2692 1038 2724 ante
1070 2686 1206 2725 oculos
1234 2683 1431 2737 habeant,
1469 2683 1521 2724 ad
1548 2682 1614 2722 id-

157 2790 236 2832 que
264 2784 427 2818 conatus
453 2791 546 2819 suos
575 2791 621 2818 ac
647 2778 940 2819 lucubrationes
969 2774 1283 2818 accommodent.
