1838 3210
248 161 343 212 104
816 160 896 203 DU
930 157 1114 202 CANGII

248 281 365 327 atque
390 273 486 311 istos
515 269 676 324 quidem
709 268 873 306 circulos
892 280 1054 305 coronas
1071 262 1272 303 interdum
1282 272 1428 304 ‚vocant
1453 265 1542 304 aevi
1564 263 1687 304 medii

248 333 455 382 scriptores
473 330 623 375 Latini,
663 332 707 362 ut
734 333 867 362 auctor
892 326 996 361 vitae
1018 324 1059 361 S.
1081 320 1278 360 Desidet-ii
1297 323 1383 360 loco
1402 324 1582 375 proxime
1597 323 1690 359 lau-

250 387 341 424 dato
355 417 364 435 ,
399 385 628 422 Anastasius
648 382 745 419 bibl.
765 383 808 419 in
830 382 872 419 S.
891 381 1078 419 Silvestro
1097 386 1135 416 et
1150 379 1265 416 Sixto
1286 381 1310 418 3
1329 380 1393 415 PP
1405 409 1415 428 ,
1445 378 1689 416 Flodoardus

247 446 351 481 Hist.
369 445 551 479 Remens.
572 442 596 479 3
627 438 652 478 5
682 445 720 475 et
748 436 774 478 4
807 437 881 484 13,
919 437 1127 474 Ratbertus
1155 433 1203 472 de
1225 435 1389 472 Casibus
1408 436 1450 473 S.
1472 436 1576 472 Galli
1598 448 1630 472 c.
1650 435 1690 482 9,

249 502 312 537 Iso
337 498 525 547 magister
556 493 605 531 de
629 494 829 531 Miraculis
856 493 898 531 S.
926 494 1031 530 Galli
1062 505 1095 529 c.
1128 493 1178 539 8,
1222 489 1427 529 Udalricus
1446 493 1487 528 in
1506 492 1691 529 Consuet.

248 556 426 593 Cluniac.
451 553 474 591 1
506 552 554 591 11
568 579 578 599 ,
607 552 746 588 Petrus
767 549 960 588 Venerab.
982 551 1024 585 in
1042 548 1185 586 Statut.
1209 547 1323 584 Clun.
1345 560 1378 584 c.
1398 548 1471 596 52,
1500 546 1692 597 Aegidius

250 613 404 649 Aureae
430 607 545 645 vallis
567 620 600 644 c.
621 606 689 655 53,
718 607 806 645 Vita
826 608 872 642 Β.
892 605 1049 643 Ioannis
1072 605 1293 641 Gorziensis
1309 603 1452 641 Abbat.
1469 616 1503 640 c.
1518 604 1568 644 10
1585 617 1625 640 n.
1639 604 1693 643 90

252 674 326 704 etc.
384 665 426 702 S.
445 661 666 701 Bernartius
687 670 793 700 rotas
811 660 1068 712 appellandas
1085 661 1215 711 potius
1237 661 1407 707 censuit,
1437 659 1506 696 lib.
1534 657 1582 695 de
1603 660 1695 697 Vita

252 730 292 760 et
307 721 482 758 moribus
502 720 731 756 clericorum
749 732 782 755 c.
797 719 873 758 11:
897 723 1103 768 ponuntur
1125 717 1167 752 in
1187 715 1347 753 ecclesia
1362 722 1602 767 gemmatae,
1617 727 1696 751 non

253 790 434 822 coronae,
452 775 523 812 sed
538 782 662 820 rotae,
687 776 967 823 circumseptae
986 771 1256 823 lampadibus,
1277 772 1346 809 sed
1361 786 1440 809 non
1460 773 1590 808 minus
1599 770 1697 823 sul-

248 841 386 886 gentes
399 832 553 869 insertis
574 830 787 881 lapidibus.
819 829 890 868 sed
908 830 1138 882 praesertim
1156 829 1363 866 instructas
1382 826 1576 866 eiusmodi
1592 828 1697 865 lam-

251 889 420 942 padibus
451 900 610 925 coronas
637 887 773 937 phara
792 887 993 938 appellant
1014 886 1095 922 alii.
1153 886 1234 922 Leo
1251 885 1332 922 Ost.
1353 883 1497 922 Chron.
1518 885 1648 921 casin.
1671 886 1698 925 3

252 950 304 987 31
321 958 331 982 :
361 945 468 996 jecit
496 950 532 980 et
539 943 734 993 pharum,
764 956 947 979 coronam
966 941 1113 979 scilicet
1130 941 1347 978 maximam
1365 947 1593 992 argenteam
1608 953 1699 977 cum

257 1024 309 1030 -——
330 1015 395 1038 sex
421 1006 458 1037 et
483 1000 647 1050 triginta
675 998 928 1048 lampadibus
951 1012 996 1035 ex
1012 1011 1058 1034 ea
1070 996 1346 1048 pendentibus.
1405 999 1461 1034 ita
1477 997 1699 1047 promiscue

252 1057 362 1108 apud
381 1055 628 1095 Valafridum
648 1055 884 1093 Strabonem
903 1054 951 1092 de
968 1055 1103 1091 Mirac.
1127 1054 1169 1091 S.
1196 1054 1301 1090 Galli
1323 1054 1350 1092 2
1380 1052 1446 1101 35,
1475 1052 1626 1090 Bedam
1650 1050 1700 1089 de

254 1115 343 1151 Rat.
364 1120 532 1163 tempor.
553 1125 586 1148 c.
605 1110 672 1160 24,
707 1112 749 1148 in
767 1112 867 1148 Hist.
889 1111 1066 1148 translat.
1088 1110 1128 1150 S.
1148 1109 1369 1147 sebastiani
1392 1121 1432 1145 n.
1455 1107 1530 1156 94,
1560 1110 1601 1146 in
1621 1109 1701 1145 vita

114 1170 143 1204 P
167 1169 235 1205 558
259 1169 427 1207 Gudilae
443 1169 552 1218 Virg.
572 1180 613 1203 n.
641 1169 703 1207 18.
731 1174 932 1218 praeterea
951 1165 1056 1218 apud
1071 1167 1325 1203 Anastasium
1340 1177 1421 1202 non
1435 1166 1571 1213 semel,
1597 1163 1704 1215 apud

257 1239 377 1278 quem
400 1226 442 1262 iu
468 1223 510 1262 S.
537 1223 725 1261 Silvestre
751 1223 884 1274 phara
912 1223 1106 1260 canthara
1139 1221 1320 1258 dicuntur
1351 1233 1419 1257 eae
1451 1222 1703 1271 potissimum

257 1293 448 1327 coronae,
480 1291 580 1331 quae
602 1279 852 1330 lampadibus
871 1286 909 1316 et
929 1279 1046 1316 discis
1063 1280 1273 1316 instructae
1294 1283 1421 1324 erant,
1450 1289 1546 1328 quas
1567 1292 1703 1328 φωτα-

259 1334 358 1388 δόχα
377 1332 510 1389 ἆγγεῖα
530 1342 643 1373 vocat
662 1337 793 1374 Ducas
814 1349 847 1372 c.
865 1336 934 1374 29.
974 1334 1145 1387 denique
1165 1335 1264 1372 alios
1282 1332 1526 1386 lychnuchos
1547 1336 1588 1371 in
1613 1346 1703 1371 mo-

262 1393 358 1431 dum
377 1393 499 1430 crucis
519 1392 668 1430 effictos
686 1390 874 1444 appendit
889 1392 1142 1429 lastinianus.
1199 1391 1446 1428 silentiarius
1467 1401 1507 1427 v.
1530 1388 1634 1432 417:

477 1447 546 1489 καὶ
564 1445 733 1501 μεγάλου
755 1452 938 1500 σταυροῖο
960 1444 1087 1487 τύπον
1104 1442 1298 1486 nomana
1315 1443 1488 1497 νοήσεις,

478 1505 634 1559 γείτονα
654 1503 726 1557 μὲν
748 1505 912 1553 δίσκοιο,
940 1498 1220 1555 πολυτρήτοισι
1240 1500 1283 1543 δὲ
1304 1498 1445 1549 νώτοις

236 1602 238 1605 ,
480 1558 599 1614 ἄγγος
620 1560 874 1613 ἐλαφρίζοντα
897 1556 1150 1612 σελασφόρον.
1457 1556 1461 1557 ’

262 1615 371 1654 hunc
401 1629 515 1668 porro
543 1618 663 1653 ritum
692 1629 824 1654 cruces
850 1617 1066 1653 luminibus
1086 1612 1304 1652 exornandi
1322 1619 1447 1651 aetate
1469 1613 1512 1651 S.
1533 1611 1707 1664 Chryso-

264 1674 396 1720 stomi,
426 1674 536 1710 cuius
558 1679 690 1710 auctor
708 1671 947 1724 perhibetur,
978 1672 1190 1710 obtinuisse
1206 1677 1363 1707 narrant
1383 1670 1562 1708 Socrates
1579 1676 1617 1706 et
1633 1669 1708 1706 Ni·-

265 1727 458 1780 cephorus
478 1729 577 1766 Call.
609 1735 646 1766 et
672 1730 714 1765 in
737 1729 983 1780 processibus
1009 1728 1178 1779 publicis
1198 1727 1468 1763 ecclesiasticis
1489 1725 1707 1776 praelatas:

265 1784 428 1835 σταυροὶ
451 1780 637 1837 ἀργύρεοι
665 1787 797 1836 κηρῶν
817 1781 883 1825 ἐπ’
910 1780 1046 1831 αὐτοῖς
1066 1778 1302 1834 οἶνημμένων
1319 1784 1578 1834 προηγοῦντο.
1602 1804 1606 1807 -
1633 1793 1710 1818 nec

266 1839 409 1878 desunt
432 1842 500 1892 qui
524 1854 678 1878 crucem
701 1853 818 1891 supra
840 1841 1048 1877 ambonem
1073 1845 1242 1876 stantem
1267 1839 1436 1876 lucernis
1459 1835 1710 1888 lampadibus

266 1909 314 1934 ac
328 1897 543 1934 luminibus
562 1895 726 1948 perinde
742 1898 963 1947 fulgurasse
981 1909 1032 1933 ex
1051 1894 1200 1933 Codino
1222 1894 1452 1933 observant:
1482 1890 1558 1945 εἶχε
1579 1889 1622 1933 δὲ
1640 1892 1710 1934 καὶ

266 1950 391 2004 συχνοὶ
414 1951 643 2004 λυχνιτάρια
662 1952 728 1992 καὶ
747 1949 1033 2006 μαργαριτόρια
1053 1947 1233 1991 ἄντίδοτα.
1273 1949 1344 1988 sed
1362 1956 1400 1987 et
1421 1949 1527 2001 apud
1548 1951 1710 1987 Latinos

266 2007 374 2046 hunc
390 2010 604 2047 invaluisse
627 2010 746 2046 ritum
768 2008 881 2046 docet
901 2009 1129 2046 Anastasius
1148 2008 1191 2043 in
1212 2006 1254 2044 S.
1274 2004 1474 2043 Hadriano
1496 2007 1584 2042 PP:
1602 2006 1711 2056 ficit

267 2072 306 2101 et
317 2065 495 2115 pharum
514 2067 701 2102 maiorem
725 2066 769 2102 in
796 2065 931 2102 eadem
948 2065 1004 2101 B.
1027 2064 1139 2101 Petri
1157 2062 1317 2099 ecclesia
1343 2063 1386 2098 in
1407 2069 1544 2112 typum
1565 2063 1711 2107 crucis,

269 2122 343 2171 qui
358 2122 506 2171 pendet
524 2128 616 2157 ante
628 2120 933 2170 presbyterium,
970 2118 1176 2156 habentem
1201 2118 1388 2155 candelas
1407 2120 1531 2163 1370,
1562 2124 1597 2154 et
1617 2131 1713 2154 eon-

268 2178 399 2212 stituit
423 2184 468 2213 ut
496 2183 680 2227 quattuor
709 2176 863 2214 vicibus
889 2178 932 2212 in
961 2188 1065 2212 anno
1082 2175 1164 2224 ipse
1180 2173 1336 2224 pharus
1357 2174 1608 2211 accendatur.
1668 2175 1712 2210 in

268 2234 404 2269 Leone
424 2244 496 2269 111:
524 2232 630 2283 fecit
648 2245 800 2269 crucem
817 2231 1092 2283 anaglypham
1111 2230 1382 2276 intersatilem,
1411 2243 1457 2267 ex
1473 2244 1570 2267 auro
1593 2243 1712 2266 mun-

269 2288 447 2333 dissimo,
463 2288 695 2338 pendentem
710 2289 752 2324 in
764 2288 939 2339 pergula
957 2294 1048 2324 ante
1066 2286 1191 2323 altare
1210 2300 1300 2323 cum
1317 2286 1493 2323 candelis
1510 2286 1714 2323 duodecim

263 2357 379 2394 pens.
405 2343 474 2381 lib.
500 2344 565 2384 13.
623 2343 817 2380 eiusmodi
837 2345 957 2380 etiam
979 2356 1110 2380 cruces
1131 2343 1349 2381 luminosas
1363 2343 1561 2380 intellexit
1579 2342 1714 2380 Silen-

270 2402 407 2438 tiarius
429 2414 467 2437 v.
484 2399 559 2440 481
577 2429 587 2447 ,
618 2398 713 2436 dum
731 2401 786 2436 ait
803 2400 926 2436 alium
947 2406 1121 2436 mentem
1145 2399 1338 2436 oblectare
1355 2397 1544 2436 intuendo
1564 2394 1715 2448 σύμβο-

269 2459 341 2496 λον
359 2451 550 2507 οὐρανίου
570 2457 768 2508 Χριστοῖο.
815 2461 906 2493 sunt
927 2457 1033 2492 enim
1055 2469 1123 2492 eae
1141 2456 1324 2492 lucernae
1345 2467 1442 2506 quas
1460 2456 1577 2505 signa
1599 2453 1715 2491 Chri-

269 2513 323 2549 sti
350 2513 522 2563 appellat
539 2513 768 2549 Anastasius
799 2512 840 2547 in
859 2513 991 2548 Leone
1015 2523 1086 2548 111:
1121 2511 1228 2562 ficit
1249 2512 1293 2548 in
1321 2510 1487 2547 basilica
1516 2510 1570 2546 B.
1602 2510 1718 2546 Petri

271 2568 460 2618 Apostoli
474 2590 530 2596 —-
547 2566 748 2619 gabathas
771 2567 974 2618 fundatas
1001 2567 1280 2618 signochristas
1289 2594 1306 2612 ,
1353 2579 1454 2618 quae
1474 2566 1652 2616 pendent
1671 2567 1716 2602 in

273 2624 588 2675 quadriporticu,
617 2625 660 2661 in
670 2623 803 2673 pharo
818 2636 928 2660 aereo
947 2624 990 2660 in
1008 2623 1133 2660 medio
1151 2622 1371 2668 Basilicae,
1399 2635 1560 2659 numero
1578 2619 1645 2662 48.
1676 2627 1715 2659 et

272 2681 315 2717 in
336 2681 522 2732 Gregorio
549 2691 618 2718 lv:
648 2681 807 2731 signum
828 2679 973 2717 Christi
987 2678 1107 2716 habet
1123 2679 1340 2717 navicellas
1357 2677 1459 2716 duas
1477 2685 1512 2715 et
1531 2691 1716 2715 murenas

274 2743 363 2774 tres.
422 2737 548 2774 infra:
580 2737 740 2787 signum
765 2735 913 2773 Christi
930 2735 1164 2786 pendentem
1192 2737 1234 2772 in
1261 2734 1454 2772 catenulis
1490 2734 1627 2772 tribus.
1659 2755 1715 2762 —-

272 2794 432 2844 signum
466 2792 613 2831 Christi
649 2791 767 2830 habet
802 2791 1007 2830 historiam
1032 2792 1074 2829 in
1102 2791 1262 2830 modum
1291 2791 1414 2829 leonis
1439 2790 1716 2842 incapillatam
