1890 3224
302 165 397 213 120
911 163 1134 207 PETAVII

299 277 479 328 gularem
500 273 609 313 hunc
624 278 823 311 auctorem
842 269 976 310 habet.
1034 269 1141 323 apud
1157 268 1447 323 Theophanem
1464 277 1503 309 et
1520 270 1741 310 Cedrenum

299 334 526 372 nominatus
546 331 739 381 reperitur
753 329 996 376 Valentinus,
1027 341 1118 365 cum
1138 329 1192 365 ita
1211 333 1382 375 narrant,
1411 326 1498 365 Iud.
1518 329 1542 377 1
1563 335 1742 367 senatum

296 390 524 427 Heraclium
545 399 590 424 ac
606 386 818 423 Martinam
834 398 924 422 cum
937 384 1145 423 Valentino
1167 383 1407 435 repudiasse.

408 457 450 495 p.
470 442 524 485 35
545 455 585 480 v.
608 446 649 484 2.
707 437 729 482 ὅ
748 439 791 482 δὲ
805 436 1111 492 συλλαβόμενος]
1132 439 1298 478 discedit
1314 438 1380 477 hic
1398 451 1421 476 a
1440 439 1577 476 ceteris
1595 445 1741 488 noster,

297 502 368 553 qui
387 501 434 537 ab
454 499 698 537 Heracleona
718 505 757 535 et
773 499 943 535 Martina
964 498 1203 544 Heraclium,
1225 498 1295 549 qui
1313 497 1503 534 Constans
1526 493 1654 533 dictus
1669 502 1742 544 est,

298 557 437 594 asserit
454 557 733 607 imperatorem
753 567 838 592 esse
855 554 1018 591 factum.
1076 559 1227 590 constat
1250 553 1358 590 enim
1378 565 1400 589 a
1418 558 1558 589 senatu
1577 551 1749 602 abroga-·

296 619 384 650 tum
403 613 670 650 Heracleonae
689 611 920 662 imperium,
963 607 1213 661 eundemque
1243 609 1453 660 amputatis
1473 608 1632 645 naribus
1654 621 1746 646 00111

295 675 435 717 matre,
466 669 530 706 cui
546 669 683 719 lingua
702 667 878 718 praecisa
898 672 993 714 erat,
1013 667 1246 716 relegatum.
1302 666 1512 716 imperavit
1530 665 1746 702 Heracleo-

295 738 368 762 nas
390 737 547 763 menses
566 726 605 772 6,
635 724 703 776 qui
719 724 762 759 111
778 722 1039 760 Decembrem
1057 721 1175 760 huius
1191 735 1227 759 a.
1245 720 1324 762 641
1336 750 1347 770 ,
1367 719 1454 759 Iud.
1473 719 1545 769 15,
1566 719 1744 758 desinere

296 780 496 818 videntur.
551 792 792 832 magnopere
811 792 904 817 vero
932 779 975 816 in
999 776 1075 816 hac
1101 777 1264 816 historia
1288 775 1556 828 Theophanes
1574 775 1746 815 halluci-

294 843 434 886 natur,
475 838 519 873 in
548 835 635 874 cod.
660 837 805 873 Ioieus.
863 835 932 888 qui
953 835 1154 873 Constant.
1187 833 1359 872 eundem
1387 846 1477 871 cum
1501 833 1748 871 Heracleona.

295 893 415 930 facit:
447 889 542 944 μετοέ
576 890 620 933 ὂὲ
644 888 893 945 Ἡράκλειον,
930 893 1006 940 ait,
1046 890 1272 944 ἐβασίλευσε
1294 893 1597 936 Κωνσταντῑνος
1619 887 1640 929 ὃ
1658 886 1748 936 υἱός

296 945 425 989 αὐτοῦ
442 948 467 989 o‘
487 946 698 1001 λεγόμενος
713 947 998 1000 Ἡρακλεωνᾶς,
1030 943 1307 1000 μονοθελητῆς
1326 945 1394 987 καὶ
1415 941 1555 995 αὐτός,
1587 944 1672 994 ἔτος
1691 943 1746 987 ἕν.

295 1004 365 1045 καὶ
389 1003 587 1058 φαρμάκῳ
608 1003 689 1045 ὑπὸ
709 1007 788 1044 τῶν
809 1005 968 1046 οἰκείων
986 999 1183 1059 ἀνῃρέθη.

407 1075 448 1112 p.
471 1063 523 1101 36
543 1074 582 1098 v.
602 1063 669 1102 11.
697 1061 980 1113 προχειρίζεται
1001 1058 1180 1110 Παῦλος]
1199 1056 1468 1109 Theophanes
1487 1063 1526 1095 et
1546 1055 1748 1096 Cedrenus

298 1129 402 1154 anno
422 1117 470 1153 ab
489 1118 662 1154 Heraclii
682 1123 808 1154 morte
831 1118 952 1154 altero
977 1113 1176 1167 Pyrrhum
1200 1128 1220 1151 e
1242 1113 1336 1151 sede
1357 1113 1553 1151 deiectum
1574 1127 1620 1151 ac
1639 1116 1750 1151 Pau-

296 1174 383 1210 lum
401 1174 485 1210 eius
503 1173 589 1209 loco
608 1172 818 1209 suffectum
839 1178 1017 1207 astruunt
1030 1200 1041 1218 ,
1071 1171 1229 1208 Octobri
1246 1182 1395 1214 mense,
1424 1168 1512 1206 Iud.
1535 1170 1612 1216 153
1656 1170 1749 1221 qui-

296 1230 371 1266 bus
402 1235 441 1265 et
467 1227 610 1265 diserte
644 1233 778 1264 noster
805 1226 1029 1264 assentitur.
1088 1237 1209 1277 quare
1239 1237 1275 1261 a.
1298 1225 1341 1261 C.
1361 1222 1464 1272 641,
1504 1223 1645 1262 eodem
1669 1238 1749 1277 quo

294 1284 502 1322 Heraclius
523 1283 640 1331 obiit,
672 1284 819 1320 eiectus
838 1288 897 1320 est
915 1279 1115 1333 Pyrrhus,
1154 1293 1234 1318 non
1258 1279 1361 1328 642,
1392 1286 1437 1317 ut
1461 1282 1580 1318 estin
1603 1282 1750 1318 Annal.

295 1354 441 1392 nempe
459 1338 547 1377 Iud.
572 1340 623 1381 15
642 1340 731 1376 iniit
748 1352 785 1376 a.
805 1339 886 1381 641
913 1338 1150 1389 Septembri.
1207 1349 1323 1388 porro
1349 1349 1439 1373 011111
1461 1349 1543 1374 11011
1564 1343 1653 1374 ante
1678 1337 1752 1375 ab-

298 1404 481 1447 rogatum
501 1396 767 1434 Heracleonae
786 1396 1002 1446 imperium
1020 1393 1096 1432 hoc
1117 1392 1324 1442 acciderit,
1365 1394 1433 1445 qui
1454 1392 1616 1445 quidem
1633 1407 1752 1431 men-

298 1454 408 1490 sibus
428 1455 532 1491 senis
551 1453 782 1503 imperavit,
823 1452 940 1488 facile
962 1449 1064 1488 mihi
1089 1448 1308 1502 persuadeo
1337 1451 1362 1490 6
1382 1450 1474 1488 illos
1493 1462 1650 1488 menses
1667 1463 1752 1489 non

298 1522 385 1547 esse
405 1522 427 1546 a
450 1510 697 1547 Constantini
719 1509 892 1546 Heraclii
911 1509 956 1545 F.
981 1505 1053 1545 sed
1072 1508 1120 1544 ab
1141 1507 1314 1544 Heraclii
1332 1506 1458 1556 ipsius
1480 1506 1588 1543 obitu
1607 1519 1752 1544 nume-

296 1564 455 1613 randos,
485 1567 540 1602 ita
558 1572 602 1602 ut
624 1578 716 1602 cum
734 1565 990 1602 Constantino
1009 1564 1132 1601 tribus
1153 1563 1355 1600 mensibus
1378 1568 1416 1598 et
1438 1561 1577 1599 diebus
1600 1565 1649 1603 13
1672 1564 1754 1599 im-

295 1623 442 1672 perarit
455 1650 465 1669 ,
496 1634 549 1658 ex
572 1621 744 1657 Heraclii
762 1626 1012 1659 testamentO.
1068 1621 1202 1670 itaque
1220 1617 1297 1655 hoc
1316 1619 1403 1668 ipso
1425 1630 1460 1654 a.
1484 1619 1584 1654 circa
1605 1619 1754 1655 Iulium

296 1690 476 1715 mensem
489 1706 499 1726 ,
537 1677 781 1714 Heracleona
803 1678 918 1727 pulso
931 1705 942 1724 ,
983 1675 1175 1713 Constans
1197 1675 1411 1724 imperium
1432 1675 1655 1723 auspicatus
1679 1681 1753 1712 est.

298 1732 608 1784 expendendum
633 1745 726 1770 vero
753 1731 856 1769 illud
889 1732 1075 1770 attentius
1098 1728 1205 1784 quod
1234 1730 1369 1767 scribit
1386 1731 1583 1777 Zonaras,
1626 1731 1755 1768 Hera-

299 1790 482 1827 cleonam
501 1787 577 1827 hoc
594 1801 698 1826 anno
717 1787 935 1826 decennem
953 1788 1090 1825 fuisse.
1148 1786 1225 1824 hoc
1245 1787 1278 1824 si
1294 1798 1432 1824 verum
1452 1791 1524 1833 est,
1553 1791 1669 1824 natus
1695 1793 1755 1825 est

299 1848 404 1883 circa
424 1859 460 1883 a.
482 1846 525 1883 C.
548 1846 653 1894 632,
682 1846 855 1883 Heraclii
874 1846 944 1885 22.
1003 1850 1044 1881 at
1069 1844 1182 1881 nulla
1210 1841 1328 1880 huius
1349 1843 1405 1879 rei
1426 1840 1531 1892 apud
1547 1839 1754 1881 historicos

299 1904 466 1940 mentio.
525 1914 627 1939 anno
648 1900 812 1953 quidem
829 1904 924 1949 630,
954 1899 1043 1938 Iud.
1065 1899 1105 1949 4,
1132 1902 1233 1937 Nov.
1259 1903 1298 1946 7,
1328 1905 1445 1936 natus
1464 1899 1505 1935 in
1528 1899 1686 1936 Oriente
1702 1911 1756 1937 ex

298 1959 469 1995 Martina
488 1958 653 2007 coniuge
673 1956 822 2005 David,
855 1956 1075 2008 eademque
1098 1955 1162 1993 die
1180 1955 1383 1992 Heraclius
1402 1954 1574 1992 Heraclii
1591 1956 1756 1993 iunioris

300 2016 384 2052 sive
403 2014 651 2051 Constantini
669 2014 729 2061 F„
760 2014 830 2065 qui
851 2019 988 2063 postea
1006 2013 1198 2049 Constans
1217 2017 1275 2048 est
1293 2009 1432 2048 dictus.
1492 2012 1619 2061 potuit
1635 2013 1757 2062 igitur

300 2069 379 2108 hac
411 2071 621 2108 nominum
649 2067 909 2107 similitudine
947 2067 1133 2119 deceptus
1163 2069 1337 2105 Zonaras
1372 2067 1599 2103 Heraclium
1634 2068 1756 2104 istum

301 2127 476 2164 Heraclii
504 2126 669 2164 senioris
696 2132 736 2163 et
759 2126 952 2162 Martinae
969 2126 1014 2162 F.
1042 2131 1195 2175 putare.
1250 2122 1352 2160 mihi
1369 2135 1462 2160 vero
1485 2120 1652 2159 dubium
1674 2136 1758 2160 11011

303 2190 363 2221 est
383 2184 478 2234 quin
502 2182 766 2220 Heracleonas
780 2183 985 2219 Heraclius
1004 2181 1073 2217 ille
1093 2182 1143 2218 sit
1156 2209 1166 2228 ,
1206 2191 1325 2231 quem
1354 2184 1487 2215 noster
1505 2191 1545 2228 p.
1570 2181 1619 2219 17
1639 2180 1695 2220 20
1712 2181 1758 2217 111

302 2240 446 2276 Lazica
459 2245 597 2276 natum
607 2238 737 2287 refert,
749 2239 944 2275 a.scilicet
955 2237 1128 2274 Heraclii
1148 2237 1198 2276 12
1215 2236 1280 2272 vel
1302 2236 1365 2282 16,
1390 2235 1459 2286 qui
1475 2241 1574 2282 tum,
1605 2248 1695 2272 cum
1713 2236 1758 2273 111

304 2294 485 2333 ordinem
504 2293 685 2332 redactus
709 2300 788 2340 est,
830 2306 953 2331 annos
973 2291 1113 2330 habuit
1130 2291 1256 2328 ferme
1277 2292 1329 2331 16
1352 2291 1417 2328 vel
1436 2291 1504 2331 20.
1562 2297 1630 2329 aut
1651 2299 1758 2330 certe

305 2351 584 2389 Constantinus
619 2350 718 2387 alter
734 2350 907 2386 Heraclii
938 2349 1043 2386 filius
1073 2360 1126 2385 ex
1144 2348 1334 2395 Martina,
1382 2358 1502 2398 quem
1530 2359 1565 2383 a.
1585 2348 1757 2385 Heraclii

307 2409 446 2458 quinto
465 2413 604 2444 natum
621 2419 707 2444 esse
722 2404 923 2443 cedrenus
944 2417 989 2442 00
1004 2402 1274 2455 Theophanes
1291 2403 1478 2441 scribunt.
1504 2415 1633 2455 neque
1650 2405 1760 2441 enim

307 2464 342 2500 is
363 2476 454 2500 cum
470 2463 650 2500 Heraclio
680 2460 869 2500 confundi
888 2467 1038 2513 potest,
1080 2461 1150 2512 qui
1175 2461 1219 2497 in
1245 2461 1332 2510 ipsa
1359 2457 1612 2510 expeditione
1642 2466 1759 2498 natus

309 2525 370 2555 est
392 2520 433 2555 in
451 2520 606 2568 Lazica,
634 2520 785 2571 aliquot
801 2519 914 2555 annis
933 2524 1023 2569 post
1043 2517 1344 2554 Constantinum
1363 2515 1555 2552 martinae
1573 2517 1618 2553 F.
1651 2514 1761 2568 quod

307 2575 473 2612 fortasse
487 2577 618 2613 verius
638 2582 716 2613 est:
747 2577 803 2612 ita
821 2575 929 2612 enim
944 2575 1140 2625 imperare
1158 2573 1330 2623 coeperit
1354 2584 1391 2609 a.
1415 2572 1553 2609 aetatis
1570 2573 1637 2613 26.
1695 2578 1760 2610 at·-

309 2631 380 2684 qui
399 2631 571 2682 plurima
588 2630 654 2669 hio
672 2632 720 2670 ab
742 2631 986 2669 Heracleona
1007 2629 1111 2668 dicta
1126 2629 1279 2666 factave
1301 2634 1530 2676 narrantur,
1568 2640 1670 2680 quae
1688 2640 1763 2665 ae-

310 2700 380 2739 gre
416 2687 529 2725 alteri
565 2700 687 2740 quam
716 2689 754 2726 ei
783 2688 852 2741 qui
879 2687 1037 2727 virilem
1071 2692 1242 2724 aetatem
1270 2684 1444 2734 attigerit
1470 2682 1763 2723 accommodari

309 2743 476 2797 possint.

423 2799 477 2840 ib.
512 2813 551 2839 v.
582 2803 647 2842 13.
708 2803 1010 2849 Κωνσταντῖνος
1026 2793 1102 2842 οὖν
1118 2797 1164 2842 ἐν
1181 2795 1366 2852 Σικελίᾳ]
1396 2797 1537 2848 iugens
1553 2793 1620 2834 hio
1636 2807 1762 2835 anno·
