1890 3224
241 187 308 235 48
720 191 955 235 GEORGII
983 191 1194 235 PISIDAE

456 301 598 361 λόγους
616 301 790 354 συνάξας
807 304 848 354 ἐξ
868 304 1058 346 ἀκανθῶν
1075 308 1147 358 τῆς
1165 301 1311 359 μάχης,

455 375 519 415 σοὶ
544 377 601 430 τῷ
623 376 836 430 φυτουργοῦ
859 376 939 414 τῶν
962 370 1244 429 φρενοσπόρων
1269 371 1396 427 λόγων

454 438 620 490 τούτους
640 438 838 496 προσάξαι
860 438 1144 497 συμφερόντως
1168 438 1340 495 εἱλόμην,

457 505 564 557 ὅπως
585 506 607 548 ὃ
627 508 783 571 μακρὸς
805 508 862 562 μὴ
884 506 1111 564 παρεκλύσῃ
1129 505 1275 564 χρόνος

370 575 422 616 15
455 575 506 617 τὰ
529 579 608 617 τῶν
627 576 731 618 καθ’
754 574 862 630 ἡμᾶς
882 574 1107 629 θαυμάτων
1128 573 1338 629 κινήματα.

503 642 612 698 ’ΤΙδη
632 644 705 696 μὲν
725 642 856 700 ὥσπερ
881 645 1076 699 δυσγενεῖς
1098 641 1339 694 ἀποσπάόες,

456 709 651 768 Τούρκων
672 713 982 766 ἀποσχισθέντες
999 711 1128 767 ἄγριοι
1151 709 1304 762 κλάδοι,

453 780 520 819 καὶ
541 786 624 829 τοῖς
647 781 752 821 καθ)
774 778 882 834 ἡμᾶς
902 777 1189 835 εὐγενεστάτοις
1208 777 1345 828 τόποις

454 849 757 904 παρεντεθέντες
781 847 913 904 ὥσπερ
939 848 1260 904 ε’μφυλλίσματα,

365 919 420 957 20
452 915 631 972 καρποὺς
655 914 989 971 παρεβλάστησαν
1011 916 1052 956 ἐν
1073 921 1155 964 τοῖς
1178 912 1341 971 ἡμέροις

455 991 596 1039 φυτοῖς
615 982 912 1040 ὖποτρέφοντας
932 983 1072 1039 ἀγρίαν
1097 981 1231 1039 φύσιν.

454 1052 534 1092 ἐπεὶ
558 1052 601 1092 δὲ
624 1053 761 1092 λοιπὸν
781 1053 995 1093 ἐκταθεῖσα
1016 1055 1095 1092 τῶν
1114 1049 1272 1091 κλάδων

450 1117 476 1172 ἦ
503 1118 589 1175 ῥίζα
614 1123 685 1173 τῆς
703 1124 775 1174 γῆς
796 1119 890 1168 τοὺς
913 1117 1032 1174 ὅρους
1053 1116 1303 1173 ὑφήρπασεν,

450 1185 525 1240 ὕλη
548 1187 590 1227 de*
614 1190 771 1228 πολλῶν
791 1185 1012 1242 βάρβαρων
1032 1186 1190 1240 ἐγίνετο,

362 1255 416 1295 25
452 1254 524 1294 οὐκ
546 1248 594 1307 ἦν
614 1254 755 1308 ἀνεκτὴ
779 1261 862 1303 τοῖς
884 1255 1090 1310 παροίκως
1110 1251 1135 1305 ἡ
1153 1250 1303 1306 βλάβη,

447 1321 541 1362 ἀλλ’
568 1319 699 1378 ὥσπερ
726 1324 780 1371 εἷς
800 1325 872 1376 γῆν
894 1322 1135 1374 ἐμπεσοῦσαι
1159 1320 1379 1373 λαμπάδες,

444 1387 471 1442 ἡ
495 1389 597 1445 φλὸξ
618 1391 741 1443 ἐκείνη
767 1393 840 1431 τοῦ
860 1390 997 1444 γένους
1021 1388 1224 1442 ἀνημμένη

444 1456 489 1498 τὸ
511 1456 676 1513 τερπνὸν
701 1456 828 1506 ἄνθος
851 1461 930 1498 τῶν
953 1455 1086 1498 τόπων
1108 1454 1307 1509 ἐβόσκετο.

447 1523 557 1577 ὅμως
577 1526 748 1577 ἐπισχεῖν
769 1525 840 1578 τὴν
861 1523 1060 1577 τοσαύτην
1081 1524 1221 1579 ἀγρίαν

359 1596 413 1635 30
448 1590 468 1632 ὃ
491 1591 913 1648 ποντογείτωνἼστρος
935 1591 1070 1644 ἴσχυσε
1092 1590 1208 1643 μόλις

446 1657 502 1708 ὥς
526 1658 690 1715 ῥευστὸν
716 1660 974 1715 ἀντίφραγμα
997 1660 1060 1699 καὶ
1087 1664 1215 1711 τεῖχος
1236 1659 1337 1699 νέον.

443 1734 573 1779 τεῖχος
594 1728 672 1784 γὰρ
699 1727 835 1776 αὐτοῖς
856 1726 1000 1780 ἀντέβη
1023 1726 1074 1767 τὰ
1097 1724 1258 1779 κύματα

447 1796 515 1835 καὶ
538 1795 725 1850 φραγμὸς
747 1793 871 1843 ἑστὼς
893 1797 948 1843 εἷς
969 1794 1181 1849 ἄείὸρομον
1203 1791 1337 1848 φύσιν.

447 1863 545 1911 τέως
563 1863 636 1916 μὲν
655 1857 725 1904 οὖν
745 1862 790 1904 τὸ
810 1861 972 1918 ῥεῖθρον
993 1860 1164 1917 ἀγράφῳ
1186 1863 1310 1917 κρίσει

357 1932 411 1973 35
446 1929 612 1979 τούτους
631 1928 803 1983 μεσάζον
822 1929 916 1978 τοὺς
939 1928 1058 1984 ὅρους
1076 1928 1269 1983 ἐπήξατο·

445 1997 543 2051 ὅσην
565 1999 606 2039 δὲ
629 1998 767 2040 λοιπὸν
788 1995 814 2052 ἡ
836 1998 1012 2039 πολιτεία
1029 1995 1188 2050 βλάβην

317 2116 360 2149 21
382 2111 668 2160 ’ὑποςρέφοντας
689 2114 720 2149 Ρ
857 2114 903 2149 30
924 2112 1171 2157 παντογείτων
1188 2111 1252 2146 PV
1274 2122 1348 2146 cum
1372 2111 1413 2144 ed

226 2224 373 2260 paucos,
396 2225 481 2258 quos
507 2214 598 2247 inter
622 2214 825 2254 certamina,
853 2217 892 2247 ut
913 2223 1026 2252 rosas,
1049 2223 1221 2246 sermones
1245 2212 1365 2255 collegi
1391 2224 1433 2246 ex
1458 2211 1563 2256 spinis
1584 2210 1676 2254 belli,

225 2260 288 2293 tibi
311 2259 416 2292 satori
437 2259 632 2303 sapientium
658 2270 845 2292 sermonum
874 2259 974 2291 hosce
1000 2258 1126 2291 offerre
1148 2269 1214 2291 non
1237 2258 1442 2291 inconsultus
1466 2255 1609 2293 institui.
1633 2266 1679 2288 ne

221 2306 327 2347 longa
352 2307 432 2348 post
458 2315 519 2337 nos
544 2304 714 2337 oblitteret
728 2308 823 2337 aetas
848 2303 930 2346 (15)
955 2309 1148 2336 nostrarum
1161 2314 1272 2337 rerum
1288 2302 1482 2336 admiranda
1497 2300 1675 2338 molimina.

169 2352 177 2364 ”
224 2349 358 2383 iamiam
384 2348 441 2393 qui
465 2352 624 2393 tanquam
640 2348 725 2382 viles
740 2348 929 2393 apospades
945 2359 966 2381 a
981 2348 1104 2392 Tur-'gis
1121 2349 1230 2382 avulsi
1245 2348 1418 2382 silvestres
1432 2346 1554 2381 surculi
1569 2356 1677 2399 prope

225 2399 358 2428 nostras
383 2394 604 2427 nobilissimas
631 2394 784 2438 regiones
808 2394 944 2427 stabant
968 2390 1111 2438 ad'p'ositi
1125 2394 1232 2427 veluti
1249 2393 1471 2433 contribules,
1495 2392 1577 2436 (20)
1601 2391 1677 2424 fru-

225 2446 301 2474 ctus
327 2439 492 2480 edebant,
514 2439 604 2472 inter
629 2439 832 2473 domesticas
858 2438 992 2482 plantas
1008 2439 1258 2473 subnutrientes
1272 2440 1377 2472 feram
1391 2442 1554 2471 naturam.
1601 2447 1676 2470 cum

223 2489 336 2519 autem
358 2484 490 2528 penitus
513 2484 616 2517 infixa
636 2485 842 2518 surculorum
857 2483 953 2517 radix
968 2484 1139 2517 finitimam
1154 2490 1279 2518 terram
1296 2487 1516 2528 occupasset,
1540 2485 1576 2515 et
1590 2481 1676 2514 silva

224 2531 402 2564 multorum
423 2530 643 2563 barbarorum
664 2529 877 2574 pullulasset,
911 2529 991 2572 (25)
1017 2540 1082 2562 non
1098 2534 1173 2563 erat
1187 2529 1360 2563 tolerabile
1373 2527 1492 2560 vicinis
1507 2527 1675 2566 damnum,

224 2576 287 2610 sed
301 2574 403 2609 veluti
418 2574 450 2608 in
465 2579 589 2608 terram
603 2574 743 2620 illapsae
757 2575 850 2608 faces
861 2599 871 2616 ‚
894 2574 1028 2607 flamma
1051 2574 1139 2608 illius
1159 2574 1269 2618 gentis
1284 2584 1424 2607 accensa
1439 2572 1595 2605 floridam
1609 2570 1674 2604 loci

228 2624 440 2655 venustatem
454 2619 668 2664 depascebat.
715 2631 830 2653 verum
848 2619 1004 2652 cohibere
1018 2624 1145 2652 tantam
1159 2619 1328 2653 feritatem
1351 2618 1431 2662 (30)
1456 2619 1526 2650 late
1539 2622 1674 2650 conter-

227 2667 334 2700 minus
348 2666 438 2698 Ister
451 2666 508 2698 vix
525 2665 634 2709 potuit
644 2690 654 2706 ‚
675 2669 833 2709 tanquam
849 2664 960 2697 debile
975 2664 1099 2698 vallum
1115 2669 1150 2698 et
1164 2675 1275 2698 murus
1291 2674 1410 2697 novuS.
1459 2673 1572 2696 murus
1587 2661 1674 2694 enim

228 2716 346 2746 contra
360 2710 371 2743 i
397 2721 451 2743 sos
467 2715 564 2744 erant
579 2721 698 2754 aquae,
715 2717 750 2743 et
764 2709 887 2743 vallum
901 2710 935 2742 in
952 2709 1046 2742 labili
1062 2709 1248 2743 consistens
1264 2714 1396 2743 natura.
1442 2707 1550 2741 donec
1563 2711 1674 2740 tamen

226 2757 334 2802 ipsum
388 2767 482 2789 umen
505 2767 571 2789 non
594 2755 721 2800 scripta
734 2754 902 2788 sententia
923 2755 1004 2798 (35)
1029 2765 1112 2798 quos
1127 2754 1300 2788 dividebat
1313 2753 1473 2787 terminos
1488 2750 1673 2791 coniunxit,

172 2801 178 2808 '¹
227 2807 389 2848 quantum
409 2807 477 2837 tum
498 2801 641 2847 denique
655 2799 844 2846 respublica
858 2799 1052 2834 detrimenti
1067 2811 1110 2834 ex
1124 2799 1244 2845 iniquis
1260 2799 1415 2834 barbaris
1428 2807 1587 2844 perpessa
1601 2795 1674 2830 est!
