1890 3224
840 40 854 70 Χ

253 159 312 190 xx,
869 147 1100 201 QUERCII

258 265 298 296 et
324 258 453 297 fonna
480 257 691 297 verborum
713 256 884 296 nitentes
905 255 1164 296 conciduntur
1183 261 1224 294 et
1241 255 1489 295 enervantur.
1548 256 1620 296 sed
1637 256 1715 297 hoc

257 326 391 378 ipsum
407 325 580 363 nimium
600 323 644 360 in
665 321 939 362 consectandis
957 324 1130 363 flosculis
1151 330 1190 362 et
1209 324 1357 362 salibus
1377 323 1553 364 studium
1566 354 1576 374 ,
1607 324 1715 378 quod

258 395 408 432 sensim
427 393 641 443 obrepente
659 390 840 428 barbarie
862 397 901 428 et
914 392 1049 430 nativo
1069 392 1318 445 eloquentiae
1330 392 1456 430 nitore
1474 391 1715 444 depereunte

257 459 524 513 sophistarum
551 457 752 510 peculiare
778 458 876 508 fuit,
918 459 1014 497 vitio
1041 461 1173 511 potius
1199 472 1321 513 quam
1346 458 1458 497 laudi
1480 459 1715 498 vertendum

258 527 416 567 Pisidae
434 541 515 566 non
535 526 794 577 negabimus:
829 526 975 564 scimus
995 527 1103 564 enim
1123 533 1170 564 ut
1195 534 1303 566 aetas
1324 527 1517 579 posterior
1537 528 1650 565 novis
1676 533 1716 564 et

259 597 471 649 exquisitis
502 594 746 634 ornamentis
777 592 832 630 ita
859 594 1004 644 scr1pta
1033 596 1287 646 resperserit,
1317 602 1361 632 ut
1377 593 1474 632 dum
1493 606 1717 632 sermonem

259 664 408 700 eximia
427 662 619 701 suavitate
640 659 839 708 condiret,
875 661 1055 712 vigorem
1072 663 1295 700 extenuarit
1314 668 1353 700 et
1369 675 1513 700 nervos
1534 662 1717 700 robustae

259 743 458 783 sanaeque
476 728 659 767 dictionis
676 726 874 765 inciderit.
934 741 1055 781 quare
1075 730 1135 766 nil
1153 730 1300 766 mirum
1317 730 1579 767 recentiorum
1594 731 1719 767 Grae-

259 810 395 835 corum
413 797 546 848 palato
569 802 726 833 tantum
746 796 924 847 sapuisse
945 796 1098 835 iambos
1117 795 1277 835 Pisidae
1289 826 1300 846 ‚
1341 804 1386 835 ut
1406 810 1474 835 eos
1494 798 1583 836 aliis
1603 809 1720 848 prae-

257 865 361 902 ferre
381 877 463 902 non
483 862 772 901 dubitaverint:
801 875 897 900 nam
908 863 1120 914 Gregorius
1132 863 1311 902 Corinthi
1330 865 1537 916 episcopus
1557 866 1600 902 in
1618 865 1720 902 libro

259 929 351 984 περὶ
374 926 597 980 συντάξεως
618 926 757 984 λόγων,
789 928 838 968 de
862 932 1150 968 constructione
1171 932 1381 981 orationis,
1419 934 1488 984 qui
1511 939 1642 971 exstat
1658 944 1721 970 ms

260 999 303 1036 in
323 1000 513 1037 Vaticana
530 994 773 1036 bibliotheca
786 1027 797 1046 ,
829 1010 989 1035 carmen
1007 999 1224 1036 iambicum
1244 998 1403 1037 Pisidae
1422 1000 1501 1037 tale
1520 1012 1606 1037 esse
1631 1000 1723 1036 exi-

262 1066 451 1114 stimavit,
481 1073 525 1104 ut
545 1079 598 1103 ex
620 1079 667 1103 eo
688 1071 896 1118 tamquam
913 1066 1207 1105 absolutissimo
1226 1068 1459 1119 exemplum
1473 1074 1607 1118 petere
1628 1079 1723 1118 prae

262 1134 403 1171 ceteris
425 1131 656 1171 debeamus.
686 1131 772 1173 ἐπεὶ
790 1126 866 1173 οὖν
884 1130 933 1172 τὰ
955 1132 1117 1186 ἰαμβεῖα
1136 1134 1382 1187 λογογραφία
1400 1134 1461 1182 τίς
1483 1133 1588 1174 ἐστιν
1609 1130 1725 1186 εὔρυ-

260 1203 392 1252 θμος,
424 1196 636 1253 §medeam
668 1211 732 1240 σοι
754 1198 823 1240 καὶ
841 1196 884 1240 vd
899 1195 1226 1253 ἒνθυμηματικὸν
1245 1200 1289 1242 ἐν
1308 1197 1459 1250 αὐτοῖς.
1491 1200 1591 1254 ἔχεις
1609 1197 1727 1255 ἀρχέ-

261 1281 388 1308 τυπον
408 1264 480 1308 τόν
501 1267 690 1318 Πισίδην,
721 1265 937 1320 νεωτέρους
958 1264 1026 1308 τὸν
1044 1270 1294 1321 Καλλικλῆν,
1317 1265 1386 1310 τὸν
1407 1267 1727 1321 Πτωχοπρόδρο·

262 1349 352 1386 μον,
381 1333 447 1374 καὶ
470 1334 510 1375 εἷ’
525 1349 584 1382 τις
604 1336 796 1383 τοιοῦτος.
856 1332 900 1374 ἐν
922 1337 1008 1382 τοῖς
1026 1338 1211 1384 παλαιοῖς
1228 1333 1296 1377 τὸν
1319 1333 1530 1391 θεολόγον,
1558 1333 1630 1376 τᾶν
1645 1339 1729 1377 Σο·-

263 1403 436 1453 φοκλῆν,
466 1398 575 1449 ἐκτὸς
590 1404 671 1442 τῶν
691 1403 911 1454 ποιητικῶν
934 1398 1165 1455 ἰδιωμάτων
1183 1398 1331 1453 αὐτῶν,
1365 1400 1413 1445 τοὶ
1436 1399 1729 1457 εὐφραδὲστερα

262 1469 339 1507 τοῦ
358 1464 634 1523 Λυκόφρονος
652 1467 720 1510 καὶ
739 1469 778 1510 εἷ’
793 1484 831 1509 τι
850 1471 1034 1510 τοιοῦτον
1048 1466 1101 1522 *).
1160 1469 1232 1509 sed
1252 1479 1400 1524 quanta
1427 1472 1548 1510 fuerit
1569 1469 1729 1510 Pisidae

265 1535 431 1587 eiusque
450 1537 672 1573 carminum
690 1535 799 1588 apud
814 1534 978 1574 eosdem
989 1537 1161 1575 Graecos
1181 1540 1416 1589 aestimatio,
1446 1540 1565 1591 longe
1583 1539 1730 1578 melius

266 1589 448 1641 addiscas
483 1616 537 1640 ex
551 1603 726 1652 Allatio,
767 1604 835 1655 qui
863 1604 908 1639 in
935 1603 1112 1642 diatriba
1131 1605 1179 1641 de
1205 1607 1387 1658 Georgiis
1406 1622 1453 1658 p.
1479 1610 1562 1648 310
1586 1613 1730 1645 testem

266 1668 432 1707 adhibet
466 1670 666 1719 Psellmn,
719 1669 829 1722 quod
856 1671 1039 1724 plerique
1065 1671 1245 1709 Pisidam
1273 1672 1457 1725 Euripidi
1488 1687 1730 1726 comparare,

265 1738 384 1774 multi
410 1744 652 1789 anteponere
681 1750 763 1775 non
793 1738 879 1775 sine
913 1740 1038 1776 animi
1060 1732 1332 1789 contentione,
1372 1741 1442 1778 lite
1473 1743 1595 1779 etiam
1608 1750 1731 1792 mota,

49 1827 82 1862 p,
98 1815 254 1851 xxxvl
268 1806 622 1856 praesumpserint.
688 1805 747 1842 nil
765 1805 885 1856 plane
905 1804 981 1843 hac
1001 1805 1121 1844 laude
1138 1807 1262 1844 Pselli
1284 1809 1326 1845 iu
1345 1806 1524 1847 Pisidam
1541 1808 1736 1865 honorifif

269 1874 421 1911 centius
448 1885 534 1910 esse
562 1874 702 1923 possit.
760 1886 901 1911 verum
921 1887 1002 1911 non
1025 1872 1125 1912 adeo
1143 1875 1262 1913 facile
1282 1883 1341 1915 est
1361 1890 1408 1915 ea
1429 1879 1586 1927 omnia,
1630 1891 1734 1931 quae

267 1939 406 1979 laudat
422 1941 603 1989 Psellus,
640 1941 683 1977 in
701 1940 838 1979 Pisida
865 1942 1059 1979 invenire.
1110 1956 1213 1980 xnam
1237 1957 1315 1996 quo
1347 1946 1391 1981 in
1419 1946 1522 1984 libro
1550 1947 1617 1984 vel
1633 1950 1734 1998 Ροδ-

270 2014 377 2045 mate
399 2015 484 2045 tam
515 2007 660 2045 diserte
691 2021 736 2045 ac
760 2009 1029 2060 particulatim
1053 2017 1189 2048 noster
1205 2012 1398 2063 Georgius
1417 2014 1499 2064 agit
1516 2011 1565 2050 de
1587 2015 1734 2065 aurigis

273 2088 318 2112 ac
339 2074 388 2112 de
409 2076 678 2127 aurigatione,
710 2074 760 2114 de
783 2077 902 2127 iugis,
933 2077 1027 2115 rotis
1048 2084 1087 2114 et
1101 2077 1287 2116 modiolis
1301 2077 1322 2116 ‘l
1361 2081 1428 2118 vel
1449 2092 1647 2132 quaenam
1675 2088 1736 2120 est

271 2143 376 2178 inter
403 2143 487 2179 eius
516 2143 693 2180 carmina
723 2142 772 2180 de
799 2142 1067 2195 phalangibus
1077 2148 1094 2192 ,'
1132 2143 1181 2182 de
1210 2147 1389 2198 equitum
1408 2146 1670 2200 peditumque
1689 2161 1736 2187 ac

274 2209 569 2258 sagittariorum
597 2210 707 2247 varia
735 2211 887 2247 ratione
912 2218 997 2249 tam
1025 2219 1206 2249 accurata
1229 2211 1441 2266 descriptio
1452 2214 1472 2253 ’ἔ
1532 2229 1631 2254 num
1657 2217 1736 2255 alia

275 2287 397 2327 quam
427 2288 529 2327 quae
558 2275 679 2314 hodie
702 2284 861 2315 exstant
879 2279 1024 2329 scripta
1039 2278 1197 2317 Pisidae
1214 2282 1371 2319 Psellus
1389 2282 1661 2332 commendat,
1696 2291 1735 2322 et

274 2342 421 2380 librum
438 2341 690 2394 deperditum
711 2344 1022 2383 commonstrat?
1081 2345 1269 2400 equidem
1286 2349 1413 2387 fateor
1425 2380 1434 2398 ,
1472 2349 1516 2388 id
1534 2349 1636 2388 mihi
1650 2358 1733 2389 sta—

275 2411 350 2447 tim
376 2404 548 2448 multum
574 2411 777 2463 probabile
806 2425 891 2450 esse
921 2413 1075 2451 visum:
1127 2414 1199 2453 sed
1238 2429 1329 2454 cum
1366 2421 1584 2457 accuratius
1612 2421 1735 2458 Pselli

275 2477 396 2515 verba
426 2467 591 2530 eiusque
613 2477 771 2517 dicendi
796 2478 963 2517 modum
987 2481 1298 2534 perpenderem,
1333 2491 1420 2522 tum
1449 2485 1612 2524 demum
1629 2489 1736 2526 sen‘si

278 2557 325 2582 ea
349 2558 451 2597 quae
472 2545 607 2583 Pisida
638 2547 869 2585 summatim
894 2550 1110 2600 attigisset,
1155 2564 1178 2588 a
1199 2552 1332 2590 Psello
1356 2553 1520 2591 mirifice
1549 2557 1735 2593 exornari

279 2620 396 2666 atque
417 2614 662 2664 amplificari.
720 2628 814 2653 nam
832 2615 941 2668 quod
958 2618 993 2656 is
1011 2619 1065 2656 ait
1083 2618 1131 2656 de
1149 2618 1294 2656 morbis
1311 2627 1348 2656 et
1367 2621 1566 2668 remediis,
1585 2629 1737 2661 certum

373 2757 404 2802 ⁸)
421 2757 467 2794 cf.
483 2757 633 2793 Bekkeri
648 2759 811 2798 Anecdot.
828 2771 861 2806 p.
881 2761 977 2796 1082.
