1890 3224
422 194 497 237 DE
530 194 919 242 EXPEDITIONE
951 197 1180 244 PERSICA
1213 201 1335 247 AGR.
1361 201 1416 246 Π.
1585 201 1647 246 25

397 306 714 365 ἀπροσδοκήτων
737 307 838 365 εἶχεν
859 310 902 362 ἓξ
927 311 1210 368 ἀκουσμάτων.

396 376 527 431 πολλὴ
549 378 593 419 δὲ
614 380 780 435 φροντὶς
796 384 877 422 τῶν
895 386 1053 438 φρενῶν
1073 385 1347 439 κλονουμένων

278 444 362 484 290
397 452 575 499 κατεῖχεν
593 444 717 489 αὐτόν
725 479 740 499 ,
769 450 836 490 καὶ
855 452 1059 505 λογισμῶν
1077 450 1290 508 συγχύσεις

394 512 463 555 τὸν
488 517 583 556 νοῦν
605 513 890 573 έπεγνόφωσαν
916 518 1208 573 ε’σκοτισμένον.

394 581 442 623 οὗ
465 579 544 639 γάρ
565 599 604 624 τι
624 582 771 641 μικρόν
793 586 900 628 ἐστιν
922 586 1027 629 ἀλλὰ
1049 589 1219 646 καίριον,

392 651 428 691 εἶ
448 651 521 692 καί
541 667 580 692 τι
599 651 746 707 μικρὸν
766 650 788 695 ὅ
810 654 984 711 στρατὸς
1005 658 1272 714 πρόεκτρέχει,

391 721 553 761 πολλῶν
571 721 723 773 μεταξὺ
744 723 950 780 δυσχερῶν
971 726 1213 780 κινουμένων

274 785 357 828 295
391 793 477 836 τοῖς
495 787 742 846 ἀλλοφύλοις
761 788 924 841 εῗκότως
939 792 1228 850 στρατεύμασι.

390 858 512 907 λιμοῦ
529 854 608 911 γὰρ
635 856 774 907 αὕτοΐς
795 860 863 900 καὶ
888 864 1056 917 φθορᾶς
1076 861 1332 919 πολυτρόπου

388 924 456 963 καὶ
475 926 557 965 τῶν
578 922 742 978 ἀδήλων
762 927 818 976 εἷς
839 925 1002 983 βλάβην
1024 929 1317 986 ἓγκρυμμάτων

388 992 456 1032 καὶ
474 994 556 1034 τῶν
576 991 753 1048 ἀρίστων
772 995 830 1044 εἷς
850 994 987 1051 μάχην
1011 991 1335 1054 προλημμάτων.

385 1058 570 1101 ἐντεῦθεν
589 1054 641 1115 ἦν
662 1062 863 1113 κίνδυνος·
901 1064 996 1106 ἀλλ’
1020 1064 1077 1108 ἔτι
1103 1068 1224 1110 πλέον

269 1129 353 1168 300
388 1125 551 1170 ἔδακνεν
571 1128 721 1180 αὖτοὺς
738 1129 784 1172 τὸ
804 1132 967 1184 βλέπειν
989 1133 1060 1176 τὸν
1081 1134 1210 1189 ἥλιον,

386 1194 437 1237 ὃν
454 1202 748 1253 προσκυνοῦσιν
769 1196 825 1249 ὥς
847 1200 948 1242 θεὸν
969 1206 1043 1256 τῆς
1063 1205 1291 1260 Περσίδος,

384 1264 426 1305 ἓν
446 1269 498 1320 τῇ
515 1264 736 1320 παρατάξει
759 1272 832 1322 τῆς
851 1266 989 1324 μάχης
1009 1271 1200 1313 ἐναντίον.

383 1329 542 1388 Ξέρξην
566 1334 640 1387 μὲν
666 1329 738 1376 οὖν
759 1337 919 1391 λέγουσι
939 1337 1138 1382 λυσσώὸει
1158 1338 1298 1399 τρόπῳ

378 1403 499 1453 μῖξαι
519 1402 695 1444 θέλοντα
720 1403 794 1453 τὰς
819 1403 1040 1457 διεστώσας
1065 1406 1207 1464 φύσεις

265 1467 347 1509 305
381 1467 492 1526 ὕδωρ
511 1475 719 1526 χερσῶσαι
740 1474 808 1514 καὶ
829 1477 1104 1517 θαλασσῶσαι
1122 1475 1274 1530 χθόνα.

379 1539 451 1578 καί
465 1554 537 1591 μοι
559 1540 675 1580 δοκεῖ
687 1557 748 1589 τις
766 1535 884 1591 οὗτος
902 1542 1187 1597 εὐηθέστατος,
1272 1551 1275 1553 ’

378 1604 424 1655 ὃς
441 1613 530 1656 ταῖς
552 1605 741 1658 ἀτάκτοις
757 1614 1006 1663 μεταβολαῖς
1026 1612 1102 1662 τὰς
1119 1613 1261 1661 οὐσίας

376 1674 532 1730 τρέπειν
549 1677 721 1729 νομίζων
738 1676 950 1733 συγχύσεις
967 1679 1182 1736 εἰργάζετο,

375 1740 421 1791 ὃς
441 1743 668 1799 ἐκφοβῆσαι
687 1747 784 1795 τοὺς
800 1744 1012 1797 Λάκωνας
1030 1748 1204 1805 ᾗρμένος

260 1814 343 1852 310
377 1807 434 1859 ὡς
452 1812 772 1868 θαυματουργός
789 1818 872 1855 τῶν
892 1814 1162 1858 ἐναντιώσεων

370 1885 517 1934 χερσοΐ
530 1878 583 1920 τὰ
604 1878 772 1937 ῥεῖθρα,
803 1880 1001 1938 ρευματοΐ
1023 1884 1067 1925 δὲ
1087 1883 1183 1934 τοὺς
1203 1884 1362 1934 λίθους,

374 1950 506 1988 κυκῶν
526 1947 571 1989 δὲ
588 1946 721 1990 πάντα
742 1951 810 1991 καὶ
828 1950 1014 2008 στρέφων
1033 1952 1335 2010 κάντιστρέφων

243 2075 309 2110 291
334 2072 599 2119 ἐπεκνόφωσαν
622 2076 683 2120 ed,
708 2074 975 2122 ἕπεγκόφωσαν
998 2079 1027 2112 Ρ
1165 2080 1234 2115 298
1256 2075 1529 2124 προβλημάτων
1553 2079 1617 2114 cod

243 2121 311 2155 505
333 2121 520 2165 πετρῶσοιι
541 2121 607 2156 cod

151 2243 287 2267 suarum
305 2233 534 2269 calamitatum
547 2235 672 2270 indicia
686 2235 868 2282 inopinatis
885 2235 1003 2271 habuit
1018 2248 1061 2272 ex
1076 2235 1212 2271 nuntiis.
1242 2236 1368 2270 multae
1384 2238 1496 2289 autem
1513 2246 1615 2271 curae

149 2279 186 2312 in
211 2280 348 2313 turbato
371 2284 510 2325 pectore
538 2282 639 2326 (290)
656 2283 819 2316 tenebant
838 2282 966 2328 ipsum,
989 2288 1026 2318 et
1040 2282 1282 2328 cogitationum
1297 2282 1451 2315 confusio
1467 2287 1612 2336 mentem

149 2324 374 2359 obumbrabat
388 2325 568 2360 obductam
583 2328 750 2362 tenebris:
784 2339 850 2362 non
870 2328 957 2362 enim
972 2329 1071 2375 parvi
1085 2328 1243 2363 momenti
1259 2340 1313 2363 res
1329 2328 1404 2381 fuit,
1427 2327 1490 2361 sed
1504 2338 1613 2382 maxi-

149 2370 212 2404 mi:
236 2371 265 2404 si
280 2370 369 2404 enim
384 2370 495 2406 adhuc
509 2373 690 2417 paullulum
707 2374 875 2408 exercitus
889 2375 1114 2420 procurrebat
1124 2402 1134 2419 ‚
1165 2374 1278 2408 multis
1293 2374 1442 2418 undique
1455 2373 1614 2418 pencuhs

147 2417 394 2460 prementibus,
428 2418 532 2462 (295)
555 2418 815 2463 alienigenarum
831 2420 932 2454 etiam
946 2421 1036 2455 inter
1050 2421 1183 2465 agmina
1195 2419 1379 2473 incidisset.
1426 2419 1471 2452 ob
1487 2419 1612 2453 famem

147 2461 236 2494 enim
250 2461 334 2506 ipsis
353 2467 388 2496 et
405 2464 541 2498 morbos
555 2464 668 2498 varios
683 2469 720 2498 et
735 2465 780 2499 ob
795 2466 947 2500 occultas
962 2467 1007 2500 ad
1020 2466 1209 2501 nocendum
1224 2466 1364 2499 ins¹d1as
1375 2489 1386 2506 ,
1401 2476 1539 2518 ‘necno-n
1566 2465 1610 2499 ob

146 2504 286 2540 meliora
312 2508 355 2541 ad
379 2519 526 2553 pugnam
552 2514 734 2555 praerepta
759 2510 854 2552 loca,
885 2511 954 2545 illic
977 2517 1051 2547 erat
1074 2511 1271 2558 periculum.
1317 2515 1411 2554 atqui
1434 2509 1611 2555 plurimum

148 2551 251 2595 (300)
273 2555 456 2598 torquebat
470 2555 583 2600 ipsos,
619 2556 712 2601 quod
734 2556 891 2590 viderent
911 2557 1036 2601 solem,
1067 2569 1166 2603 quem
1183 2560 1388 2609 venerantur
1402 2556 1496 2609 velut
1510 2555 1609 2589 deum

147 2596 310 2631 Persidos
320 2623 332 2640 ‚
363 2599 530 2634 instructa
546 2601 618 2635 acie
630 2626 640 2644 ‚
675 2601 742 2635 sibi
764 2613 808 2635 ex
831 2602 976 2636 adverso
991 2609 1095 2638 stare.
1141 2603 1290 2637 Xerxem
1305 2601 1439 2646 qmdem
1455 2607 1550 2654 arunt
1563 2600 1607 2633 ad

147 2641 231 2676 iram
247 2644 423 2687 concitum,
445 2646 569 2681 misere
583 2647 751 2681 volentem
767 2648 942 2692 oppositas
958 2655 1096 2683 naturas
1106 2675 1116 2691 ‚
1153 2653 1163 2686 ί
1168 2649 1255 2690 305)
1282 2657 1403 2700 εῳιριιιι
1419 2657 1607 2699 exsiccasse

146 2693 184 2721 et
196 2688 376 2723 inundasse
389 2695 526 2726 terram.
573 2697 611 2726 at
626 2693 705 2727 mihi
720 2693 797 2727 talis
814 2693 867 2727 vir
883 2694 1098 2729 stultissimus
1113 2694 1278 2746 videon-,⁰
1296 2703 1355 2736 qm
1378 2703 1503 2744 msams
1526 2702 1607 2736 per-

145 2734 385 2768 mutationibus
403 2746 518 2770 rel-um
539 2738 687 2782 ordinem
707 2743 803 2773 ratus
825 2739 997 2774 invertere
1019 2740 1233 2774 confusiones
1249 2738 1383 2777 clebat;
1415 2747 1473 2781 qul
1487 2737 1530 2770 ad
1538 2747 1607 2788 ‘ex-

142 2780 324 2813 terrendos
346 2780 628 2817 Lacedaemonios
652 2789 815 2827 evectus,
854 2785 960 2830 (310)
986 2786 1094 2820 veluti
1117 2795 1230 2818 rerum
1254 2784 1320 2818 sibi
1349 2782 1604 2835 adversantium

143 2825 421 2872 thaumaturgus,
450 2827 542 2862 sicca
555 2829 704 2864 voluerit
717 2829 845 2864 fluenta
857 2830 1002 2866 reddere
1018 2837 1053 2866 et
1066 2831 1214 2865 fluentes
1227 2829 1366 2875 lapides.
1414 2833 1451 2862 at
1465 2828 1523 2861 ille
1538 2837 1603 2860 nu-
