1890 3224
592 215 652 257 IN
681 215 908 259 BELLUM
935 215 1237 260 AVARICUM.
1547 215 1642 262 137

185 321 370 375 ribusque
390 323 496 361 male
519 325 678 363 cesserit
694 325 901 375 sententia,
932 325 974 362 in
994 337 1115 378 quam
1134 338 1272 364 omnes
1293 331 1567 373 convenerant,
1599 332 1642 362 ut

185 378 277 417 dato
294 394 366 431 per
386 382 522 431 ignem
541 383 654 433 signo
674 381 851 434 undique
871 395 1009 420 omnes
1027 384 1303 434 irrumperent.
1360 384 1472 420 testis
1491 389 1550 420 est
1567 383 1641 419 Ni-

184 434 377 487 cephorus
399 444 501 488 patr.
517 452 565 488 p.
587 441 661 486 123
693 452 744 475 ex
765 451 842 490 quo
863 439 1077 490 repetenda
1097 452 1199 491 quae
1217 445 1320 476 tacet
1339 438 1473 477 Pisida
1490 440 1533 476 in
1550 438 1641 475 lau-

185 491 315 530 dando
338 501 492 531 tantum
510 494 648 544 Sergio
670 501 895 545 occupatus.
953 494 1176 546 Nicephoro
1197 494 1458 546 adstipulatur
1472 493 1643 532 Chroni-

184 562 258 585 con
280 548 421 587 Pasch.
434 565 482 600 p.
508 551 590 592 724
603 580 614 598 ‚
655 564 707 588 ex
736 564 813 603 quo
843 558 952 603 patet
969 553 1167 589 Armeniis
1187 554 1323 603 ignem
1344 550 1435 589 data
1455 564 1574 602 opera
1592 549 1644 588 ad

186 604 327 643 aedem
346 607 389 644 S.
408 606 561 644 Nicolai
581 608 846 646 excitantibus
869 608 1056 646 barbaros
1078 622 1215 646 omnes
1235 608 1420 659 deceptos
1438 608 1576 646 fuisse.

297 661 393 703 405.
449 663 599 701 Abares
622 677 712 701 cum
737 665 819 701 iam
845 666 1007 716 propius
1029 664 1080 702 ad
1102 665 1243 702 urbem
1266 666 1521 702 accessissent
1536 693 1548 712 ‚
1589 675 1642 700 ex

186 731 233 755 ea
258 725 370 769 parte
396 719 465 756 ubi
489 720 789 757 celeberrimum
811 720 994 772 deiparae
1014 723 1179 772 virg-inis
1204 720 1255 759 ad
1275 719 1514 759 Blachernas
1537 727 1644 758 tem-

183 775 299 825 plum
318 781 563 813 exstructum
581 783 685 826 erat,
723 779 941 829 irrumpere
971 780 1101 815 conati
1122 785 1227 816 suut.
1284 778 1461 815 narratio
1481 790 1503 814 a
1521 778 1643 815 Com-

184 831 323 868 befisio
350 831 455 870 edita
483 833 603 870 refert
623 832 792 884 Scythas
819 834 869 871 ad
895 835 1115 886 templum,
1153 833 1260 887 quod
1282 835 1326 871 in
1341 834 1462 885 fimte
1487 839 1643 880 vocant,

186 889 422 926 excurrisse.
481 888 552 927 sed
569 890 766 940 templum
787 891 975 942 insonte,
1020 893 1129 928 cuius
1157 891 1268 928 nulla
1294 892 1444 928 mentio
1466 891 1508 927 in
1530 890 1644 940 cpoli

186 943 429 993 Christiana,
474 958 497 982 a
517 944 829 983 Blachernarum
849 947 999 998 templo
1020 960 1101 984 non
1121 947 1244 985 fuisse
1271 945 1510 984 disiunctum
1529 946 1644 983 colli-

186 1002 316 1051 gimus
339 1014 392 1038 ex
413 1000 637 1053 Nicephoro
660 1003 823 1040 Callisto
850 1003 901 1043 15
924 1017 959 1039 c.
982 1002 1035 1043 25
1055 1010 1093 1039 et
1110 1004 1178 1044 26.
1237 1001 1303 1040 hic
1329 1004 1452 1053 igitur
1476 1009 1562 1040 acta
1586 1009 1644 1039 est

186 1070 334 1108 pugna.
392 1056 459 1095 hic
486 1057 647 1110 deipara
673 1059 901 1110 Cpolitanos
928 1058 1107 1096 defendit
1137 1066 1175 1096 et
1201 1059 1388 1097 barbaros
1406 1059 1644 1110 profligavit.

186 1127 324 1152 omnes
356 1115 475 1166 plane
511 1113 690 1152 historici
727 1115 901 1153 fatentur
933 1117 1098 1166 virginis
1126 1116 1319 1154 miraculo
1350 1116 1490 1152 urbem
1522 1115 1645 1152 fuisse

185 1170 409 1208 liberatam.
469 1178 508 1209 at
527 1170 728 1209 cedrenus
742 1186 789 1222 p.
815 1170 897 1214 416
927 1174 1123 1223 virginem
1146 1174 1276 1223 ipsam
1295 1185 1387 1209 vere
1414 1185 1456 1209 se
1486 1173 1646 1222 conspi-

188 1226 371 1265 ciendam
388 1225 570 1266 hostibus
590 1227 746 1266 dedisse
764 1234 921 1275 narrat3
954 1227 1062 1280 quod
1080 1235 1147 1265 aut
1167 1242 1220 1266 ex
1238 1227 1374 1265 Pisida
1395 1227 1531 1276 finxit,
1561 1228 1645 1279 qui,

188 1290 231 1321 ut
249 1291 379 1335 patet,
419 1285 659 1321 militantem
689 1283 892 1335 deiparam
918 1284 1036 1332 facit,
1078 1291 1146 1321 aut
1166 1298 1218 1321 ex
1235 1283 1429 1321 Chronico
1448 1282 1645 1331 Paschali,

187 1341 230 1376 in
255 1353 332 1392 quo
347 1354 395 1390 p.
417 1341 499 1381 725
518 1341 573 1377 ita
595 1341 765 1391 legitur:
794 1339 862 1380 καὶ
887 1342 1005 1380 τοῦτο
1030 1339 1159 1393 ἔλεγεν
1184 1338 1209 1380 ὁ
1235 1337 1360 1387 αθεος
1381 1335 1570 1392 Χαγανος
1590 1342 1648 1379 rai

185 1399 314 1450 καιρῷ
335 1398 411 1436 τοῦ
428 1395 625 1448 πολέμου,
655 1412 717 1438 οτι
736 1394 813 1464 ἐγω
830 1400 977 1467 θεωρῶ
994 1401 1166 1450 γυναῖκα
1186 1398 1518 1450 σεμνοφοροῦσαν
1538 1410 1647 1450 περι-

186 1437 402 1506 τρέχουσαν
419 1453 476 1500 εἰς
493 1451 536 1493 τὸ
551 1457 677 1506 τεῖχος
695 1449 825 1506 μόνην
846 1447 984 1494 ουσαν.

300 1509 397 1551 407.
456 1508 580 1558 dolis,
609 1511 814 1561 periuriis,
843 1510 1052 1549 incendiis.

298 1564 396 1607 408.
454 1565 582 1604 codex
601 1565 723 1604 habet
744 1563 877 1618 η’ξίου.

298 1621 396 1662 409.
455 1621 594 1660 decem
610 1622 750 1661 diebus
769 1631 871 1661 terra
884 1624 1066 1676 marique
1083 1629 1303 1675 pugnatum
1321 1628 1402 1661 est:
1426 1621 1523 1661 dum
1539 1623 1647 1661 enim

188 1679 339 1717 Abares
368 1677 538 1717 admotis
563 1679 760 1718 machinis
785 1681 925 1718 urbem
945 1687 1238 1731 oppugnarent,
1271 1680 1403 1718 Sclavi
1429 1687 1467 1718 et
1484 1681 1647 1731 Bulgari

188 1737 320 1787 parvis
351 1737 522 1786 navigiis
547 1738 651 1773 vecti
682 1750 754 1787 per
785 1739 918 1774 sinum
947 1737 1176 1773 Ceratinum
1206 1738 1249 1773 iu
1273 1737 1383 1773 littus
1408 1736 1647 1774 descendere

189 1792 408 1843 urbemque
429 1793 560 1842 ipsam
578 1798 732 1830 vastare
748 1793 1027 1830 moliebantur.
1084 1794 1219 1844 itaque
1237 1794 1279 1828 in
1303 1791 1452 1842 duplici
1471 1793 1577 1830 bello
1601 1805 1647 1829 ac

191 1847 240 1885 de
275 1848 455 1899 pluribus
489 1861 569 1885 una
609 1849 728 1885 simul
768 1849 984 1887 coniunctis
1020 1846 1199 1885 hostibus
1229 1847 1349 1884 deum
1378 1855 1417 1885 et
1445 1847 1649 1900 deiparam

190 1902 480 1955 triumphantes
513 1903 768 1942 demonstrat.
828 1906 897 1956 qui
924 1917 1010 1942 rem
1037 1905 1166 1954 magis
1196 1902 1249 1941 ad.
1271 1902 1502 1942 historicam
1527 1903 1650 1942 fidem

192 1973 413 2012 expensam
430 1961 536 2011 cupit
556 1962 794 2012 intelligere,
825 1960 941 1998 adeat
962 1959 1186 1997 Chronicon
1206 1958 1412 1997 Paschale.

302 2016 400 2058 411.
458 2030 510 2054 ex
541 2030 619 2055 uno
646 2024 784 2055 trunco
813 2024 925 2055 erant
952 2023 1165 2054 excavatae
1185 2016 1443 2054 barbarorum
1469 2017 1647 2068 cymbae,

192 2087 291 2127 quas
311 2074 453 2111 merito
478 2073 677 2111 trabarias
694 2087 869 2112 vocares.
926 2071 1172 2124 Nicephorus
1200 2071 1422 2124 patriarcha
1453 2080 1492 2110 et
1521 2072 1651 2111 Chro-

192 2133 310 2168 nicon
329 2128 522 2168 Paschale
542 2126 738 2180 μονόξυλα
757 2144 823 2169 eas
845 2131 1070 2182 appellant,
1099 2127 1382 2180 Theophanes,
1413 2131 1482 2181 qui
1498 2130 1650 2181 legerat

191 2186 391 2235 Pisidam,
421 2193 459 2223 et
476 2186 698 2236 cedrenus,
740 2189 808 2240 qui
827 2185 1139 2238 Theophanem,
1179 2183 1331 2238 γλυπτοὶ
1354 2184 1491 2238 σκάφη
1514 2188 1649 2223 nomi-

192 2249 304 2280 nant.
361 2244 597 2281 Ammianus
627 2245 881 2282 Marcellinus
908 2247 956 2285 31
991 2246 1038 2284 3:
1069 2241 1470 2293 transfretabantur
1451 2257 1494 2279 in
1512 2242 1594 2279 dies
1614 2249 1652 2280 et

194 2299 341 2345 noctes,
380 2298 551 2336 navibus
577 2300 806 2352 ratibusque
831 2308 868 2338 et
893 2300 1046 2337 cavatis
1066 2298 1253 2336 arborum
1270 2299 1395 2337 alveis·
1415 2299 1654 2351 agminatim

191 2357 378 2407 impositi.

306 2412 404 2454 437.
462 2410 652 2450 hactenus
666 2411 802 2450 Pisida
821 2413 897 2450 sibi
922 2414 1032 2451 visus
1057 2419 1116 2450 est
1133 2419 1358 2450 terrestrem
1382 2424 1561 2464 pugnam
1579 2410 1652 2449 de-

195 2469 420 2520 scripsisse,
461 2482 513 2506 ex
541 2481 620 2521 qua
643 2468 789 2506 idcirco
810 2469 1037 2520 Cpolitanos
1063 2471 1230 2506 victores
1263 2470 1434 2506 evasisse
1464 2468 1650 2518 declarat,

197 2527 291 2577 quia
308 2525 470 2576 Sergius
489 2526 575 2563 sola
591 2526 778 2576 imaginis
802 2521 1100 2577 ἅχειροποιήτου
1126 2526 1491 2575 circumgestatione
1507 2525 1652 2563 barba-

196 2594 260 2619 ros
290 2584 532 2632 represserit.
590 2583 724 2633 itaque
754 2582 925 2632 primam
952 2583 1158 2619 victoriam
1189 2581 1261 2618 deo
1288 2588 1490 2633 acceptam
1518 2582 1652 2619 refert.

197 2635 275 2674 hoc
300 2650 394 2675 sane
412 2645 508 2689 puto
528 2638 740 2689 significari
757 2651 829 2688 per
848 2650 892 2674 ea
914 2638 1032 2675 verba
1051 2635 1100 2677 τοὶ
1130 2640 1237 2676 νῶτα
1262 2640 1335 2688 τῆς
1360 2640 1520 2690 γραφῆς
1540 2644 1654 2687 terga

197 2693 264 2730 vel
282 2693 398 2730 dorsa
411 2696 609 2744 picturae.
672 2696 705 2732 si
720 2695 828 2731 enim
848 2694 944 2731 velis
956 2694 1141 2744 Sergium
1158 2693 1335 2730 barbaris
1353 2694 1543 2731 obiecisse
1560 2693 1653 2729 vul-

197 2756 261 2786 tus
288 2751 524 2787 sanctissimi
550 2752 722 2788 anticam
744 2757 920 2801 partem,
960 2763 1032 2801 per
1060 2747 1108 2789 τιὶ
1133 2752 1240 2788 νῶτα
1259 2749 1438 2796 dorsum,
1467 2748 1654 2786 videlicet

197 2805 446 2856 superficiem
468 2806 627 2844 tabulae
654 2819 699 2844 ac
722 2808 852 2857 ipsam
869 2806 987 2856 plane
1006 2808 1201 2857 picturam
1218 2807 1442 2856 intelliges:
1471 2807 1527 2841 ita
1545 2806 1654 2841 enim

196 2858 245 2901 τοὶ
267 2863 376 2902 νῶτα
395 2865 468 2914 τῆς
486 2860 696 2914 θαλάσσης
712 2864 834 2900 maris
852 2862 1078 2913 superficies
1097 2862 1290 2912 explicari
1312 2863 1425 2900 solet.
1467 2862 1500 2898 si
1521 2866 1653 2898 autem
