1890 3224
270 194 361 239 128
849 195 1125 248 QUERCIUS

264 306 397 354 sticus,
427 303 751 356 Theophylactus
771 304 999 355 Simocatta,
1030 307 1196 358 aliique,
1227 319 1396 359 quorum
1419 321 1538 359 opera
1559 316 1627 347 aut
1647 311 1711 346 in·-

263 369 373 413 tegra
396 368 462 399 aut
480 362 661 398 mutilata
679 363 925 412 reperiuntur
948 365 991 400 in
1008 377 1166 414 corpore
1179 364 1291 401 llis-t.
1313 365 1575 414 Byzanlc'nae.

374 416 677 459 49.Α1)01·11111
699 419 850 468 origine
880 426 919 457 et
940 420 1139 457 bellorum
1166 432 1282 458 causa
1305 421 1408 458 inter
1430 421 1638 470 barbaros,
1672 429 1710 458 et

261 475 458 512 Romanos
481 472 676 522 indicata,
728 486 829 525 quae
854 477 960 514 mala
985 477 1135 514 Abares
1162 477 1240 527 ipsi
1267 477 1448 514 Heraclio
1479 479 1576 528 imp.
1588 507 1598 525 ‚
1641 479 1710 530 qui

262 529 417 567 Phocae
439 531 640 578 successit,
671 534 996 583 comparaverint,
1030 546 1212 570 enarrare
1234 532 1476 584 aggreditur.

374 585 442 627 50
499 585 676 624 Phocam
702 599 938 641 quocunque
969 590 1229 626 contumeliae
1256 597 1295 627 et
1314 590 1592 641 probrorum„
1570 602 1712 626 ‘renere

263 640 447 680 affectum
464 644 613 693 passim
630 644 808 683 invenies
823 647 866 682 in
885 646 1138 697 scr1pt0ribus
1158 647 1400 696 Byzantinis.
1443 644 1712 696 Theophanes

256 713 303 748 p
329 697 410 741 242
434 697 483 737 de
500 701 584 737 eius
604 700 794 740 electione
814 703 870 740 sic
893 704 969 739 ait:
1004 698 1286 755 ἀναγορεύεται
1308 699 1354 742 vd
1375 699 1515 748 κακόν,
1544 717 1613 742 και
1634 697 1711 741 κύ-

262 769 348 806 ριος
366 757 446 795 τῶν
463 752 673 810 σκήπτρων
695 755 720 797 o‘
721 754 937 823 τύραννος
956 759 1260 825 προχειρίζεται,
1298 757 1366 798 καὶ
1385 761 1522 810 κρατεῖ
1544 760 1617 809 τῆς
1640 753 1711 797 εὕ-

262 811 470 862 δαιμονίας
492 811 521 863 ἦ
542 824 753 878 συμφορα,
792 815 857 855 καὶ
878 811 1073 867 λαμβανει
1099 830 1174 866 την
1203 814 1360 866 ἔναρξιν
1390 811 1436 854 τοὶ
1460 811 1608 866 μεγάλα
1630 815 1712 852 τῶν

259 866 469 918 Ῥωμαίων
488 865 727 921 ἀτυχήματα.
783 870 878 909 111110
896 870 1032 910 Pisida
1057 884 1150 910 eum
1168 869 1328 922 Hydrae
1348 876 1563 921 comparat.
1619 868 1711 907 vide
1729 891 1731 893 ·

260 924 496 962 Heme-laad.
520 924 692 962 Acroas.
712 929 739 967 2
760 925 785 966 5
809 934 846 965 et
862 940 968 978 seqq.

372 979 441 1022 54.
500 981 599 1019 alios
620 988 709 1032 post
731 983 829 1020 alios
852 982 967 1031 dicit,
996 989 1040 1020 ut
1059 990 1153 1034 puto
1171 1012 1181 1032 ,
1213 996 1298 1021 esse
1319 989 1527 1033 generatos
1546 982 1711 1029 Abares‚

259 1043 303 1075 ut
321 1049 526 1088 nunquam
549 1036 737 1076 defecerit
758 1039 1013 1077 barbarorum
1031 1041 1152 1088 natio,
1182 1039 1253 1076 sed
1270 1041 1314 1076 in
1334 1041 1602 1077 Romanorum
1618 1051 1712 1088 per-

258 1094 404 1130 niciem
425 1106 582 1144 semper
601 1097 833 1133 excreverit.
892 1109 945 1133 ex
967 1094 1101 1133 ichore
1124 1102 1257 1133 autem
1276 1108 1342 1133 eos
1360 1101 1473 1133 natos
1493 1093 1600 1141 dicit,
1620 1101 1712 1131 tan-

258 1162 379 1201 quam
398 1156 442 1187 ut
458 1151 697 1188 vilissimum
714 1163 840 1201 genus
862 1150 1055 1189 traducat.
1092 1149 1190 1205 ἰχωρ
1209 1153 1318 1189 enim
1337 1152 1517 1203 quamvis
1538 1152 1711 1188 Homero

260 1205 382 1243 [aad.
407 1205 432 1246 5
453 1204 535 1248 340
554 1208 604 1244 sit
627 1204 926 1258 30118013,οἷός
948 1206 1022 1260 πέρ
1042 1222 1084 1248 τε
1102 1206 1182 1259 ῥέει
1199 1203 1441 1260 μακᾶρρεσσι
1459 1210 1641 1255 θεοῖσιν,
1671 1213 1712 1243 at

258 1261 425 1299 medicis
443 1268 503 1299 est
522 1261 686 1313 quidam
702 1266 866 1302 vitiosus
881 1263 1038 1311 humor,
1062 1271 1101 1301 et
1117 1270 1160 1301 ut
1173 1265 1392 1327 plurimum
1408 1276 1483 1313 pus
1501 1269 1540 1300 et
1559 1264 1709 1309 sanies3

259 1317 367 1369 quod
382 1324 489 1368 patet
505 1332 559 1355 ex
580 1319 728 1356 Galeni
747 1320 960 1356 comment.
980 1319 1183 1356 secundo
1167 1334 1209 1356 m
1226 1316 1297 1356 lib.
1314 1321 1339 1359 6
1359 1318 1541 1368 Epidem.
1555 1331 1599 1367 p.
1615 1316 1712 1364 424,

259 1376 329 1426 qui
357 1375 607 1424 Hippocratis
635 1387 727 1412 cum
752 1376 929 1413 Platonis
964 1376 1159 1413 sententia
1188 1376 1290 1413 circa
1322 1372 1467 1413 ichoris
1493 1374 1712 1423 malignam

260 1431 494 1482 qualitatem
524 1432 721 1469 conciliat.
778 1433 899 1482 igitur
918 1430 1053 1470 Pisida
1078 1432 1228 1470 Abares
1261 1443 1316 1469 ex
1344 1431 1454 1469 sanie
1489 1437 1527 1468 et
1555 1429 1711 1467 tabifico

259 1485 434 1538 quodam
451 1485 617 1525 humore
636 1495 842 1538 generatos
860 1489 975 1537 facit,
1018 1494 1062 1525 ut
1089 1487 1187 1540 quid
1210 1486 1400 1539 pestilens
1428 1493 1467 1524 et
1484 1484 1712 1525 morbidum

260 1557 327 1581 eos
344 1556 430 1581 esse
453 1542 708 1582 demonstret.
1710 1575 1713 1579 .

371 1600 438 1640 57.
496 1601 630 1638 nullus
659 1613 712 1638 ex
740 1600 992 1650 scriptoribus
1022 1599 1250 1650 Byzantinis
1283 1597 1458 1650 prodidit
1494 1598 1710 1636 memoriae

258 1656 487 1695 Heraclium
507 1657 664 1707 saepius
684 1663 816 1694 contra
833 1656 984 1693 Abares
999 1666 1219 1706 pugnasse:
1251 1667 1389 1692 omnes
1415 1655 1522 1692 enim
1535 1654 1598 1691 bis
1617 1661 1710 1691 tan-

257 1718 344 1749 tum
376 1725 422 1750 eo
453 1714 672 1764 imperante
703 1712 890 1750 barbaros
928 1711 1067 1749 urbem
1097 1711 1254 1762 Cpoiim
1283 1709 1470 1749 invadere
1503 1722 1710 1760 aggressos

259 1781 345 1806 esse
372 1768 642 1816 tradiderunt3
685 1768 734 1805 de
766 1781 844 1820 quo
865 1769 1024 1818 gemino
1046 1767 1151 1804 bello
1171 1769 1254 1818 agit
1273 1768 1394 1805 etiam
1411 1764 1547 1805 Pisida
1567 1767 1610 1802 in
1634 1764 1710 1803 hoc

258 1828 454 1875 poemate.
511 1838 651 1863 verum
679 1826 762 1863 iam
791 1830 907 1861 011100
929 1824 1157 1860 Heraclium
1183 1824 1386 1861 multoties
1418 1835 1508 1859 cum
1532 1821 1711 1859 barbaris

261 1879 469 1919 dimicasse
490 1893 637 1932 eosque
657 1881 823 1930 fregisse
841 1892 914 1920 nos
932 1878 999 1916 hic
1018 1878 1203 1917 admonet
1217 1877 1366 1916 Pisida.

373 1939 441 1980 59.
500 1949 697 1975 summam
714 1949 846 1974 rerum
863 1935 1148 1983 confusionem,
1176 1937 1219 1972 in
1239 1948 1318 1987 qua
1335 1941 1429 1972 tunc
1447 1940 1529 1971 erat
1548 1947 1610 1971 res
1627 1935 1708 1971 Ro-

258 2007 399 2042 mana,
441 1994 612 2031 breviter
634 1992 833 2030 describit.
890 1991 984 2033 hinc
1005 1993 1112 2029 enim
1127 1991 1305 2039 barbari,
1341 1989 1435 2027 inde
1455 1991 1598 2027 Persae
1624 1990 1708 2026 cla-

261 2049 354 2087 dem
374 2057 413 2087 et
437 2052 606 2087 exitium
628 2049 817 2088 Romanis
833 2049 1100 2086 minabantur.
1158 2054 1239 2085 tota
1259 2053 1392 2084 autem
1410 2046 1545 2082 civitas
1565 2046 1707 2082 factio—

259 2120 358 2143 num
374 2105 514 2144 studiis
535 2105 660 2143 divisa
673 2135 684 2154 ‚
727 2118 828 2156 quae
856 2105 1049 2142 scelerum
1078 2110 1276 2141 auctorem
1298 2109 1338 2139 et
1358 2101 1501 2138 ducem
1516 2099 1708 2138 habuerat

260 2161 646 2211 Ρ11000111,111011113
676 2160 861 2198 caedibus
893 2168 932 2198 et
957 2161 1116 2210 flagitiis
1143 2157 1422 2197 1111001101.οἵ
1445 2154 1517 2207 μὲν
1537 2155 1706 2209 Πέρσαι,

262 2220 316 2255 ait
335 2217 603 2270 Theophanes
615 2232 662 2267 Ρ.
684 2215 779 2264 248,
810 2216 883 2264 ἐξω
902 2218 974 2283 τῆς
991 2190 1137 2262 wool-ecoe
1155 2211 1402 2280 ἐτυράννουν
1416 2211 1710 2264 Ῥωμαίους,ο

262 2272 305 2315 δὲ
327 2277 472 2321 Φωκάς
493 2273 610 2313 ἔνδον
627 2288 676 2312 τα
694 2272 852 2324 χείρονα
870 2267 1005 2319 αυτοῖς
1025 2271 1149 2311 ἐποίει
1171 2266 1359 2321 φονεύων
1387 2267 1455 2309 καὶ
1476 2269 1708 2322 αἰχμαλωτί-

262 2333 352 2378 ζων.
411 2337 451 2367 01
469 2328 603 2367 Pisida
622 2327 778 2366 videtur
794 2327 969 2365 indicare
995 2328 1221 2378 Cpolitanos
1252 2339 1343 2364 cum
1366 2325 1543 2366 barbaris
1567 2325 1706 2363 amici—

261 2388 340 2423 tiae
377 2386 443 2423 vel
481 2385 827 2435 consanguinitatis
864 2384 1019 2434 legibus
1052 2384 1175 2422 fuisse
1205 2384 1433 2421 coniunctos
1467 2387 1582 2433 atque
1613 2394 1707 2431 per-

259 2445 421 2480 mixtos.

371 2501 439 2540 61.
498 2496 547 2534 de
572 2496 807 2534 factionibus
833 2497 981 2534 Veneta
1011 2503 1049 2533 et
1078 2497 1259 2543 Prasina,
1302 2493 1354 2532 ad
1380 2506 1479 2545 quas
1505 2491 1571 2530 hic
1603 2498 1707 2529 certe

262 2553 403 2591 alludit
421 2558 550 2605 poeta,
573 2553 668 2590 alibi
681 2554 753 2590 erit
769 2555 1023 2604 opportunior
1041 2554 1148 2590 locus
1165 2549 1333 2590 dicendi.
1363 2549 1454 2589 vide
1465 2548 1704 2586 Heracliani.

261 2610 429 2647 Acroas.
453 2613 479 2651 2
502 2609 556 2650 34
575 2616 612 2646 et
627 2622 735 2660 seqq.

372 2668 438 2707 63.
499 2678 588 2703 cum
608 2678 661 2704 ex
682 2665 926 2716 amplissimo
943 2678 1013 2703 suo
1033 2671 1136 2703 statu
1156 2662 1373 2701 concidisse
1395 2674 1440 2699 00
1458 2668 1516 2699 tot
1531 2661 1706 2699 externis

263 2731 301 2760 et
334 2723 527 2760 intestinis
558 2721 705 2759 morbIs
742 2722 919 2759 laborare
955 2723 1174 2759 Romanam
1207 2733 1290 2756 rem
1323 2719 1524 2770 publicam
1550 2717 1707 2756 barbari

264 2780 550 2831 cognovissent,
572 2777 620 2815 de
645 2790 691 2815 ea
710 2777 911 2829 perdenda
927 2778 1160 2828 cogitarunt.

372 2837 437 2877 67.
497 2833 586 2873 vide
616 2848 739 2885 supra
763 2849 801 2873 ν.
829 2837 892 2876 16.
