<?xml version="1.0" encoding="UTF-8"?>
<!DOCTYPE html PUBLIC "-//W3C//DTD XHTML 1.0 Transitional//EN"
    "http://www.w3.org/TR/xhtml1/DTD/xhtml1-transitional.dtd">
<html xmlns="http://www.w3.org/1999/xhtml" xml:lang="en" lang="en">
 <head>
  <title>
</title>
<meta http-equiv="Content-Type" content="text/html;charset=utf-8" />
  <meta name='ocr-system' content='tesseract 3.04.00' />
  <meta name='ocr-capabilities' content='ocr_page ocr_carea ocr_par ocr_line ocrx_word'/>
</head>
<body>
  <div class='ocr_page' id='page_1' title='image "./corpusscriptorum42niebuoft/corpusscriptorum42niebuoft_0323.png"; bbox 0 0 1890 3224; ppageno 0'>
   <div class='ocr_carea' id='block_1_1' title="bbox 622 173 1654 226">
    <p class='ocr_par' dir='ltr' id='par_1_1' title="bbox 622 173 1654 226">
     <span class='ocr_line' id='line_1_1' title="bbox 622 173 1654 226; baseline 0.008 -10"><span class='ocrx_word' id='word_1_1' title='bbox 622 173 1008 219; x_wconf 84' lang='lat' dir='ltr'><strong>HERACLIADOS</strong></span> <span class='ocrx_word' id='word_1_2' title='bbox 1037 176 1158 221; x_wconf 89' lang='lat' dir='ltr'><strong>ACR.</strong></span> <span class='ocrx_word' id='word_1_3' title='bbox 1185 178 1218 220; x_wconf 91' lang='grc' dir='ltr'><strong>Ι.</strong></span> <span class='ocrx_word' id='word_1_4' title='bbox 1590 179 1654 226; x_wconf 83' lang='grc'><strong>75</strong></span> 
     </span>
    </p>
   </div>
   <div class='ocr_carea' id='block_1_2' title="bbox 295 284 1480 1981">
    <p class='ocr_par' dir='ltr' id='par_1_2' title="bbox 300 284 1281 414">
     <span class='ocr_line' id='line_1_2' title="bbox 411 284 1130 344; baseline 0.007 -17"><span class='ocrx_word' id='word_1_5' title='bbox 411 284 592 342; x_wconf 78' lang='grc' dir='ltr'><em>πύρωσις</em></span> <span class='ocrx_word' id='word_1_6' title='bbox 608 285 734 342; x_wconf 72' lang='grc' dir='ltr'><em>αὐτὴν</em></span> <span class='ocrx_word' id='word_1_7' title='bbox 751 286 980 331; x_wconf 80' lang='grc' dir='ltr'><em>ἄντανεΐλεν</em></span> <span class='ocrx_word' id='word_1_8' title='bbox 1001 287 1130 344; x_wconf 80' lang='grc' dir='ltr'><em>ἧλίου.</em></span> 
     </span>
     <span class='ocr_line' id='line_1_3' title="bbox 300 352 1281 414; baseline 0.008 -19"><span class='ocrx_word' id='word_1_9' title='bbox 300 352 378 395; x_wconf 84' lang='grc'><strong>145</strong></span> <span class='ocrx_word' id='word_1_10' title='bbox 413 354 575 405; x_wconf 79' lang='grc' dir='ltr'><em>ἀπεικὸς</em></span> <span class='ocrx_word' id='word_1_11' title='bbox 597 355 735 406; x_wconf 76' lang='grc' dir='ltr'><em>οὐδέν,</em></span> <span class='ocrx_word' id='word_1_12' title='bbox 763 355 858 397; x_wconf 70' lang='grc' dir='ltr'><em>ἀλλ’</em></span> <span class='ocrx_word' id='word_1_13' title='bbox 884 355 995 410; x_wconf 79' lang='grc' dir='ltr'><em>ὅμως</em></span> <span class='ocrx_word' id='word_1_14' title='bbox 1019 357 1281 414; x_wconf 83' lang='grc' dir='ltr'><em>στοχάζομαι,</em></span> 
     </span>
    </p>

    <p class='ocr_par' dir='ltr' id='par_1_3' title="bbox 411 423 1343 482">
     <span class='ocr_line' id='line_1_4' title="bbox 411 423 1343 482; baseline 0.008 -18"><span class='ocrx_word' id='word_1_15' title='bbox 411 423 453 464; x_wconf 74' lang='grc' dir='ltr'><strong>ἓν</strong></span> <span class='ocrx_word' id='word_1_16' title='bbox 471 427 529 480; x_wconf 74' lang='grc' dir='ltr'><strong>τῷ</strong></span> <span class='ocrx_word' id='word_1_17' title='bbox 550 425 781 478; x_wconf 76' lang='grc' dir='ltr'><em>διαχεῖσθαι</em></span> <span class='ocrx_word' id='word_1_18' title='bbox 800 424 895 475; x_wconf 75' lang='grc' dir='ltr'><em>τούς</em></span> <span class='ocrx_word' id='word_1_19' title='bbox 916 425 1091 482; x_wconf 77' lang='grc' dir='ltr'><em>ἱδρῶτας</em></span> <span class='ocrx_word' id='word_1_20' title='bbox 1111 432 1192 470; x_wconf 79' lang='grc' dir='ltr'><strong>τῶν</strong></span> <span class='ocrx_word' id='word_1_21' title='bbox 1213 426 1343 471; x_wconf 89' lang='grc' dir='ltr'><em>πόνων</em></span> 
     </span>
    </p>

    <p class='ocr_par' dir='ltr' id='par_1_4' title="bbox 409 489 1239 552">
     <span class='ocr_line' id='line_1_5' title="bbox 409 489 1239 552; baseline 0.008 -20"><span class='ocrx_word' id='word_1_22' title='bbox 409 489 436 545; x_wconf 77' lang='grc' dir='ltr'>ἦ</span> <span class='ocrx_word' id='word_1_23' title='bbox 456 489 646 546; x_wconf 74' lang='grc' dir='ltr'><strong><em>λευκότης</em></strong></span> <span class='ocrx_word' id='word_1_24' title='bbox 661 495 862 546; x_wconf 78' lang='grc' dir='ltr'><em>μετῆλθεν</em></span> <span class='ocrx_word' id='word_1_25' title='bbox 885 495 940 544; x_wconf 76' lang='grc' dir='ltr'><strong>εἷς</strong></span> <span class='ocrx_word' id='word_1_26' title='bbox 960 494 1032 549; x_wconf 83' lang='grc' dir='ltr'><strong>τὴν</strong></span> <span class='ocrx_word' id='word_1_27' title='bbox 1055 497 1239 552; x_wconf 81' lang='grc' dir='ltr'><strong><em>καρδίαν.</em></strong></span> 
     </span>
    </p>

    <p class='ocr_par' dir='ltr' id='par_1_5' title="bbox 471 559 1435 621">
     <span class='ocr_line' id='line_1_6' title="bbox 471 559 1435 621; baseline 0.008 -20"><span class='ocrx_word' id='word_1_28' title='bbox 471 560 559 602; x_wconf 76' lang='grc' dir='ltr'><strong>Οὐκ</strong></span> <span class='ocrx_word' id='word_1_29' title='bbox 576 559 752 617; x_wconf 74' lang='grc' dir='ltr'><em>ἤρκεσάν</em></span> <span class='ocrx_word' id='word_1_30' title='bbox 774 577 837 603; x_wconf 84' lang='grc' dir='ltr'><strong>σοι</strong></span> <span class='ocrx_word' id='word_1_31' title='bbox 856 562 958 619; x_wconf 82' lang='grc' dir='ltr'><em>πρὸς</em></span> <span class='ocrx_word' id='word_1_32' title='bbox 978 562 1200 620; x_wconf 77' lang='grc' dir='ltr'><em>τυράννους</em></span> <span class='ocrx_word' id='word_1_33' title='bbox 1221 566 1264 607; x_wconf 79' lang='grc' dir='ltr'><strong>αἱ</strong></span> <span class='ocrx_word' id='word_1_34' title='bbox 1282 563 1435 621; x_wconf 85' lang='grc' dir='ltr'><em>μάχαι,</em></span> 
     </span>
    </p>

    <p class='ocr_par' dir='ltr' id='par_1_6' title="bbox 299 624 1407 758">
     <span class='ocr_line' id='line_1_7' title="bbox 410 624 1165 690; baseline 0.009 -22"><span class='ocrx_word' id='word_1_35' title='bbox 410 624 480 677; x_wconf 71' lang='grc' dir='ltr'><em>οὓς</em></span> <span class='ocrx_word' id='word_1_36' title='bbox 501 626 527 682; x_wconf 77' lang='grc' dir='ltr'>ἡ</span> <span class='ocrx_word' id='word_1_37' title='bbox 549 629 756 684; x_wconf 82' lang='grc' dir='ltr'><em>παναλκὴς</em></span> <span class='ocrx_word' id='word_1_38' title='bbox 772 629 1016 690; x_wconf 73' lang='grc' dir='ltr'><em>ἐξεπόρθησε</em></span> <span class='ocrx_word' id='word_1_39' title='bbox 1036 633 1165 689; x_wconf 88' lang='grc' dir='ltr'><em>κρίσις</em></span> 
     </span>
     <span class='ocr_line' id='line_1_8' title="bbox 299 689 1407 758; baseline 0.009 -23"><span class='ocrx_word' id='word_1_40' title='bbox 299 689 377 736; x_wconf 84' lang='grc'><strong>150</strong></span> <span class='ocrx_word' id='word_1_41' title='bbox 412 700 566 738; x_wconf 82' lang='grc' dir='ltr'><em>θᾶττον</em></span> <span class='ocrx_word' id='word_1_42' title='bbox 586 701 805 753; x_wconf 75' lang='grc' dir='ltr'><em>λογισμοῦ,</em></span> <span class='ocrx_word' id='word_1_43' title='bbox 834 701 902 741; x_wconf 81' lang='grc' dir='ltr'><strong>καὶ</strong></span> <span class='ocrx_word' id='word_1_44' title='bbox 925 700 1069 754; x_wconf 74' lang='grc' dir='ltr'><em>σχεδὸν</em></span> <span class='ocrx_word' id='word_1_45' title='bbox 1089 698 1251 758; x_wconf 80' lang='grc' dir='ltr'><em>πρώτης</em></span> <span class='ocrx_word' id='word_1_46' title='bbox 1271 698 1407 758; x_wconf 79' lang='grc' dir='ltr'><em>τύχης,</em></span> 
     </span>
    </p>

    <p class='ocr_par' dir='ltr' id='par_1_7' title="bbox 413 762 1223 824">
     <span class='ocr_line' id='line_1_9' title="bbox 413 762 1223 824; baseline 0.009 -20"><span class='ocrx_word' id='word_1_47' title='bbox 413 764 455 805; x_wconf 80' lang='grc' dir='ltr'><em>εἴ</em></span> <span class='ocrx_word' id='word_1_48' title='bbox 470 765 544 820; x_wconf 77' lang='grc' dir='ltr'><em>πέρ</em></span> <span class='ocrx_word' id='word_1_49' title='bbox 564 783 626 815; x_wconf 90' lang='grc' dir='ltr'><strong>τις</strong></span> <span class='ocrx_word' id='word_1_50' title='bbox 644 766 726 809; x_wconf 64' lang='grc' dir='ltr'><em>ἔστι</em></span> <span class='ocrx_word' id='word_1_51' title='bbox 748 769 816 808; x_wconf 80' lang='grc' dir='ltr'><strong>καὶ</strong></span> <span class='ocrx_word' id='word_1_52' title='bbox 837 770 1074 824; x_wconf 79' lang='grc' dir='ltr'><em>τυραννίδος</em></span> <span class='ocrx_word' id='word_1_53' title='bbox 1093 768 1195 824; x_wconf 78' lang='grc' dir='ltr'><em>τύχη</em></span> <span class='ocrx_word' id='word_1_54' title='bbox 1207 762 1223 794; x_wconf 44' lang='grc'><strong>·”</strong></span> 
     </span>
    </p>

    <p class='ocr_par' dir='ltr' id='par_1_8' title="bbox 412 832 1291 894">
     <span class='ocr_line' id='line_1_10' title="bbox 412 832 1291 894; baseline 0.007 -21"><span class='ocrx_word' id='word_1_55' title='bbox 412 832 485 873; x_wconf 75' lang='grc' dir='ltr'><strong>οὐκ</strong></span> <span class='ocrx_word' id='word_1_56' title='bbox 503 832 678 889; x_wconf 79' lang='grc' dir='ltr'><em>ἤρκεσάν</em></span> <span class='ocrx_word' id='word_1_57' title='bbox 695 851 759 876; x_wconf 92' lang='grc' dir='ltr'><strong>σοι</strong></span> <span class='ocrx_word' id='word_1_58' title='bbox 784 837 1010 891; x_wconf 79' lang='grc' dir='ltr'><em>φροντίδων</em></span> <span class='ocrx_word' id='word_1_59' title='bbox 1028 835 1291 894; x_wconf 85' lang='grc' dir='ltr'><em>πολυτρόπων</em></span> 
     </span>
    </p>

    <p class='ocr_par' dir='ltr' id='par_1_9' title="bbox 410 900 1232 961">
     <span class='ocr_line' id='line_1_11' title="bbox 410 900 1232 961; baseline 0.009 -21"><span class='ocrx_word' id='word_1_60' title='bbox 410 900 617 957; x_wconf 81' lang='grc' dir='ltr'><em>ε’μφυλίων</em></span> <span class='ocrx_word' id='word_1_61' title='bbox 633 919 675 944; x_wconf 88' lang='grc' dir='ltr'><strong>τε</strong></span> <span class='ocrx_word' id='word_1_62' title='bbox 693 904 761 944; x_wconf 83' lang='grc' dir='ltr'><strong>καὶ</strong></span> <span class='ocrx_word' id='word_1_63' title='bbox 781 903 902 953; x_wconf 79' lang='grc' dir='ltr'><em>ξένων</em></span> <span class='ocrx_word' id='word_1_64' title='bbox 920 905 987 945; x_wconf 81' lang='grc' dir='ltr'><strong>καὶ</strong></span> <span class='ocrx_word' id='word_1_65' title='bbox 1005 903 1232 961; x_wconf 81' lang='grc' dir='ltr'><em>βαρβάρων</em></span> 
     </span>
    </p>

    <p class='ocr_par' dir='ltr' id='par_1_10' title="bbox 295 967 1380 1098">
     <span class='ocr_line' id='line_1_12' title="bbox 409 967 1380 1028; baseline 0.007 -19"><span class='ocrx_word' id='word_1_66' title='bbox 409 967 529 1010; x_wconf 80' lang='grc' dir='ltr'><em>ἄλλαι</em></span> <span class='ocrx_word' id='word_1_67' title='bbox 549 969 644 1022; x_wconf 71' lang='grc' dir='ltr'><em>μετ’</em></span> <span class='ocrx_word' id='word_1_68' title='bbox 666 969 794 1020; x_wconf 79' lang='grc' dir='ltr'><em>ἄλλας</em></span> <span class='ocrx_word' id='word_1_69' title='bbox 813 974 1044 1026; x_wconf 83' lang='grc' dir='ltr'><em>συμπλοκαὶ</em></span> <span class='ocrx_word' id='word_1_70' title='bbox 1069 975 1135 1015; x_wconf 83' lang='grc' dir='ltr'><strong>καὶ</strong></span> <span class='ocrx_word' id='word_1_71' title='bbox 1157 971 1380 1028; x_wconf 77' lang='grc' dir='ltr'><em>συγχύσεις.</em></span> 
     </span>
     <span class='ocr_line' id='line_1_13' title="bbox 295 1036 1380 1098; baseline 0.005 -20"><span class='ocrx_word' id='word_1_72' title='bbox 295 1036 374 1079; x_wconf 89' lang='grc'><strong>155</strong></span> <span class='ocrx_word' id='word_1_73' title='bbox 411 1037 484 1079; x_wconf 82' lang='grc' dir='ltr'><strong>οὐκ</strong></span> <span class='ocrx_word' id='word_1_74' title='bbox 502 1036 679 1094; x_wconf 78' lang='grc' dir='ltr'><em>ἤρκεσάν</em></span> <span class='ocrx_word' id='word_1_75' title='bbox 699 1055 764 1080; x_wconf 90' lang='grc' dir='ltr'><strong>σοι</strong></span> <span class='ocrx_word' id='word_1_76' title='bbox 786 1043 860 1081; x_wconf 82' lang='grc' dir='ltr'><strong>τοῦ</strong></span> <span class='ocrx_word' id='word_1_77' title='bbox 880 1045 1058 1097; x_wconf 84' lang='grc' dir='ltr'><em>στρατοῦ</em></span> <span class='ocrx_word' id='word_1_78' title='bbox 1075 1041 1127 1083; x_wconf 85' lang='grc' dir='ltr'><strong>τὰ</strong></span> <span class='ocrx_word' id='word_1_79' title='bbox 1147 1040 1380 1098; x_wconf 87' lang='grc' dir='ltr'><em>πράγματα,</em></span> 
     </span>
    </p>

    <p class='ocr_par' dir='ltr' id='par_1_11' title="bbox 408 1105 1254 1163">
     <span class='ocr_line' id='line_1_14' title="bbox 408 1105 1254 1163; baseline 0.006 -17"><span class='ocrx_word' id='word_1_80' title='bbox 408 1106 502 1146; x_wconf 71' lang='grc' dir='ltr'><em>ἀλλ’</em></span> <span class='ocrx_word' id='word_1_81' title='bbox 532 1108 588 1155; x_wconf 75' lang='grc' dir='ltr'><strong>εἷς</strong></span> <span class='ocrx_word' id='word_1_82' title='bbox 608 1105 810 1161; x_wconf 84' lang='grc' dir='ltr'><em>τοσαύτην</em></span> <span class='ocrx_word' id='word_1_83' title='bbox 833 1107 1009 1160; x_wconf 73' lang='grc' dir='ltr'><em>εὐσεβῶς</em></span> <span class='ocrx_word' id='word_1_84' title='bbox 1029 1108 1254 1163; x_wconf 72' lang='grc' dir='ltr'><em>ἀπληστίας</em></span> 
     </span>
    </p>

    <p class='ocr_par' dir='ltr' id='par_1_12' title="bbox 409 1168 1202 1232">
     <span class='ocr_line' id='line_1_15' title="bbox 409 1168 1202 1232; baseline 0.005 -18"><span class='ocrx_word' id='word_1_85' title='bbox 409 1173 539 1229; x_wconf 73' lang='grc' dir='ltr'><em>ὄρεξιν</em></span> <span class='ocrx_word' id='word_1_86' title='bbox 561 1168 688 1227; x_wconf 76' lang='grc' dir='ltr'><em>ἦλθες</em></span> <span class='ocrx_word' id='word_1_87' title='bbox 708 1172 811 1217; x_wconf 81' lang='grc' dir='ltr'><em>ὥστε</em></span> <span class='ocrx_word' id='word_1_88' title='bbox 834 1177 900 1217; x_wconf 80' lang='grc' dir='ltr'><strong>καὶ</strong></span> <span class='ocrx_word' id='word_1_89' title='bbox 921 1180 1002 1218; x_wconf 81' lang='grc' dir='ltr'><strong>τῶν</strong></span> <span class='ocrx_word' id='word_1_90' title='bbox 1025 1175 1202 1232; x_wconf 83' lang='grc' dir='ltr'><em>ε’γκάτων</em></span> 
     </span>
    </p>

    <p class='ocr_par' dir='ltr' id='par_1_13' title="bbox 412 1242 1304 1301">
     <span class='ocr_line' id='line_1_16' title="bbox 412 1242 1304 1301; baseline 0.002 -18"><span class='ocrx_word' id='word_1_91' title='bbox 412 1242 523 1291; x_wconf 84' lang='grc' dir='ltr'><em>ε’ντὸς</em></span> <span class='ocrx_word' id='word_1_92' title='bbox 542 1246 761 1298; x_wconf 74' lang='grc' dir='ltr'><em>παρελθεῖν</em></span> <span class='ocrx_word' id='word_1_93' title='bbox 785 1247 858 1297; x_wconf 81' lang='grc' dir='ltr'><strong>τῆς</strong></span> <span class='ocrx_word' id='word_1_94' title='bbox 877 1243 1062 1297; x_wconf 76' lang='grc' dir='ltr'><em>ἀθέσμου</em></span> <span class='ocrx_word' id='word_1_95' title='bbox 1084 1245 1304 1301; x_wconf 84' lang='grc' dir='ltr'><em>Περσίδος.</em></span> 
     </span>
    </p>

    <p class='ocr_par' dir='ltr' id='par_1_14' title="bbox 468 1302 1348 1370">
     <span class='ocr_line' id='line_1_17' title="bbox 468 1302 1348 1370; baseline 0.003 -20"><span class='ocrx_word' id='word_1_96' title='bbox 468 1311 624 1359; x_wconf 86' lang='grc' dir='ltr'><em>Ποίους</em></span> <span class='ocrx_word' id='word_1_97' title='bbox 643 1302 894 1367; x_wconf 73' lang='grc' dir='ltr'><em>στρατηγοὺς</em></span> <span class='ocrx_word' id='word_1_98' title='bbox 915 1311 942 1366; x_wconf 78' lang='grc' dir='ltr'><em>ἢ</em></span> <span class='ocrx_word' id='word_1_99' title='bbox 966 1314 1228 1370; x_wconf 79' lang='grc' dir='ltr'><em>Σταγειρίτας</em></span> <span class='ocrx_word' id='word_1_100' title='bbox 1247 1311 1348 1365; x_wconf 67' lang='grc' dir='ltr'><em>ἔχων</em></span> 
     </span>
    </p>

    <p class='ocr_par' dir='ltr' id='par_1_15' title="bbox 297 1378 1313 1437">
     <span class='ocr_line' id='line_1_18' title="bbox 297 1378 1313 1437; baseline 0.001 -17"><span class='ocrx_word' id='word_1_101' title='bbox 297 1381 379 1420; x_wconf 88' lang='grc'><strong>160</strong></span> <span class='ocrx_word' id='word_1_102' title='bbox 413 1378 590 1432; x_wconf 75' lang='grc' dir='ltr'><em>ἐπῆλθες</em></span> <span class='ocrx_word' id='word_1_103' title='bbox 608 1380 664 1428; x_wconf 78' lang='grc' dir='ltr'><strong>εἷς</strong></span> <span class='ocrx_word' id='word_1_104' title='bbox 680 1382 755 1434; x_wconf 82' lang='grc' dir='ltr'><strong>γῆν</strong></span> <span class='ocrx_word' id='word_1_105' title='bbox 774 1378 1047 1434; x_wconf 74' lang='grc' dir='ltr'><em>εὐτυχούντων</em></span> <span class='ocrx_word' id='word_1_106' title='bbox 1066 1380 1313 1437; x_wconf 81' lang='grc' dir='ltr'><em>βαρβάρων,·</em></span> 
     </span>
    </p>

    <p class='ocr_par' dir='ltr' id='par_1_16' title="bbox 410 1438 1247 1503">
     <span class='ocr_line' id='line_1_19' title="bbox 410 1438 1247 1503; baseline 0.004 -16"><span class='ocrx_word' id='word_1_107' title='bbox 410 1447 458 1488; x_wconf 81' lang='grc' dir='ltr'><strong>οὐ</strong></span> <span class='ocrx_word' id='word_1_108' title='bbox 481 1447 554 1496; x_wconf 81' lang='grc' dir='ltr'><strong>τὰς</strong></span> <span class='ocrx_word' id='word_1_109' title='bbox 575 1447 766 1503; x_wconf 81' lang='grc' dir='ltr'><em>ἀπείρους</em></span> <span class='ocrx_word' id='word_1_110' title='bbox 785 1451 858 1502; x_wconf 82' lang='grc' dir='ltr'><strong>τῆς</strong></span> <span class='ocrx_word' id='word_1_111' title='bbox 872 1438 976 1490; x_wconf 58' lang='grc' dir='ltr'><em>’ὁδοῦ</em></span> <span class='ocrx_word' id='word_1_112' title='bbox 991 1447 1247 1499; x_wconf 81' lang='grc' dir='ltr'><em>ὃιαστάστεις</em></span> 
     </span>
    </p>

    <p class='ocr_par' dir='ltr' id='par_1_17' title="bbox 411 1513 1165 1572">
     <span class='ocr_line' id='line_1_20' title="bbox 411 1513 1165 1572; baseline 0.005 -17"><span class='ocrx_word' id='word_1_113' title='bbox 411 1513 432 1555; x_wconf 84' lang='grc' dir='ltr'><em>ὃ</em></span> <span class='ocrx_word' id='word_1_114' title='bbox 458 1514 530 1564; x_wconf 83' lang='grc' dir='ltr'><em>σὸς</em></span> <span class='ocrx_word' id='word_1_115' title='bbox 548 1515 740 1570; x_wconf 86' lang='grc' dir='ltr'><em>λογισμὸς</em></span> <span class='ocrx_word' id='word_1_116' title='bbox 758 1517 905 1558; x_wconf 75' lang='grc' dir='ltr'><em>ἐννοῶν</em></span> <span class='ocrx_word' id='word_1_117' title='bbox 927 1515 1165 1572; x_wconf 79' lang='grc' dir='ltr'><em>συνεστάλη,</em></span> 
     </span>
    </p>

    <p class='ocr_par' dir='ltr' id='par_1_18' title="bbox 403 1581 1303 1642">
     <span class='ocr_line' id='line_1_21' title="bbox 403 1581 1303 1642; baseline 0.006 -19"><span class='ocrx_word' id='word_1_118' title='bbox 403 1583 564 1636; x_wconf 79' lang='grc' dir='ltr'><em>βλέπων</em></span> <span class='ocrx_word' id='word_1_119' title='bbox 577 1581 758 1636; x_wconf 87' lang='grc' dir='ltr'><em>μάλιστα</em></span> <span class='ocrx_word' id='word_1_120' title='bbox 774 1585 840 1626; x_wconf 81' lang='grc' dir='ltr'><em>καὶ</em></span> <span class='ocrx_word' id='word_1_121' title='bbox 858 1584 909 1626; x_wconf 80' lang='grc' dir='ltr'><strong>τὰ</strong></span> <span class='ocrx_word' id='word_1_122' title='bbox 925 1588 1046 1642; x_wconf 79' lang='grc' dir='ltr'><em>νεῦρα</em></span> <span class='ocrx_word' id='word_1_123' title='bbox 1064 1590 1137 1640; x_wconf 84' lang='grc' dir='ltr'><strong>τῆς</strong></span> <span class='ocrx_word' id='word_1_124' title='bbox 1153 1582 1303 1639; x_wconf 84' lang='grc' dir='ltr'><em>μάχης,</em></span> 
     </span>
    </p>

    <p class='ocr_par' dir='ltr' id='par_1_19' title="bbox 296 1651 1480 1777">
     <span class='ocr_line' id='line_1_22' title="bbox 408 1651 1480 1710; baseline 0.001 -18"><span class='ocrx_word' id='word_1_125' title='bbox 408 1651 479 1693; x_wconf 84' lang='grc' dir='ltr'><strong>τὸν</strong></span> <span class='ocrx_word' id='word_1_126' title='bbox 497 1655 691 1703; x_wconf 76' lang='grc' dir='ltr'><em>πλοῦτον,</em></span> <span class='ocrx_word' id='word_1_127' title='bbox 727 1651 972 1709; x_wconf 72' lang='grc' dir='ltr'><em>εἶκρεύσαντα</em></span> <span class='ocrx_word' id='word_1_128' title='bbox 993 1653 1096 1710; x_wconf 85' lang='grc' dir='ltr'><em>πρὸς</em></span> <span class='ocrx_word' id='word_1_129' title='bbox 1111 1653 1208 1703; x_wconf 75' lang='grc' dir='ltr'><em>τοὺς</em></span> <span class='ocrx_word' id='word_1_130' title='bbox 1227 1651 1480 1709; x_wconf 79' lang='grc' dir='ltr'><em>βαρβάρους.</em></span> 
     </span>
     <span class='ocr_line' id='line_1_23' title="bbox 296 1718 1304 1777; baseline 0.005 -19"><span class='ocrx_word' id='word_1_131' title='bbox 296 1723 374 1763; x_wconf 88' lang='grc'><strong>165</strong></span> <span class='ocrx_word' id='word_1_132' title='bbox 412 1719 459 1759; x_wconf 79' lang='grc' dir='ltr'><strong>οὗ</strong></span> <span class='ocrx_word' id='word_1_133' title='bbox 481 1719 635 1775; x_wconf 85' lang='grc' dir='ltr'><em>μητρὸς</em></span> <span class='ocrx_word' id='word_1_134' title='bbox 655 1718 787 1770; x_wconf 74' lang='grc' dir='ltr'><em>οἶκτος</em></span> <span class='ocrx_word' id='word_1_135' title='bbox 805 1721 959 1776; x_wconf 79' lang='grc' dir='ltr'><em>πυρσὸν</em></span> <span class='ocrx_word' id='word_1_136' title='bbox 977 1721 1157 1777; x_wconf 57' lang='grc' dir='ltr'><em>Ξζιιφυτον</em></span> <span class='ocrx_word' id='word_1_137' title='bbox 1176 1722 1304 1763; x_wconf 76' lang='grc' dir='ltr'><em>πνέων</em></span> 
     </span>
    </p>

    <p class='ocr_par' dir='ltr' id='par_1_20' title="bbox 411 1785 1246 1840">
     <span class='ocr_line' id='line_1_24' title="bbox 411 1785 1246 1840; baseline 0.004 -13"><span class='ocrx_word' id='word_1_138' title='bbox 411 1787 573 1839; x_wconf 76' lang='grc' dir='ltr'><em>ἐπέσχεν</em></span> <span class='ocrx_word' id='word_1_139' title='bbox 592 1785 723 1840; x_wconf 69' lang='grc' dir='ltr'><em>ὑμᾶς·</em></span> <span class='ocrx_word' id='word_1_140' title='bbox 758 1788 805 1829; x_wconf 84' lang='grc' dir='ltr'><strong>οὐ</strong></span> <span class='ocrx_word' id='word_1_141' title='bbox 834 1789 885 1829; x_wconf 83' lang='grc' dir='ltr'><strong>τὰ</strong></span> <span class='ocrx_word' id='word_1_142' title='bbox 904 1789 1024 1830; x_wconf 80' lang='grc' dir='ltr'><em>τέκνα</em></span> <span class='ocrx_word' id='word_1_143' title='bbox 1046 1805 1120 1830; x_wconf 90' lang='grc' dir='ltr'><em>σου</em></span> <span class='ocrx_word' id='word_1_144' title='bbox 1143 1787 1246 1839; x_wconf 85' lang='grc' dir='ltr'><em>τότε,</em></span> 
     </span>
    </p>

    <p class='ocr_par' dir='ltr' id='par_1_21' title="bbox 412 1854 1206 1912">
     <span class='ocr_line' id='line_1_25' title="bbox 412 1854 1206 1912; baseline 0.001 -17"><span class='ocrx_word' id='word_1_145' title='bbox 412 1854 450 1896; x_wconf 81' lang='grc' dir='ltr'><strong>οἱ</strong></span> <span class='ocrx_word' id='word_1_146' title='bbox 472 1857 710 1910; x_wconf 78' lang='grc' dir='ltr'><em>ψυχαγωγοὶ</em></span> <span class='ocrx_word' id='word_1_147' title='bbox 734 1862 985 1912; x_wconf 88' lang='grc' dir='ltr'><em>μαργαρΐται</em></span> <span class='ocrx_word' id='word_1_148' title='bbox 1006 1859 1080 1898; x_wconf 80' lang='grc' dir='ltr'><strong>τοῦ</strong></span> <span class='ocrx_word' id='word_1_149' title='bbox 1098 1857 1206 1909; x_wconf 76' lang='grc' dir='ltr'><em>βίου,</em></span> 
     </span>
    </p>

    <p class='ocr_par' dir='ltr' id='par_1_22' title="bbox 409 1922 1239 1981">
     <span class='ocr_line' id='line_1_26' title="bbox 409 1922 1239 1981; baseline 0.001 -17"><span class='ocrx_word' id='word_1_150' title='bbox 409 1927 559 1980; x_wconf 84' lang='grc' dir='ltr'><em>στοργῇ</em></span> <span class='ocrx_word' id='word_1_151' title='bbox 579 1923 751 1966; x_wconf 75' lang='grc' dir='ltr'><em>δεθέντα</em></span> <span class='ocrx_word' id='word_1_152' title='bbox 774 1928 928 1981; x_wconf 82' lang='grc' dir='ltr'><em>φυσικῇ</em></span> <span class='ocrx_word' id='word_1_153' title='bbox 947 1922 1239 1981; x_wconf 86' lang='grc' dir='ltr'><em>παρεκράτουν.</em></span> 
     </span>
    </p>
   </div>
   <div class='ocr_carea' id='block_1_3' title="bbox 285 2062 1653 2190">
    <p class='ocr_par' dir='ltr' id='par_1_23' title="bbox 285 2062 1653 2190">
     <span class='ocr_line' id='line_1_27' title="bbox 285 2062 1653 2145; baseline -0.001 -12"><span class='ocrx_word' id='word_1_154' title='bbox 285 2098 351 2133; x_wconf 83' lang='grc'><strong>150</strong></span> <span class='ocrx_word' id='word_1_155' title='bbox 373 2096 445 2142; x_wconf 82' lang='grc' dir='ltr'><strong>πρὸ</strong></span> <span class='ocrx_word' id='word_1_156' title='bbox 470 2099 563 2143; x_wconf 70' lang='grc' dir='ltr'><em>τῆςῖ)</em></span> <span class='ocrx_word' id='word_1_157' title='bbox 657 2099 723 2135; x_wconf 88' lang='lat'><strong>158</strong></span> <span class='ocrx_word' id='word_1_158' title='bbox 745 2065 947 2145; x_wconf 52' lang='lat' dir='ltr'><strong>zggswav</strong></span> <span class='ocrx_word' id='word_1_159' title='bbox 970 2100 1034 2134; x_wconf 90' lang='lat' dir='ltr'><strong>PV</strong></span> <span class='ocrx_word' id='word_1_160' title='bbox 1127 2101 1193 2135; x_wconf 88' lang='grc'><strong>168</strong></span> <span class='ocrx_word' id='word_1_161' title='bbox 1214 2062 1353 2145; x_wconf 52' lang='grc' dir='ltr'><strong>ῧυῖικῇ</strong></span> <span class='ocrx_word' id='word_1_162' title='bbox 1377 2099 1424 2144; x_wconf 88' lang='grc' dir='ltr'><strong>Ρ,</strong></span> <span class='ocrx_word' id='word_1_163' title='bbox 1449 2099 1586 2145; x_wconf 79' lang='grc' dir='ltr'><em>ψυχικῇ</em></span> <span class='ocrx_word' id='word_1_164' title='bbox 1612 2099 1653 2133; x_wconf 89' lang='lat' dir='ltr'><strong>ed</strong></span> 
     </span>
     <span class='ocr_line' id='line_1_28' title="bbox 1353 2164 1366 2190; baseline 0 0"><span class='ocrx_word' id='word_1_165' title='bbox 1353 2164 1366 2190; x_wconf 89' lang='lat'><em>(</em></span> 
     </span>
    </p>
   </div>
   <div class='ocr_carea' id='block_1_4' title="bbox 190 2210 1653 2854">
    <p class='ocr_par' dir='ltr' id='par_1_24' title="bbox 191 2210 1652 2259">
     <span class='ocr_line' id='line_1_29' title="bbox 191 2210 1652 2259; baseline -0.001 -13"><span class='ocrx_word' id='word_1_166' title='bbox 191 2210 414 2246; x_wconf 85' lang='lat' dir='ltr'><strong>membrorum</strong></span> <span class='ocrx_word' id='word_1_167' title='bbox 437 2212 590 2247; x_wconf 62' lang='lat' dir='ltr'><strong>candor?</strong></span> <span class='ocrx_word' id='word_1_168' title='bbox 623 2212 761 2248; x_wconf 79' lang='lat' dir='ltr'><strong>sustulit</strong></span> <span class='ocrx_word' id='word_1_169' title='bbox 773 2213 884 2259; x_wconf 84' lang='lat' dir='ltr'><strong>ipsum</strong></span> <span class='ocrx_word' id='word_1_170' title='bbox 899 2212 980 2247; x_wconf 86' lang='lat' dir='ltr'><strong>solis</strong></span> <span class='ocrx_word' id='word_1_171' title='bbox 994 2212 1141 2248; x_wconf 84' lang='lat' dir='ltr'><strong>adustio.</strong></span> <span class='ocrx_word' id='word_1_172' title='bbox 1193 2212 1297 2257; x_wconf 85' lang='lat'>(145)</span> <span class='ocrx_word' id='word_1_173' title='bbox 1320 2211 1497 2247; x_wconf 82' lang='lat' dir='ltr'><strong>adfirmare</strong></span> <span class='ocrx_word' id='word_1_174' title='bbox 1518 2210 1652 2257; x_wconf 88' lang='lat' dir='ltr'><strong>quidem</strong></span> 
     </span>
    </p>

    <p class='ocr_par' dir='ltr' id='par_1_25' title="bbox 190 2257 1653 2854">
     <span class='ocr_line' id='line_1_30' title="bbox 216 2257 1652 2314; baseline 0.001 -24"><span class='ocrx_word' id='word_1_175' title='bbox 216 2257 328 2299; x_wconf 84' lang='lat' dir='ltr'><strong>ossim‚</strong></span> <span class='ocrx_word' id='word_1_176' title='bbox 350 2257 412 2291; x_wconf 84' lang='lat' dir='ltr'><strong>sed</strong></span> <span class='ocrx_word' id='word_1_177' title='bbox 427 2261 539 2292; x_wconf 78' lang='lat' dir='ltr'><strong>tamen</strong></span> <span class='ocrx_word' id='word_1_178' title='bbox 553 2259 703 2301; x_wconf 86' lang='lat' dir='ltr'><strong>coniicio,</strong></span> <span class='ocrx_word' id='word_1_179' title='bbox 724 2260 817 2314; x_wconf 62' lang='lat' dir='ltr'><strong>quod</strong></span> <span class='ocrx_word' id='word_1_180' title='bbox 830 2259 866 2293; x_wconf 84' lang='lat' dir='ltr'><strong>in</strong></span> <span class='ocrx_word' id='word_1_181' title='bbox 881 2258 1096 2294; x_wconf 85' lang='lat' dir='ltr'><strong>effundendis</strong></span> <span class='ocrx_word' id='word_1_182' title='bbox 1108 2259 1198 2293; x_wconf 87' lang='lat' dir='ltr'><strong>inter</strong></span> <span class='ocrx_word' id='word_1_183' title='bbox 1210 2259 1348 2293; x_wconf 81' lang='lat' dir='ltr'><strong>labores</strong></span> <span class='ocrx_word' id='word_1_184' title='bbox 1363 2258 1543 2293; x_wconf 82' lang='lat' dir='ltr'><strong>sudoribus</strong></span> <span class='ocrx_word' id='word_1_185' title='bbox 1557 2262 1652 2292; x_wconf 84' lang='lat' dir='ltr'><strong>totus</strong></span> 
     </span>
     <span class='ocr_line' id='line_1_31' title="bbox 190 2303 1652 2350; baseline 0.001 -14"><span class='ocrx_word' id='word_1_186' title='bbox 190 2303 248 2337; x_wconf 76' lang='lat' dir='ltr'><strong>xlle</strong></span> <span class='ocrx_word' id='word_1_187' title='bbox 273 2303 400 2337; x_wconf 88' lang='lat' dir='ltr'><strong>candor</strong></span> <span class='ocrx_word' id='word_1_188' title='bbox 423 2304 468 2337; x_wconf 84' lang='lat' dir='ltr'><strong>ad</strong></span> <span class='ocrx_word' id='word_1_189' title='bbox 488 2315 548 2338; x_wconf 92' lang='lat' dir='ltr'><strong>cor</strong></span> <span class='ocrx_word' id='word_1_190' title='bbox 570 2305 820 2350; x_wconf 74' lang='lat' dir='ltr'><strong>pertransierit.</strong></span> <span class='ocrx_word' id='word_1_191' title='bbox 866 2304 931 2338; x_wconf 88' lang='lat' dir='ltr'><strong>tibi</strong></span> <span class='ocrx_word' id='word_1_192' title='bbox 954 2305 1038 2339; x_wconf 81' lang='lat' dir='ltr'><strong>satis</strong></span> <span class='ocrx_word' id='word_1_193' title='bbox 1063 2316 1130 2339; x_wconf 88' lang='lat' dir='ltr'><strong>non</strong></span> <span class='ocrx_word' id='word_1_194' title='bbox 1155 2306 1294 2339; x_wconf 82' lang='lat' dir='ltr'><strong>fuerunt</strong></span> <span class='ocrx_word' id='word_1_195' title='bbox 1318 2304 1352 2338; x_wconf 87' lang='lat' dir='ltr'><strong>in</strong></span> <span class='ocrx_word' id='word_1_196' title='bbox 1368 2309 1534 2347; x_wconf 84' lang='lat' dir='ltr'><strong>tyrannos</strong></span> <span class='ocrx_word' id='word_1_197' title='bbox 1551 2303 1652 2346; x_wconf 83' lang='lat' dir='ltr'><strong>bella,</strong></span> 
     </span>
     <span class='ocr_line' id='line_1_32' title="bbox 190 2348 1653 2404; baseline 0 -22"><span class='ocrx_word' id='word_1_198' title='bbox 190 2357 277 2394; x_wconf 77' lang='lat' dir='ltr'><strong>&#39;quos</strong></span> <span class='ocrx_word' id='word_1_199' title='bbox 307 2348 519 2394; x_wconf 87' lang='lat' dir='ltr'><strong>omnipotens</strong></span> <span class='ocrx_word' id='word_1_200' title='bbox 546 2350 744 2404; x_wconf 73' lang='lat' dir='ltr'><strong>profligavit</strong></span> <span class='ocrx_word' id='word_1_201' title='bbox 779 2350 935 2385; x_wconf 87' lang='lat' dir='ltr'><strong>iudicium</strong></span> <span class='ocrx_word' id='word_1_202' title='bbox 974 2350 1078 2395; x_wconf 89' lang='lat'>(150)</span> <span class='ocrx_word' id='word_1_203' title='bbox 1115 2351 1321 2395; x_wconf 79' lang='lat' dir='ltr'><strong>cogitatione</strong></span> <span class='ocrx_word' id='word_1_204' title='bbox 1351 2350 1451 2385; x_wconf 84' lang='lat' dir='ltr'><strong>citius</strong></span> <span class='ocrx_word' id='word_1_205' title='bbox 1479 2353 1516 2383; x_wconf 89' lang='lat' dir='ltr'><strong>et</strong></span> <span class='ocrx_word' id='word_1_206' title='bbox 1544 2360 1653 2395; x_wconf 87' lang='lat' dir='ltr'><strong>prope</strong></span> 
     </span>
     <span class='ocr_line' id='line_1_33' title="bbox 191 2394 1651 2441; baseline -0.001 -13"><span class='ocrx_word' id='word_1_207' title='bbox 191 2394 301 2440; x_wconf 81' lang='lat' dir='ltr'><strong>prima</strong></span> <span class='ocrx_word' id='word_1_208' title='bbox 325 2395 484 2439; x_wconf 80' lang='lat' dir='ltr'><strong>fortuna,</strong></span> <span class='ocrx_word' id='word_1_209' title='bbox 531 2407 560 2429; x_wconf 78' lang='lat' dir='ltr'><strong>sl</strong></span> <span class='ocrx_word' id='word_1_210' title='bbox 590 2407 658 2441; x_wconf 89' lang='lat' dir='ltr'><strong>qua</strong></span> <span class='ocrx_word' id='word_1_211' title='bbox 686 2402 799 2430; x_wconf 83' lang='lat' dir='ltr'><strong>tamen</strong></span> <span class='ocrx_word' id='word_1_212' title='bbox 829 2400 884 2430; x_wconf 85' lang='lat' dir='ltr'><strong>est</strong></span> <span class='ocrx_word' id='word_1_213' title='bbox 911 2396 969 2430; x_wconf 86' lang='lat' dir='ltr'><strong>vel</strong></span> <span class='ocrx_word' id='word_1_214' title='bbox 996 2396 1031 2430; x_wconf 90' lang='lat' dir='ltr'><strong>in</strong></span> <span class='ocrx_word' id='word_1_215' title='bbox 1060 2396 1242 2440; x_wconf 82' lang='lat' dir='ltr'><strong>tyrannide</strong></span> <span class='ocrx_word' id='word_1_216' title='bbox 1271 2397 1419 2430; x_wconf 82' lang='lat' dir='ltr'><strong>fortuna.</strong></span> <span class='ocrx_word' id='word_1_217' title='bbox 1473 2395 1537 2429; x_wconf 87' lang='lat' dir='ltr'><strong>tibi</strong></span> <span class='ocrx_word' id='word_1_218' title='bbox 1566 2395 1651 2428; x_wconf 85' lang='lat' dir='ltr'><strong>satis</strong></span> 
     </span>
     <span class='ocr_line' id='line_1_34' title="bbox 192 2440 1650 2486; baseline -0.001 -12"><span class='ocrx_word' id='word_1_219' title='bbox 192 2451 259 2474; x_wconf 89' lang='lat' dir='ltr'><strong>non</strong></span> <span class='ocrx_word' id='word_1_220' title='bbox 287 2441 426 2475; x_wconf 86' lang='lat' dir='ltr'><strong>fuerunt</strong></span> <span class='ocrx_word' id='word_1_221' title='bbox 449 2441 619 2476; x_wconf 84' lang='lat' dir='ltr'><strong>variarum</strong></span> <span class='ocrx_word' id='word_1_222' title='bbox 645 2442 902 2476; x_wconf 79' lang='lat' dir='ltr'><strong>sollicitudinum</strong></span> <span class='ocrx_word' id='word_1_223' title='bbox 930 2453 973 2476; x_wconf 85' lang='lat' dir='ltr'><strong>ex</strong></span> <span class='ocrx_word' id='word_1_224' title='bbox 1003 2441 1151 2486; x_wconf 84' lang='lat' dir='ltr'><strong>civibus,</strong></span> <span class='ocrx_word' id='word_1_225' title='bbox 1184 2454 1227 2476; x_wconf 90' lang='lat' dir='ltr'><strong>ex</strong></span> <span class='ocrx_word' id='word_1_226' title='bbox 1250 2441 1396 2486; x_wconf 86' lang='lat' dir='ltr'><strong>exteris,</strong></span> <span class='ocrx_word' id='word_1_227' title='bbox 1427 2452 1473 2475; x_wconf 85' lang='lat' dir='ltr'><strong>ex</strong></span> <span class='ocrx_word' id='word_1_228' title='bbox 1497 2440 1650 2474; x_wconf 84' lang='lat' dir='ltr'><strong>barbaris</strong></span> 
     </span>
     <span class='ocr_line' id='line_1_35' title="bbox 193 2485 1651 2532; baseline 0 -13"><span class='ocrx_word' id='word_1_229' title='bbox 193 2485 282 2520; x_wconf 86' lang='lat' dir='ltr'><strong>aliae</strong></span> <span class='ocrx_word' id='word_1_230' title='bbox 296 2498 371 2520; x_wconf 89' lang='lat' dir='ltr'><strong>cum</strong></span> <span class='ocrx_word' id='word_1_231' title='bbox 387 2486 463 2521; x_wconf 78' lang='lat' dir='ltr'><strong>aliis</strong></span> <span class='ocrx_word' id='word_1_232' title='bbox 477 2487 661 2532; x_wconf 75' lang='lat' dir='ltr'><strong>implicitae</strong></span> <span class='ocrx_word' id='word_1_233' title='bbox 676 2492 712 2522; x_wconf 88' lang='lat' dir='ltr'><strong>et</strong></span> <span class='ocrx_word' id='word_1_234' title='bbox 727 2487 854 2522; x_wconf 80' lang='lat' dir='ltr'><strong>mixtae</strong></span> <span class='ocrx_word' id='word_1_235' title='bbox 869 2498 983 2522; x_wconf 86' lang='lat' dir='ltr'><strong>curae.</strong></span> <span class='ocrx_word' id='word_1_236' title='bbox 1016 2488 1118 2532; x_wconf 86' lang='lat'>(155)</span> <span class='ocrx_word' id='word_1_237' title='bbox 1141 2487 1205 2522; x_wconf 83' lang='lat' dir='ltr'><strong>tibi</strong></span> <span class='ocrx_word' id='word_1_238' title='bbox 1219 2487 1302 2521; x_wconf 80' lang='lat' dir='ltr'><strong>satis</strong></span> <span class='ocrx_word' id='word_1_239' title='bbox 1316 2498 1382 2520; x_wconf 90' lang='lat' dir='ltr'><strong>non</strong></span> <span class='ocrx_word' id='word_1_240' title='bbox 1396 2487 1536 2521; x_wconf 80' lang='lat' dir='ltr'><strong>fuerunt</strong></span> <span class='ocrx_word' id='word_1_241' title='bbox 1551 2497 1651 2520; x_wconf 82' lang='lat' dir='ltr'><strong>exer-</strong></span> 
     </span>
     <span class='ocr_line' id='line_1_36' title="bbox 196 2531 1651 2578; baseline -0.001 -13"><span class='ocrx_word' id='word_1_242' title='bbox 196 2531 282 2566; x_wconf 78' lang='lat' dir='ltr'><strong>citus</strong></span> <span class='ocrx_word' id='word_1_243' title='bbox 297 2532 421 2576; x_wconf 84' lang='lat' dir='ltr'><strong>munia,</strong></span> <span class='ocrx_word' id='word_1_244' title='bbox 444 2533 506 2567; x_wconf 88' lang='lat' dir='ltr'><strong>sed</strong></span> <span class='ocrx_word' id='word_1_245' title='bbox 519 2533 552 2567; x_wconf 91' lang='lat' dir='ltr'><strong>in</strong></span> <span class='ocrx_word' id='word_1_246' title='bbox 567 2533 697 2568; x_wconf 81' lang='lat' dir='ltr'><strong>tantam</strong></span> <span class='ocrx_word' id='word_1_247' title='bbox 713 2533 850 2578; x_wconf 82' lang='lat' dir='ltr'><strong>pietatis</strong></span> <span class='ocrx_word' id='word_1_248' title='bbox 865 2533 976 2568; x_wconf 78' lang='lat' dir='ltr'><strong>studio</strong></span> <span class='ocrx_word' id='word_1_249' title='bbox 994 2533 1189 2568; x_wconf 82' lang='lat' dir='ltr'><strong>aviditatem</strong></span> <span class='ocrx_word' id='word_1_250' title='bbox 1205 2532 1500 2578; x_wconf 86' lang='lat' dir='ltr'><strong>appetentiamque</strong></span> <span class='ocrx_word' id='word_1_251' title='bbox 1514 2531 1651 2575; x_wconf 81' lang='lat' dir='ltr'><strong>venisti,</strong></span> 
     </span>
     <span class='ocr_line' id='line_1_37' title="bbox 194 2577 1649 2626; baseline 0 -16"><span class='ocrx_word' id='word_1_252' title='bbox 194 2580 235 2610; x_wconf 89' lang='lat' dir='ltr'><strong>ut</strong></span> <span class='ocrx_word' id='word_1_253' title='bbox 258 2577 357 2612; x_wconf 83' lang='lat' dir='ltr'><strong>etiam</strong></span> <span class='ocrx_word' id='word_1_254' title='bbox 377 2578 412 2611; x_wconf 88' lang='lat' dir='ltr'><strong>in</strong></span> <span class='ocrx_word' id='word_1_255' title='bbox 435 2578 570 2613; x_wconf 79' lang='lat' dir='ltr'><strong>intimas</strong></span> <span class='ocrx_word' id='word_1_256' title='bbox 592 2584 710 2625; x_wconf 86' lang='lat' dir='ltr'><strong>partes</strong></span> <span class='ocrx_word' id='word_1_257' title='bbox 730 2579 964 2626; x_wconf 77' lang='lat' dir='ltr'><strong>penetraveris</strong></span> <span class='ocrx_word' id='word_1_258' title='bbox 986 2579 1228 2614; x_wconf 83' lang='lat' dir='ltr'><strong>abominandae</strong></span> <span class='ocrx_word' id='word_1_259' title='bbox 1243 2578 1412 2612; x_wconf 86' lang='lat' dir='ltr'><strong>Persidos.</strong></span> <span class='ocrx_word' id='word_1_260' title='bbox 1458 2588 1544 2622; x_wconf 84' lang='lat' dir='ltr'><strong>quos</strong></span> <span class='ocrx_word' id='word_1_261' title='bbox 1566 2587 1649 2610; x_wconf 84' lang='lat' dir='ltr'><strong>vero</strong></span> 
     </span>
     <span class='ocr_line' id='line_1_38' title="bbox 195 2622 1652 2671; baseline 0 -16"><span class='ocrx_word' id='word_1_262' title='bbox 195 2622 299 2656; x_wconf 80' lang='lat' dir='ltr'><strong>duces</strong></span> <span class='ocrx_word' id='word_1_263' title='bbox 313 2629 373 2657; x_wconf 86' lang='lat' dir='ltr'><strong>aut</strong></span> <span class='ocrx_word' id='word_1_264' title='bbox 388 2623 570 2668; x_wconf 79' lang='lat' dir='ltr'><strong>Stagiritas</strong></span> <span class='ocrx_word' id='word_1_265' title='bbox 583 2626 711 2660; x_wconf 87' lang='lat' dir='ltr'><strong>habens</strong></span> <span class='ocrx_word' id='word_1_266' title='bbox 738 2625 840 2668; x_wconf 89' lang='lat'>(160)</span> <span class='ocrx_word' id='word_1_267' title='bbox 863 2625 898 2658; x_wconf 86' lang='lat' dir='ltr'><strong>in</strong></span> <span class='ocrx_word' id='word_1_268' title='bbox 914 2629 1040 2659; x_wconf 85' lang='lat' dir='ltr'><strong>terram</strong></span> <span class='ocrx_word' id='word_1_269' title='bbox 1054 2624 1249 2671; x_wconf 81' lang='lat' dir='ltr'><strong>processisti</strong></span> <span class='ocrx_word' id='word_1_270' title='bbox 1263 2625 1509 2658; x_wconf 78' lang='lat' dir='ltr'><strong>fortunatorum</strong></span> <span class='ocrx_word' id='word_1_271' title='bbox 1525 2622 1652 2656; x_wconf 84' lang='lat' dir='ltr'><strong>barba-</strong></span> 
     </span>
     <span class='ocr_line' id='line_1_39' title="bbox 195 2667 1649 2713; baseline -0.001 -12"><span class='ocrx_word' id='word_1_272' title='bbox 195 2667 334 2702; x_wconf 63' lang='lat' dir='ltr'><strong>rorum?</strong></span> <span class='ocrx_word' id='word_1_273' title='bbox 366 2679 435 2702; x_wconf 89' lang='lat' dir='ltr'><strong>non</strong></span> <span class='ocrx_word' id='word_1_274' title='bbox 451 2669 629 2705; x_wconf 80' lang='lat' dir='ltr'><strong>immensas</strong></span> <span class='ocrx_word' id='word_1_275' title='bbox 653 2670 784 2705; x_wconf 83' lang='lat' dir='ltr'><strong>itineris</strong></span> <span class='ocrx_word' id='word_1_276' title='bbox 808 2669 988 2705; x_wconf 75' lang='lat' dir='ltr'><strong>distantias</strong></span> <span class='ocrx_word' id='word_1_277' title='bbox 1002 2676 1064 2705; x_wconf 89' lang='lat' dir='ltr'><strong>tua</strong></span> <span class='ocrx_word' id='word_1_278' title='bbox 1078 2682 1172 2705; x_wconf 83' lang='lat' dir='ltr'><strong>mens</strong></span> <span class='ocrx_word' id='word_1_279' title='bbox 1185 2670 1379 2713; x_wconf 80' lang='lat' dir='ltr'><strong>recogitans</strong></span> <span class='ocrx_word' id='word_1_280' title='bbox 1394 2672 1569 2703; x_wconf 84' lang='lat' dir='ltr'><strong>contracta</strong></span> <span class='ocrx_word' id='word_1_281' title='bbox 1584 2670 1649 2711; x_wconf 75' lang='lat' dir='ltr'><strong>est,</strong></span> 
     </span>
     <span class='ocr_line' id='line_1_40' title="bbox 194 2713 1649 2760; baseline -0.001 -14"><span class='ocrx_word' id='word_1_282' title='bbox 194 2713 395 2758; x_wconf 81' lang='lat' dir='ltr'><strong>praesertim</strong></span> <span class='ocrx_word' id='word_1_283' title='bbox 410 2725 485 2748; x_wconf 85' lang='lat' dir='ltr'><strong>cum</strong></span> <span class='ocrx_word' id='word_1_284' title='bbox 499 2716 635 2751; x_wconf 81' lang='lat' dir='ltr'><strong>videres</strong></span> <span class='ocrx_word' id='word_1_285' title='bbox 649 2717 750 2750; x_wconf 84' lang='lat' dir='ltr'><strong>etiam</strong></span> <span class='ocrx_word' id='word_1_286' title='bbox 765 2727 890 2750; x_wconf 88' lang='lat' dir='ltr'><strong>nervos</strong></span> <span class='ocrx_word' id='word_1_287' title='bbox 905 2715 1007 2760; x_wconf 84' lang='lat' dir='ltr'><strong>belli,</strong></span> <span class='ocrx_word' id='word_1_288' title='bbox 1039 2717 1174 2750; x_wconf 81' lang='lat' dir='ltr'><strong>divitias</strong></span> <span class='ocrx_word' id='word_1_289' title='bbox 1185 2743 1195 2759; x_wconf 89' lang='lat'>,</span> <span class='ocrx_word' id='word_1_290' title='bbox 1218 2714 1402 2749; x_wconf 78' lang='lat' dir='ltr'><strong>defluxisse</strong></span> <span class='ocrx_word' id='word_1_291' title='bbox 1415 2715 1460 2749; x_wconf 84' lang='lat' dir='ltr'><strong>ad</strong></span> <span class='ocrx_word' id='word_1_292' title='bbox 1474 2714 1649 2747; x_wconf 85' lang='lat' dir='ltr'><strong>barbaros.</strong></span> 
     </span>
     <span class='ocr_line' id='line_1_41' title="bbox 195 2757 1650 2807; baseline -0.002 -14"><span class='ocrx_word' id='word_1_293' title='bbox 195 2758 302 2803; x_wconf 89' lang='lat'>(165)</span> <span class='ocrx_word' id='word_1_294' title='bbox 325 2770 394 2793; x_wconf 87' lang='lat' dir='ltr'><strong>non</strong></span> <span class='ocrx_word' id='word_1_295' title='bbox 407 2761 523 2795; x_wconf 82' lang='lat' dir='ltr'><strong>matris</strong></span> <span class='ocrx_word' id='word_1_296' title='bbox 536 2761 648 2807; x_wconf 79' lang='lat' dir='ltr'><strong>pietas</strong></span> <span class='ocrx_word' id='word_1_297' title='bbox 661 2762 795 2796; x_wconf 81' lang='lat' dir='ltr'><strong>insitam</strong></span> <span class='ocrx_word' id='word_1_298' title='bbox 809 2761 974 2796; x_wconf 85' lang='lat' dir='ltr'><strong>flammam</strong></span> <span class='ocrx_word' id='word_1_299' title='bbox 989 2762 1141 2796; x_wconf 85' lang='lat' dir='ltr'><strong>excitans</strong></span> <span class='ocrx_word' id='word_1_300' title='bbox 1155 2766 1228 2795; x_wconf 87' lang='lat' dir='ltr'><strong>tum</strong></span> <span class='ocrx_word' id='word_1_301' title='bbox 1242 2760 1464 2802; x_wconf 83' lang='lat' dir='ltr'><strong>te-distinuit‚</strong></span> <span class='ocrx_word' id='word_1_302' title='bbox 1487 2770 1553 2793; x_wconf 87' lang='lat' dir='ltr'><strong>nou</strong></span> <span class='ocrx_word' id='word_1_303' title='bbox 1570 2757 1650 2790; x_wconf 77' lang='lat' dir='ltr'><strong>item</strong></span> 
     </span>
     <span class='ocr_line' id='line_1_42' title="bbox 195 2802 1649 2854; baseline -0.002 -16"><span class='ocrx_word' id='word_1_304' title='bbox 195 2804 245 2839; x_wconf 79' lang='lat' dir='ltr'><strong>tui</strong></span> <span class='ocrx_word' id='word_1_305' title='bbox 258 2804 332 2850; x_wconf 85' lang='lat' dir='ltr'><strong>filii,</strong></span> <span class='ocrx_word' id='word_1_306' title='bbox 354 2805 531 2851; x_wconf 84' lang='lat' dir='ltr'><strong>pretiosae</strong></span> <span class='ocrx_word' id='word_1_307' title='bbox 543 2808 749 2852; x_wconf 80' lang='lat' dir='ltr'><strong>margaritae</strong></span> <span class='ocrx_word' id='word_1_308' title='bbox 760 2834 771 2854; x_wconf 90' lang='lat'><strong>,</strong></span> <span class='ocrx_word' id='word_1_309' title='bbox 793 2807 966 2853; x_wconf 76' lang='lat' dir='ltr'><strong>praesidia</strong></span> <span class='ocrx_word' id='word_1_310' title='bbox 980 2808 1075 2843; x_wconf 85' lang='lat' dir='ltr'><strong>vitae</strong></span> <span class='ocrx_word' id='word_1_311' title='bbox 1084 2833 1096 2851; x_wconf 94' lang='lat'><strong>,</strong></span> <span class='ocrx_word' id='word_1_312' title='bbox 1120 2807 1186 2842; x_wconf 85' lang='lat' dir='ltr'><strong>etsi</strong></span> <span class='ocrx_word' id='word_1_313' title='bbox 1200 2806 1392 2842; x_wconf 80' lang='lat' dir='ltr'><strong>vehementi</strong></span> <span class='ocrx_word' id='word_1_314' title='bbox 1402 2816 1517 2840; x_wconf 86' lang='lat' dir='ltr'><strong>amore</strong></span> <span class='ocrx_word' id='word_1_315' title='bbox 1531 2802 1649 2837; x_wconf 83' lang='lat' dir='ltr'><strong>devin-</strong></span> 
     </span>
    </p>
   </div>
  </div>
 </body>
</html>
