1890 3224
241 194 306 241 68
442 194 676 239 GEORGII
699 189 912 236 PISlDAE
935 190 1163 234 BELLUM
1186 192 1484 245 AVARIGUM.

457 307 565 357 ὅπως
586 309 783 362 μεθυσθῇ
805 309 1001 361 συγγενῶν
1018 305 1061 356 ἐξ
1083 304 1265 360 αἱμάτων

343 376 425 419 530
459 375 480 418 ὃ
498 373 711 431 βάρβαρος
727 377 821 424 νοῦς
838 375 1047 428 δυστυχῶς
1064 374 1306 430 γεγευμένος.

457 443 573 494 αὕξοι
594 444 638 485 δὲ
659 442 731 497 τὴν
749 442 824 497 σὴν
843 442 988 498 εὐσεβῆ
1010 443 1267 500 φυτουργίαν,

459 511 529 555 τὸν
552 509 748 565 δεσπότην
764 508 973 553 θάλλοντα
989 517 1073 561 τοῖς
1089 512 1218 561 θείοις
1234 508 1416 559 κλάδοις·

457 578 594 636 θύρας
613 597 655 622 τε
676 579 829 629 πολλὰς
843 580 1035 635 ἔξανοίγοι
1056 585 1140 630 τοῖς
1151 577 1284 635 λόγοις

459 652 648 698 νικῶντος
668 647 794 690 αὐτοῦ
813 651 1021 702 πανταχοῦ
1039 647 1135 697 τοὺς
1150 645 1401 704 βαρβάρους.

344 718 426 760 535
511 714 718 758 Ἒνταῦθά
737 733 808 770 μοι
822 719 893 758 νῦν
911 715 981 758 τὸν
997 714 1314 773 βραδύγλωσσον
1337 712 1453 771 λόγον

461 784 507 827 τὸ
525 784 797 841 συμπέρασμα
813 788 887 826 τοῦ
908 788 1062 827 σκοποῦ
1079 781 1328 842 περιγράφει.

460 856 519 911 τῷ
537 856 597 910 σῷ
614 853 657 895 δὲ
675 852 819 910 τέκνῳ,
853 856 912 911 τῷ
930 852 1108 910 νεωτέρῳ
1127 850 1285 909 κράτει,

461 919 628 970 τούτους
650 926 877 978 προσειπεῖν
897 920 1109 978 εὖτρεπίζω
1131 919 1226 970 τοὺς
1247 917 1403 975 λόγους.

460 989 590 1044 Νίκη,
616 987 795 1046 φάνηθι·
825 992 896 1031 νῦν
914 992 1053 1043 λαβεῖν
1071 1004 1115 1031 σε
1134 988 1309 1045 νυμφίον

345 1057 429 1100 540
461 1055 589 1107 ἔξεστι
609 1061 774 1108 τοῦτον,
809 1050 843 1115 ᾧ
860 1056 912 1098 τὰ
933 1058 1047 1113 δῶρα
1065 1060 1146 1098 τῶν
1164 1054 1305 1111 γάμων

460 1126 638 1174 δέδωκας
657 1123 736 1179 ἤδη
753 1123 827 1178 τὴν
842 1124 1004 1180 σφοψὴν
1024 1127 1104 1166 τῶν
1121 1121 1358 1179 βαρβάρων.

334 1243 402 1278 530
422 1239 656 1287 γεγευσμὲνος
675 1240 715 1276 P.

243 1353 331 1386 men,
357 1343 560 1376 cruentatos.
603 1344 674 1386 ut,
696 1341 851 1386 inquam,
874 1340 1060 1375 inebrietur
1073 1350 1156 1375 suae
1174 1338 1287 1384 gentis
1303 1336 1479 1372 cruoribus
1497 1335 1603 1381 (530)
1620 1335 1702 1370 bar-

244 1389 346 1423 barus
364 1387 545 1421 infeliciter
563 1390 748 1431 saturatus,
771 1391 833 1421 tua
846 1398 931 1421 vero
949 1390 1080 1421 crescat
1094 1386 1151 1431 pia
1165 1383 1343 1431 plantatio,
1365 1383 1522 1428 despota,
1546 1382 1605 1427 qui
1622 1393 1704 1426 ger-

240 1434 329 1468 mina
343 1432 463 1467 divinis
478 1433 642 1474 surculis;
658 1448 660 1450 v
679 1435 865 1479 portasque
890 1432 1011 1466 multas
1033 1434 1167 1466 reseret
1188 1429 1419 1473 sermonibus,
1455 1428 1529 1474 ipso
1545 1429 1704 1462 vincente

264 1490 439 1523 uacunque
454 1490 496 1512 ex
513 1482 609 1524 parte
624 1479 801 1514 barbaros.
847 1477 952 1523 (535)
975 1481 1078 1523 atque
1093 1477 1147 1511 hic
1160 1487 1234 1511 meo
1254 1475 1448 1519 tardiloqua
1468 1473 1613 1508 sennoni
1627 1473 1705 1507 finis

268 1536 287 1558 e
301 1535 340 1558 re
354 1524 532 1569 proposita
546 1524 803 1569 praescribitur.
850 1528 944 1558 tuum
959 1535 1042 1558 vero
1057 1523 1179 1566 filium,
1213 1522 1455 1567 pubescentem
1482 1519 1705 1561 maiestatem,

239 1569 334 1603 hisce
356 1569 540 1613 aggredior
566 1569 665 1603 dictis
686 1568 824 1614 alloqui.
871 1569 1018 1613 prodeas
1043 1568 1215 1602 Victoriaz
1250 1577 1339 1600 nunc
1363 1575 1523 1610 sponsum
1550 1564 1707 1609 accipere

242 1614 346 1659 (540)
363 1618 400 1649 te
414 1614 515 1649 decet
528 1614 629 1649 istum
639 1641 650 1659 ,
683 1614 736 1649 cui
758 1625 821 1661 pro
837 1613 935 1650 doms
949 1612 1155 1660 nuptialibus
1169 1623 1279 1659 nuper
1294 1610 1416 1647 dedisti
1431 1610 1562 1646 cladem
1579 1610 1706 1646 barba-

241 1671 362 1695 rorum.
