1838 3210
534 159 868 205 DESCRIPTIO
901 160 948 205 S.
981 159 1230 204 SOPHIAE.
1521 158 1614 205 111

167 285 303 312 arcum
323 270 522 311 interdum
545 270 665 320 duos,
696 271 792 323 μίαν
811 266 962 320 α’ψῖδα,
1003 268 1139 312 ἄλλοτε
1157 268 1200 312 δὲ
1217 265 1314 320 δύο,
1349 269 1435 307 fieri
1459 268 1614 319 debere,

166 330 330 369 tandem
355 330 542 381 angelum
569 329 816 379 imperatoris
843 325 983 366 habitu
1010 327 1312 366 architectorum
1334 328 1525 378 magistro
1542 341 1616 379 ap-

165 389 363 439 paruisse,
402 387 726 437 praecepisseque
755 391 801 421 ut
830 385 1027 437 τρίφωτος
1055 382 1161 436 aava}
1193 398 1263 423 seu
1289 385 1438 436 triplex
1465 383 1616 421 concha

164 444 287 491 fieret,
310 450 347 480 et
369 440 436 482 διοῖ
453 445 570 494 τριῶν
591 444 730 489 στοῶν,
755 453 825 492 per
844 442 1042 492 triplicem
1061 443 1255 492 porticum
1278 440 1351 494 (ita
1372 442 1616 492 superiorem

164 498 336 538 conchae
361 499 739 537 concamerationem
759 498 958 549 appellare
980 496 1164 536 videntur
1182 496 1418 549 Graeculi),
1448 496 1616 536 >sacrum

161 556 279 594 bema
300 557 365 594 vel
382 558 515 606 ipsum
536 556 659 592 altare
679 555 991 603 illuminaretur,
1030 555 1073 591 in
1093 556 1254 592 nomine
1275 556 1398 606 patris
1419 561 1457 591 et
1482 554 1556 591 filii
1575 561 1615 592 et

162 614 321 664 spiritus
353 613 504 659 sancti3
546 618 664 663 atque
700 612 756 648 ita
791 612 988 662 triplicem
1023 609 1217 649 concham
1254 612 1473 650 confectam
1512 624 1611 649 esse.
1634 614 1664 649 P
1688 613 1755 648 563

163 671 277 721 quasi
295 682 387 707 vero
405 675 614 720 antequam
634 669 744 719 operi
766 680 932 706 manum
952 665 1221 706 admovissent
1240 667 1463 716 architecti,
1492 669 1613 706 totius

161 725 271 763 aedis
295 738 376 763 non
393 725 532 762 fuisset
553 724 750 762 delineata
766 724 894 762 forma
913 737 958 762 ac
977 724 1121 776 figurat,
1163 723 1271 777 quod
1294 724 1438 763 diserte
1463 723 1512 762 de
1534 725 1613 763 So·-

98 789 105 800 “
159 781 307 833 phiana
325 780 444 819 tradit
459 782 692 832 Procopius,
722 781 790 818 ubi
808 779 856 818 de
873 779 1090 819 Anthemio
1111 780 1348 820 architecto:
1380 780 1488 818 hunc
1504 783 1612 819 enim

161 837 388 876 condendae
423 835 532 874 aedis
564 837 732 887 figuram
762 835 980 875 delineasse
1006 850 1051 875 ac
1078 835 1307 889 designasse
1334 839 1490 876 scribit:
1530 841 1613 878 τῶν

159 892 437 947 γενησομένων
455 889 804 945 προδιασκευάζων
822 890 1051 944 ἰνδάλματα.
1107 895 1165 931 ita
1193 896 1345 945 passim
1369 907 1497 945 nugas
1519 908 1610 932 suas

158 951 350 1002 imperitis
383 949 588 987 venditant
616 950 841 1001 nugigeruli
868 963 914 987 ac
941 951 1178 988 recentiores
1195 951 1348 989 Graeci.
1407 952 1610 989 enimvero

160 1007 208 1044 ab
236 1005 312 1044 hac
336 1007 483 1058 triplici
508 1005 657 1044 concha
685 1006 898 1044 trichoram
917 1007 1096 1057 apsidem
1120 1005 1267 1044 dictam
1284 1008 1371 1045 vult
1390 1007 1610 1046 Salmasius

159 1062 266 1115 apud
276 1064 514 1100 Paulinum:
538 1063 716 1114 reliquiis
732 1063 997 1113 apostolorum
1019 1070 1056 1100 et
1070 1070 1291 1114 martyrum
1304 1065 1412 1100 intra
1432 1065 1612 1114 apsidem

157 1119 371 1157 trichoram
398 1119 470 1156 sub
495 1119 619 1156 altari
637 1121 817 1157 sacratis.
878 1121 934 1157 sic
956 1121 1062 1157 enim
1080 1119 1298 1171 legendum
1319 1120 1520 1158 contendit
1539 1134 1611 1172 pro

157 1176 330 1213 trichora
354 1174 427 1213 aab
454 1175 604 1212 altaria
606 1204 623 1222 ,
653 1177 715 1213 cui
741 1176 942 1214 subscribo
972 1177 1135 1224 lubens,
1177 1190 1268 1214 cum
1296 1178 1460 1214 unicum
1491 1177 1612 1214 fuerit

158 1233 282 1270 altare
298 1233 341 1269 in
361 1231 498 1283 apside
518 1245 589 1270 seu
609 1231 766 1281 absida,
797 1239 915 1284 atque
937 1231 1036 1270 adeo
1056 1234 1098 1270 in
1115 1239 1197 1271 tota
1219 1232 1318 1271 aede
1340 1246 1470 1282 sacra,
1505 1232 1613 1285 quod

157 1296 197 1326 et
214 1289 316 1326 infra
338 1291 432 1327 satis
455 1287 616 1327 indicat.
674 1302 768 1326 nam
790 1295 940 1327 constat
958 1289 1131 1327 trichora
1151 1289 1254 1327 dicta
1271 1290 1393 1327 fuisse
1417 1303 1462 1327 ea
1485 1291 1614 1328 tricli—

156 1347 224 1383 nia
246 1358 347 1398 quae
375 1346 499 1383 tribus
529 1347 694 1384 cameris
719 1344 879 1383 conchis
899 1353 965 1383 aut
985 1346 1163 1398 partibus
1185 1347 1436 1395 constabant,
1477 1348 1613 1384 cuius-

156 1400 267 1439 modi
293 1401 369 1438 fuit
396 1400 500 1438 illud
523 1400 572 1438 de
597 1414 675 1454 quo
691 1402 923 1454 Spartianus
941 1403 984 1439 in
1004 1405 1086 1441 vita
1103 1404 1335 1440 Pescennii:
1366 1403 1505 1440 domus
1529 1405 1612 1440 eius

156 1457 273 1496 hodie
290 1458 430 1495 visitur
447 1459 491 1495 in
514 1471 652 1508 campo
676 1459 800 1505 Iovis,
830 1472 933 1510 quae
953 1459 1182 1510 appellatur
1204 1460 1433 1505 Pescennii,
1463 1461 1507 1496 in
1531 1474 1614 1511 qua

156 1514 416 1551 simulacrum
433 1515 516 1551 eius
537 1515 581 1551 in
600 1514 768 1552 trichoro
788 1516 1001 1552 constituit.
1060 1528 1191 1567 neque
1211 1517 1319 1553 enim
1340 1515 1486 1553 arridet
1505 1518 1614 1554 eius-

156 1569 250 1608 dem
269 1570 455 1608 Salmasii
471 1572 715 1619 coniectura,
760 1573 828 1623 qui
849 1571 1067 1609 trichoram
1090 1572 1296 1623 fastigium
1324 1571 1465 1610 domus
1484 1573 1612 1610 inter-

154 1633 331 1679 pretatus
350 1633 422 1664 est.
451 1639 547 1664 nam
566 1625 642 1664 hoc
661 1628 748 1666 loco
766 1627 982 1665 trichoram
1005 1636 1064 1666 est
1083 1629 1301 1666 triclinium
1319 1630 1433 1667 istius
1455 1628 1610 1678 domus,

154 1684 299 1732 tribus,
343 1689 388 1720 ut
419 1681 528 1732 dixi,
573 1686 738 1722 cameris
770 1691 975 1733 constans,
1015 1685 1237 1723 cuiusmodi
1256 1693 1348 1723 sunt
1367 1687 1410 1723 in
1436 1688 1609 1738 antiquis

154 1741 402 1777 monasteriis
427 1740 655 1788 refectoria,
698 1753 799 1792 quae
818 1740 912 1778 inde
935 1741 1109 1779 trichora
1129 1748 1168 1778 et
1189 1742 1376 1779 trichoria
1400 1743 1611 1794 appellan-

156 1802 234 1833 tur.
269 1797 398 1833 Gloss.
417 1796 567 1833 Saxon.
588 1797 774 1833 Aelfrici:
816 1798 1021 1834 Tricoram
1037 1796 1104 1835 vel
1128 1799 1382 1844 Dic-linium,
1414 1799 1610 1837 Gereord-

156 1851 246 1889 hus.
269 1853 297 1888 i.
321 1850 461 1888 domus
484 1852 730 1899 refectionis3
763 1865 841 1904 qua
864 1854 1023 1890 notione
1045 1853 1247 1891 tricorizun
1277 1867 1348 1892 seu
1378 1855 1609 1892 trichorium

155 1917 320 1958 usurpat
340 1906 547 1945 Ordericus
568 1908 705 1946 vitalis
724 1910 752 1946 l.
773 1912 796 1949 3
818 1915 857 1946 et
874 1911 898 1949 6
930 1922 970 1959 p.
991 1907 1073 1950 495
1100 1916 1138 1946 et
1159 1913 1253 1951 603.
1313 1918 1353 1948 at
1371 1912 1538 1949 Ioannes
1558 1911 1608 1949 de

154 1966 278 2002 Ianua
303 1963 531 2001 trichorium
557 1964 716 2001 domum
743 1966 849 2002 trina
870 1966 1166 2002 convivantium
1197 1967 1363 2004 sessione
1382 1967 1610 2005 ordinatam

155 2033 242 2058 esse
262 2021 336 2069 ait,
377 2020 714 2072 quemadmodum
739 2022 868 2059 solent
896 2021 1082 2060 monachi
1099 2022 1142 2058 in
1167 2024 1249 2061 suis
1270 2024 1487 2061 refectoriis
1511 2037 1607 2061 con-

154 2076 298 2115 sidere.
342 2077 531 2127 Ugutioni
548 2090 641 2115 vero
666 2077 809 2116 dicitur
827 2078 1057 2116 trichorium
1075 2079 1186 2116 locus
1204 2081 1316 2117 iuxta
1334 2081 1468 2132 ignem
1484 2094 1608 2118 causa

146 2134 333 2183 prandii,
372 2132 520 2170 habens
548 2147 725 2172 cameras
752 2135 818 2173 vel
837 2142 913 2172 tres
931 2134 1107 2173 absidas.
1169 2135 1423 2174 octat-horum
1441 2139 1608 2175 occurrit

151 2191 196 2226 in
224 2190 479 2240 inscriptione
507 2189 559 2227 ad
581 2191 733 2229 fontem
751 2191 793 2230 S.
815 2190 1012 2240 Theclae,
1051 2190 1269 2230 Mediolani
1290 2206 1313 2230 a
1331 2194 1372 2231 S.
1393 2194 1606 2232 Ambrosio

153 2253 315 2283 exarata
328 2275 338 2295 ,
378 2245 485 2298 apud
503 2247 655 2285 Gruter.
679 2249 785 2291 1666
815 2251 856 2290 8.
913 2250 969 2285 ita
985 2262 1102 2299 porro
1124 2248 1274 2287 concha
1291 2248 1495 2302 Sophiana
1516 2251 1606 2288 effi-

153 2309 215 2339 cta
235 2309 314 2350 est,
355 2309 400 2340 ut
429 2303 531 2341 ultra
560 2305 684 2355 pilas,
727 2312 765 2342 et
796 2317 874 2357 qua
893 2312 1005 2357 parte
1026 2307 1197 2357 parietes
1223 2305 1273 2344 ad
1295 2307 1420 2345 latera
1436 2307 1607 2344 bematis

154 2356 361 2407 desinunt,
392 2361 541 2397 sinuari
561 2362 725 2412 incipiat
743 2362 786 2398 in
803 2362 975 2400 somnam
994 2360 1297 2414 hemicylindri,
1327 2377 1399 2401 seu
1421 2364 1491 2401 ubi
1511 2378 1607 2416 pro-

153 2427 308 2452 currere
337 2423 491 2454 cessant
523 2419 697 2468 porticus
727 2419 771 2455 in
800 2419 986 2457 interiore
1012 2419 1134 2468 aede3
1195 2419 1303 2472 quod
1329 2421 1523 2458 Paulinus
1558 2420 1608 2457 de

153 2472 301 2522 templo
323 2471 364 2510 S.
385 2473 528 2510 Felicis
546 2486 667 2525 agens
686 2475 744 2512 sic
765 2473 990 2526 descripsit:
1034 2483 1159 2514 totum
1177 2489 1267 2514 vero
1287 2483 1396 2514 extra
1416 2477 1608 2514 concham

154 2525 340 2565 basilicae
368 2530 542 2579 spatium
563 2531 646 2568 alto
667 2538 704 2567 et
726 2531 914 2569 lacunato
933 2532 1106 2570 culmine
1119 2535 1293 2585 geminis
1312 2535 1496 2584 utrinque
1507 2547 1608 2584 por-

153 2583 295 2621 ticibus
314 2584 519 2623 dilatatur.
581 2586 692 2625 addit
709 2589 924 2639 Procopius
950 2588 1122 2627 conchae
1142 2589 1368 2640 Sophianae
1395 2591 1604 2628 imminere

153 2640 286 2683 nescio
307 2652 428 2692 quam
442 2649 675 2681 structuram
692 2646 885 2694 μηνοειδῆ
906 2659 977 2683 seu
997 2647 1167 2684 bicornis
1187 2647 1306 2684 lunae
1324 2647 1450 2684 instar
1468 2648 1604 2684 sinua—

152 2701 256 2742 tam3
288 2707 389 2746 quae
407 2700 527 2736 simul
545 2702 808 2738 concinnitate
829 2701 1132 2740 admirationem
1145 2732 1155 2750 ,
1185 2703 1306 2740 simul
1329 2702 1471 2740 dubiae
1494 2716 1603 2740 com-—

151 2753 264 2803 pagis
281 2755 410 2802 specie
433 2756 617 2793 timorem
636 2758 763 2808 parit,
792 2765 837 2796 ut
859 2770 961 2811 quae
982 2772 1111 2811 neque
1131 2757 1312 2797 videatur
1328 2759 1500 2810 pendere
1520 2765 1602 2805 tuo,

153 2815 192 2846 et
208 2809 388 2860 quamvis
411 2809 633 2851 firmissime
649 2815 820 2864 nitatur,
852 2816 1075 2866 periculum
1093 2821 1228 2854 tamen
1249 2822 1418 2856 ostentet
1435 2815 1491 2851 ibi
1513 2826 1603 2851 ver-
