1890 3224
283 153 349 201 40
635 151 986 198 NICEPHORUS
1026 149 1335 194 CPOLITANU
1335 150 1366 194 S

282 267 447 324 ραπείας
478 266 624 317 ἕνεκεν,
651 262 881 322 προστάξας
913 269 997 314 τοῖς
1028 260 1196 318 ἄρχουσι
1225 260 1292 303 καὶ
1322 265 1407 310 τοῖς
1438 263 1550 310 λαοῖς
1573 275 1720 317 προσε-

231 339 263 376 D
288 334 438 392 δρεύειν
457 338 515 391 τῷ
531 331 761 389 ὀχυρώματι
783 333 850 375 καὶ
868 330 946 374 ὅσα
962 330 1062 387 πρὸς
1088 329 1243 384 ἄμυναν
1270 333 1342 371 τοῦ
1365 327 1509 377 ἔθνους
1528 325 1721 385 κατεργά-

281 406 451 445 σασθαι.
519 399 634 458 φήμη
668 401 715 444 δέ
742 417 804 450 τις
835 400 992 442 ἐδέδοτο
1018 398 1087 441 τὸν
1114 396 1284 452 βασιλέα
1314 393 1472 454 φεύγειν
1499 394 1721 449 μηνύουσα,

282 470 339 512 δι’
364 467 414 523 ἢν
430 469 731 524 θορυβηθέντες
750 468 910 518 οὐδενὸς
929 465 1140 516 διώκοντος
1158 463 1355 514 συντόνως
1375 463 1553 520 ἔφευγον.
1620 463 1658 505 οἳ
1679 462 1723 504 δὲ

282 535 514 592 Βούλγαροι
534 534 733 586 ἐπιδόντες
749 536 959 579 ἐπεδίωκον
975 537 1189 590 καρτερῶς,
1218 533 1284 575 καὶ
1306 531 1425 581 ὅσους
1439 532 1511 584 μὲν
1529 533 1602 573 τοῦ
1623 533 1756 573 λαοῦ5

284 603 587 658 κατελάμβανον
607 602 802 661 ἀνῄρουν,
830 605 1037 651 πλείστους
1057 603 1101 643 δὲ
1122 603 1188 643 καὶ
1207 598 1505 657 ἐτραυμάτιζον.
1552 613 1728 654 περαιω-

283 673 438 714 θέντων
462 673 505 714 δὲ
526 676 598 714 τοῦ
614 671 773 728 Ἴστρου
798 672 860 713 ἐπὶ
881 671 953 726 τὴν
976 669 1188 724 λεγομένην
1207 671 1373 724 Βαρνᾶν
1395 667 1562 721 πλησίον
1578 665 1730 719 Ὀδησ-

284 745 359 784 σοῦ
378 741 444 781 καὶ
465 745 535 781 τοῦ
553 738 832 797 ὑπερκειμένου
850 739 1064 794 μεσογαίου
1074 768 1087 789 ,
1121 736 1166 779 τὸ
1186 735 1350 793 ἷσχυρὸν
1372 736 1438 777 καὶ
1458 734 1636 790 ἀσφαλὲς
1658 735 1731 775 τοῦ

282 805 409 850 τόπου
436 806 637 850 πάντοθεν
659 806 701 850 ἴκ
720 824 762 849 τε
785 811 855 849 τοῦ
875 809 1059 860 ποταμοῦ
1081 806 1147 847 καὶ
1166 809 1238 859 τῆς
1261 803 1362 858 ἄγαν
1383 803 1609 858 δυσχωρίας
1629 804 1733 843 θεα-

283 873 450 928 σάμενοι
482 875 660 918 ἐνταῦθα
689 879 891 930 σκηνοῦσι.
956 877 1147 930 κρατοῦσι
1178 873 1222 914 δὲ
1250 873 1317 913 καὶ
1345 875 1425 913 τῶν
1458 867 1788 925 [ἐγγιζόντων]-10

283 943 583 999 παρῳκημένων
612 946 859 998 Σκλαβηνῶν
886 944 1040 992 ἐθνῶν,
1075 942 1142 982 καὶ
1173 938 1242 989 οῦς
1264 939 1337 992 μὲν
1357 939 1408 981 τὰ
1426 934 1735 994 πρὸςἈβάρους

284 1009 553 1064 πλησιάζοντα
573 1017 783 1069 φρουρεῖν,
811 1008 882 1059 οὓς
901 1010 944 1051 δὲ
962 1009 1013 1051 τὰ
1033 1008 1135 1064 πρὸς
1149 1004 1371 1060 Ῥωμαίους
1389 1007 1588 1066 ἐγγίζοντα
1602 1009 1735 1060 τηρεῖν

168 1082 198 1117 Ρ
219 1081 266 1118 24
289 1075 575 1120 ἐπιτάττουσιν.
643 1078 684 1120 ἐν
703 1076 859 1127 τούτοις
880 1076 1184 1133 ἲσχυρωθέντων
1204 1076 1271 1116 καὶ
1291 1073 1544 1127 αὐξηθέντων
1555 1104 1568 1124 ,
1602 1072 1654 1114 τὰ
1672 1071 1737 1112 ἐπὶ

291 1144 458 1203 Θρᾴκης
475 1146 608 1201 χωρία
628 1162 669 1187 τε
693 1146 760 1186 καὶ
780 1145 1008 1197 πολίσματα
1030 1143 1256 1197 καταδῃοῦν
1278 1141 1515 1197 ἐπεχείρουν.
1581 1143 1639 1196 τῷ
1655 1143 1738 1192 βα-

287 1216 394 1255 σιλεῖ
408 1213 451 1254 δὲ
468 1211 619 1268 ἀνάγκη
638 1206 690 1267 ἦν
706 1215 834 1253 ταῦτα
855 1209 998 1268 δρῶντι
1017 1209 1081 1251 ἐπὶ
1102 1209 1314 1263 τελέσμασι
1332 1208 1435 1266 πρὸς
1453 1207 1602 1257 αὖτοὺς
1620 1207 1738 1250 σπέν-
1749 1213 1792 1250 15

289 1281 451 1322 ὕεσθαι.

431 1345 572 1396 Οῦτως
597 1349 810 1402 τοιγαροῦν
835 1341 1113 1402 εἷρηνευοῦσης
1136 1339 1338 1386 πάντοθεν
1354 1346 1427 1396 τῆς
1437 1339 1645 1396 Ῥωμαίων
1659 1343 1742 1394 βα·-

289 1414 440 1464 σιλείας
469 1411 496 1468 ἦ
527 1417 607 1456 τῶν
637 1416 941 1467 ΖΠονοθελητῶν
973 1411 1172 1468 δυσσεβὴς
1197 1413 1348 1468 αἵρεσις
1371 1407 1628 1465 ἐκρατύνετο,
1659 1407 1740 1462 ἤδη

291 1485 372 1523 τῶν
402 1481 479 1538 ἀφ’
511 1479 752 1536 εΗρακλειόυ
778 1485 851 1524 τοῦ
878 1480 1078 1534 βασιλέως
1100 1477 1260 1535 χρόνων
1290 1482 1475 1532 λαβοῦσα
1501 1477 1575 1532 τὴν
1601 1471 1742 1533 ἀρχήν,

292 1550 360 1590 καὶ
391 1549 543 1602 σχίσμα
570 1543 619 1601 ἦν
641 1549 730 1603 περὶ
757 1549 832 1601 τὴν
859 1547 1082 1600 καθολικὴν
1110 1547 1332 1599 ἐκκλησίαν.
1398 1548 1526 1587 ταῦτα
1555 1544 1798 1598 &aymus-20

293 1617 599 1665 Κωνσταντῖνος
624 1613 791 1657 σύνοδον
812 1614 1083 1667 οῗκουμενικὴν
1102 1618 1331 1668 συγκροτεῖ,
1363 1610 1390 1666 ἢ
1410 1611 1482 1661 τὰς
1500 1612 1573 1665 μὲν
1589 1614 1744 1667 προλα-

294 1680 449 1735 βοῦσας
479 1682 591 1724 πέντε
623 1680 738 1737 ἁγίας
763 1680 1036 1734 οῗκουμενικὰς
1066 1677 1259 1729 συνόδους
1279 1677 1475 1735 ἐκύρωσε,
1509 1680 1577 1720 καὶ
1598 1679 1650 1720 τὰ
1671 1676 1745 1730 δύο

245 1758 275 1793 Β
299 1750 362 1792 ἐπὶ
391 1753 464 1792 τοῦ
496 1752 678 1806 σωτῆρος
701 1751 885 1806 Χριστοῦ
913 1746 1129 1803 θελήματα
1161 1747 1228 1788 καὶ
1253 1744 1325 1789 δύο
1348 1746 1521 1803 φυσικὰς
1540 1746 1746 1803 ἐνεργείας,

389 1866 414 1901 3
436 1863 652 1900 assessore?
766 1864 791 1899 4
816 1860 983 1908 ἔφυγον7
1086 1863 1111 1899 7
1132 1859 1201 1898 τὸν
1213 1857 1381 1908 ἼστρονῚ
1486 1863 1534 1899 23
1555 1862 1623 1898 τοῦ
1643 1874 1698 1898 om
1716 1863 1747 1898 P

298 1965 435 2001 delatus
460 1969 533 2008 est,
566 1976 642 1999 cum
670 1967 752 2010 aute
782 1964 928 1999 ducibus
958 1964 1030 1998 suis
1062 1967 1167 2009 atque
1198 1963 1409 1998 exercitibus
1431 1963 1627 1998 mandasset
1648 1967 1687 1998 ut
1710 1964 1750 1999 in

298 2006 704 2046 munitionis'obsidione
726 2015 931 2055 pergerent,
966 2014 1002 2043 et
1029 2021 1119 2054 quae
1139 2010 1184 2044 ad
1208 2013 1346 2053 gentem
1369 2008 1461 2043 illam
1483 2009 1750 2054 propulsandam

297 2056 516 2102 pertinerent
533 2056 647 2090 omnia
664 2056 885 2100 perficerent.
931 2066 1051 2089 verum
1069 2066 1144 2089 cum
1161 2056 1284 2098 fugere
1300 2054 1543 2098 imperatorem
1559 2054 1652 2088 fama
1667 2066 1751 2099 per-

298 2101 496 2146 vulgasset,
530 2101 742 2135 consternati
762 2101 872 2135 nostri
892 2100 1004 2146 passis
1029 2100 1184 2134 manibus
1209 2099 1359 2143 fugiunt.
1406 2099 1531 2143 quibus
1553 2101 1750 2144 conspectis

299 2147 443 2191 Bulgari
461 2146 699 2181 vehementius
721 2146 926 2190 fugientium
944 2150 1045 2189 terga
1061 2156 1236 2191 premere,
1260 2148 1296 2178 et
1319 2155 1404 2189 quos
1429 2144 1568 2188 assequi
1589 2150 1752 2190 poterant

301 2193 468 2235 caedere,
504 2191 690 2236 plerosque
716 2191 913 2225 vulnerare.
958 2191 1040 2224 inde
1065 2202 1139 2224 cum
1161 2189 1353 2224 Danubium
1375 2189 1618 2235 transiissent,
1647 2196 1684 2226 et
1705 2192 1752 2227 ad

299 2238 468 2280 Barnam,
491 2247 580 2281 quae
602 2247 712 2281 prope
735 2236 911 2279 Odyssum
935 2240 972 2269 et
991 2235 1217 2269 eminentiora
1233 2235 1294 2269 illa
1310 2235 1562 2269 mediterranea
1579 2239 1644 2280 est,
1664 2248 1750 2290 per-

302 2282 498 2326 venissent,
535 2292 610 2314 cum
643 2291 720 2314 eum
739 2280 851 2314 locum
873 2280 1025 2324 undique
1048 2285 1084 2314 et
1106 2292 1127 2315 a
1149 2280 1257 2315 fluvio
1282 2284 1317 2314 et
1339 2292 1362 2315 a
1383 2280 1538 2324 regionis
1560 2286 1752 2326 asperitate

301 2327 467 2361 munitum
484 2326 809 2370 animadverterent,
832 2325 960 2359 ibidem
978 2330 1092 2359 castra
1107 2325 1227 2360 metati
1243 2329 1336 2360 sunt.
1382 2327 1445 2360 sed
1462 2330 1499 2360 et
1513 2325 1752 2362 sclavinorum

303 2378 462 2417 gentem,
497 2383 586 2417 quae
616 2371 686 2405 illic
715 2371 754 2404 in
783 2371 977 2416 propinquo
1001 2372 1172 2415 degebat,
1205 2371 1243 2404 in
1265 2375 1471 2417 potestatem
1492 2371 1675 2416 redigunt,
1709 2384 1752 2407 ac

303 2423 438 2462 partem
458 2428 596 2451 suorum
616 2416 654 2451 in
680 2428 721 2451 eo
743 2416 852 2450 limite
872 2416 938 2462 qui*
952 2416 1084 2450 Avares
1110 2416 1322 2462 respiciebat
1343 2417 1531 2459 collocant,
1561 2416 1647 2451 alios
1676 2418 1752 2452 Ro-

304 2474 480 2496 manorum
508 2462 636 2497 finibus
666 2461 845 2496 obiiciunt.
894 2462 1017 2506 quibus
1047 2463 1152 2497 rebus
1177 2461 1269 2496 aucti
1292 2466 1396 2506 atque
1419 2462 1611 2497 confirmati
1634 2462 1752 2498 Thra-

305 2507 381 2542 ciae
406 2508 534 2552 oppida
552 2507 696 2552 locaque
719 2507 832 2541 omnia
857 2507 1076 2551 populantur.
1123 2519 1231 2552 quare
1251 2507 1440 2552 imperator
1461 2518 1575 2543 annua
1596 2509 1754 2555 pensita-

304 2552 402 2587 tione
424 2553 594 2597 promissa
615 2563 736 2598 pacem
759 2564 834 2586 cum
858 2552 902 2586 iis
923 2554 1041 2587 facere
1064 2559 1202 2587 coactus
1226 2557 1292 2587 est.

397 2598 459 2631 Sic
478 2598 605 2642 igitur,
633 2610 717 2644 pace
736 2598 864 2642 ubique
887 2610 951 2643 per
976 2599 1166 2633 Romanlun
1183 2597 1362 2643 imperium
1384 2597 1596 2643 constituta,
1625 2598 1752 2634 Mono-

306 2641 512 2678 theletarum
539 2643 712 2688 haeresis,
752 2654 840 2688 quae
873 2643 940 2680 iam
967 2648 1038 2678 tum
1069 2646 1112 2679 ab
1143 2643 1305 2679 Heraclio
1338 2644 1548 2689 imperatore
1577 2649 1753 2690 coeperat,

308 2688 440 2723 maiora
455 2688 494 2723 in
511 2688 585 2724 dies
602 2689 814 2724 incrementa
835 2689 1014 2735 capiebat,
1039 2691 1126 2725 adeo
1153 2694 1192 2724 ut
1211 2689 1358 2724 ecclesia
1380 2689 1550 2724 catholica
1568 2690 1756 2724 schismate

164 2744 197 2766 a.
222 2733 289 2768 680
311 2734 539 2769 divideretur.
585 2745 672 2779 quas
702 2736 746 2769 ob
777 2745 835 2769 res
858 2735 1104 2770 Constantinus
1126 2734 1288 2779 generale
1311 2735 1491 2769 concilium
1512 2735 1655 2779 indicit,
1684 2745 1754 2779 quo

308 2779 462 2826 quinque
482 2780 618 2827 priores
641 2779 880 2818 oecumenicae
899 2781 1026 2827 synodi
1047 2782 1290 2827 comprobatae
1312 2784 1349 2816 et
1365 2781 1455 2817 duae
1471 2780 1510 2817 in
1529 2780 1671 2817 Christo
1689 2780 1754 2816 do-
