1838 3210
545 180 882 226 DESCRIPTIO
917 182 961 225 S.
994 180 1247 227 SOPHIAE.
1535 181 1629 229 135

169 299 312 337 autem¹
321 291 537 330 sacrarium
557 290 715 343 ingredi
734 292 816 330 illis
836 291 987 340 liceret,
1018 289 1356 344 quemadmodum
1377 289 1628 330 subdiaconis

169 348 311 386 eadem
327 350 497 387 bematis
517 350 667 400 spatia3
708 362 800 385 cum
828 347 1059 386 subdiaconi
1087 355 1126 386 et
1144 349 1311 386 lectores
1328 350 1369 385 in
1385 348 1494 386 solea
1514 355 1627 385 extra

168 407 337 443 bematis
365 406 561 443 cancellos
589 405 870 454 consisterent,
909 412 954 442 ut
981 404 1094 443 docet
1119 404 1228 442 idem
1245 403 1628 443 Thessalonicensis.

168 468 286 513 atque
316 461 410 499 inde
440 462 639 512 colligitur
661 460 760 513 quid
789 467 935 499 statuat
959 474 1084 500 canon
1110 462 1163 502 21
1193 461 1336 512 synodi
1364 460 1627 509 Laodicenae,

168 516 264 556 dum
286 519 340 555 ait
358 531 439 556 uon
458 520 576 556 licere
595 517 847 555 subdiaconis
864 519 968 555 intra
988 518 1157 555 bematis
1177 518 1373 555 cancellos
1393 519 1626 556 consistere:

168 570 218 614 οὔ
244 575 307 614 δεῖ
324 573 524 627 ὑπηρέτας
543 570 679 626 χώραν
701 573 802 626 ἔχειν
822 572 866 614 ἐν
882 576 940 628 τῷ
957 574 1190 628 διακονικῷε
1222 573 1265 611 id
1285 576 1391 612 enim
1419 575 1512 612 solis
1541 573 1629 611 dia-

169 632 278 668 conis
299 631 457 668 licebat.
515 633 570 668 ita
602 644 717 683 porro
749 629 855 667 huuc
885 643 1079 669 canonem
1106 630 1343 682 capiendum
1367 643 1440 682 par
1459 638 1520 668 est
1541 644 1630 668 cre-

170 685 282 735 dere,
321 689 398 727 etsi
415 688 628 726 Balsamon
652 693 691 724 et
718 688 893 724 Zonaras
924 686 1171 725 diaconicum
1204 685 1253 724 de
1281 701 1445 724 munere
1474 686 1631 725 diaconi

167 744 417 795 interpretati
439 745 531 781 sint.
588 744 711 794 priori
733 756 828 781 sane
847 745 1065 781 sententiae
1090 744 1198 781 favet
1227 743 1399 781 Isidorus
1423 745 1630 792 Mercator,

168 801 239 851 qui
271 798 498 840 διακονικὸν
526 801 778 837 secretarium
808 801 947 837 vertit·
1000 801 1251 837 secretarium
1264 829 1283 845 ,
1323 802 1477 852 inquit,
1528 800 1637 852 quod

175 856 323 894 Graeci
342 856 594 893 diaconicum
612 862 773 902 voc-an&
805 868 907 907 quae
924 854 1093 894 totidem
1112 857 1242 894 verbis
1257 855 1482 894 habentur
1470 870 1512 893 m
1533 870 1632 894 con-

169 912 261 950 cilio
285 910 507 963 Agathensi
528 925 613 949 can.
635 914 703 953 66.
735 913 791 949 ita
813 918 857 948 ut
878 925 951 963 per
969 913 1222 949 secretarium
1250 912 1487 950 conchulam
1509 913 1632 950 intel-

169 942 348 1016 lexerit?
359 981 480 1020 quam
502 969 642 1005 Graeci
665 968 917 1005 diaconicum
934 977 1188 1020 nuncupant,
1221 981 1322 1020 quae
1348 982 1370 1006 a
1391 968 1568 1008 diaconis
1589 970 1633 1006 in

171 1037 218 1061 ea
238 1025 553 1062 ministrantibus
574 1038 721 1062 nomen
749 1026 940 1076 sumpsit,
986 1026 1045 1063 uti
1070 1025 1380 1063 observavimus.
1437 1039 1534 1062 nam
1561 1027 1634 1062 vix

171 1087 230 1118 est
250 1081 380 1118 simne
401 1094 495 1118 vero
517 1080 767 1118 diaconicum
781 1094 854 1131 pro
875 1080 1022 1118 exedra
1042 1089 1154 1119 extra
1174 1080 1315 1118 aedem
1336 1083 1390 1119 ita
1405 1089 1634 1132 nuncupata

170 1139 278 1174 sumi
301 1137 458 1186 debere,
490 1150 581 1174 cum
600 1144 638 1174 et
654 1139 696 1174 in
718 1151 764 1174 ea
787 1138 992 1189 quibusvis
1008 1139 1197 1175 ecclesiae
1213 1140 1405 1176 ministris
1422 1140 1636 1176 consistere

170 1194 232 1230 fas
252 1201 368 1241 esset,
397 1200 435 1230 et
459 1207 511 1231 ex
532 1207 578 1230 ea
599 1194 731 1230 clerici
755 1207 892 1231 omnes
915 1192 966 1230 ad
986 1195 1108 1231 altare
1127 1193 1398 1244 procederent.
1438 1196 1522 1231 iam
1541 1207 1635 1232 vero

173 1249 284 1301 quod
301 1251 347 1287 in
362 1251 530 1288 concilio
552 1251 776 1287 Arelatensi
800 1262 833 1286 11
862 1250 939 1287 sub
957 1250 1098 1287 Siricio
1121 1252 1187 1288 PP
1208 1263 1295 1287 can.
1318 1250 1368 1292 15
1395 1251 1558 1288 diaconi
1573 1263 1636 1287 se-

173 1307 263 1343 dere
289 1308 390 1343 inter
411 1305 658 1356 presbyteros
685 1308 728 1343 in
754 1308 961 1343 secretario
982 1313 1186 1354 vetantur,
1224 1306 1268 1343 id
1286 1305 1445 1344 videtur
1462 1308 1635 1358 intelligi

173 1369 242 1400 aut
265 1361 314 1399 de
338 1364 480 1400 maiori
501 1362 704 1400 diaconico
718 1392 728 1410 ‚
758 1364 967 1400 secretario
988 1364 1053 1400 vel
1075 1364 1259 1400 vestiario
1273 1393 1283 1411 ‚
1314 1364 1360 1399 iu
1377 1362 1485 1414 quod
1502 1377 1636 1400 sacer-

175 1418 288 1456 dotes
309 1419 374 1455 vel
395 1420 589 1456 antistites
608 1418 656 1455 de
677 1419 794 1456 rebus
820 1419 1094 1456 ecclesiasticis
1113 1418 1367 1456 deliberaturi
1384 1419 1635 1468 secedebant,

175 1482 215 1512 et
232 1482 277 1512 ut
294 1475 424 1512 verbis
444 1482 533 1512 utar
553 1475 720 1525 Sulpicii
738 1475 896 1523 Severi,
935 1488 1026 1512 cum
1043 1475 1109 1512 vel
1121 1475 1429 1513 salutationibus
1449 1483 1639 1513 vacantes

174 1531 241 1570 vel
269 1531 480 1569 audiendis
508 1530 841 1582 negotiationibus
869 1533 1055 1581 occupati
1090 1533 1133 1568 in
1169 1545 1216 1569 eo
1248 1531 1527 1580 considebantt,
1570 1533 1637 1570 vel

173 1589 305 1639 potius
323 1587 372 1624 de
393 1589 540 1625 minori
560 1586 775 1634 diaconico,
804 1586 848 1624 id
867 1594 926 1625 est
945 1586 1150 1636 conchula,
1180 1600 1304 1639 quam
1318 1586 1546 1629 διακονικὸν
1563 1602 1638 1626 vo-

175 1651 265 1682 cant
278 1645 431 1682 Graeci.
461 1646 504 1682 in
518 1642 594 1681 hoc
613 1645 719 1681 enim
733 1644 937 1681 diaconico
951 1643 1111 1695 quando
1124 1643 1348 1682 sacerdotes
1368 1657 1478 1683 sacra
1495 1645 1639 1682 facturi

156 1702 218 1749 ¹in
253 1714 298 1738 eo
331 1713 463 1739 sacras
490 1707 623 1738 vestes
647 1699 820 1737 induunt
843 1706 911 1737 aut
938 1701 1016 1737 alia
1042 1713 1144 1752 quae
1174 1699 1225 1737 ad
1252 1713 1405 1738 sacram
1434 1702 1640 1752 liturgiam

176 1764 357 1808 spectant
376 1763 671 1808 exsequuntur,
702 1769 792 1793 cum
812 1757 882 1804 iis,
913 1756 962 1793 ob
983 1758 1248 1794 reverentiam
1265 1769 1387 1809 quam
1402 1757 1639 1796 sacerdotali

178 1813 399 1850 characteri
417 1812 575 1859 debent,
606 1812 744 1849 sedere
759 1811 1033 1862 prohibentur.

289 1870 357 1909 69.
414 1867 479 1905 Ad
504 1875 714 1920 utrumque
739 1868 908 1905 bematis
938 1868 1043 1905 latus
1068 1874 1254 1919 quattuor
1273 1875 1476 1919 praeterea
1496 1882 1641 1907 exsur-

178 1932 278 1977 gunt
296 1926 398 1962 aliae
418 1923 612 1973 conchae,
653 1925 769 1961 binae
797 1925 948 1961 scilicet
977 1925 1020 1961 in
1049 1931 1217 1976 utroque
1246 1927 1351 1962 :muri
1378 1938 1449 1962 seu
1477 1927 1641 1976 parietis

175 1983 314 2031 latere,
345 1994 443 2033 quas
462 1994 598 2018 versus
621 1980 870 2018 occidentem·
889 1979 1078 2031 progredi
1099 1981 1154 2017 ait
1172 1980 1436 2019 Silentiarius.
1481 1988 1641 2019 susten-

177 2046 284 2076 tatur
310 2044 446 2075 autem
477 2038 640 2075 illarum
673 2049 937 2088 unaquaeque
975 2037 1079 2074 binis
1119 2037 1314 2074 columnis
1350 2036 1638 2090 porphyreticis
1661 2047 1691 2082 P
1715 2046 1784 2083 582

177 2097 400 2147 Aegyptiis,
431 2107 529 2147 quas
549 2096 750 2131 Romanas
766 2100 922 2142 vocant,
944 2099 982 2130 et
1000 2106 1023 2130 a
1042 2093 1209 2130 muliere
1236 2092 1370 2141 vidua,
1400 2095 1548 2131 Marcia
1565 2108 1642 2132 no-

178 2154 303 2199 mine,
316 2154 442 2189 Roma
453 2150 504 2188 ad
514 2152 778 2188 lastinianum
788 2151 1039 2187 transmissas
1050 2150 1204 2200 scripsit
1214 2148 1642 2189 Plutarchuseiusdem

179 2209 389 2246 Iustiniani
406 2209 767 2258 protosecretarius.
816 2219 870 2244 ex
889 2206 1033 2258 quibus
1050 2205 1214 2243 tandem
1233 2204 1422 2244 docemur
1440 2220 1542 2259 quae
1562 2209 1641 2245 sint

181 2271 369 2317 quattuor
391 2265 485 2301 illae
506 2261 679 2301 conchae
700 2261 811 2300 aedis
830 2261 1081 2314 Sophianae,
1122 2275 1291 2330 quarum
1307 2265 1492 2301 meminit
1519 2263 1640 2302 Codi-

181 2334 278 2359 nus:
307 2323 389 2360 τῶν
408 2318 452 2360 δὲ
474 2332 630 2360 πινσων
650 2318 929 2371 υψωθέντων,
970 2317 1040 2358 καὶ
1066 2334 1147 2358 των
1171 2315 1352 2377 μεγάλων
1377 2317 1521 2361 κιόνων
1547 2333 1641 2360 στα-

181 2377 353 2425 θέντων,
385 2375 544 2428 ἔμελλον
570 2372 659 2444 μετ’
690 2390 824 2415 αντων
855 2391 925 2415 και
949 2372 1046 2422 τούς
1070 2374 1290 2427 Ῥωμαίους
1313 2370 1453 2424 κίονας
1474 2378 1638 2428 στῆσαι·

182 2430 270 2474 αλλ’
289 2429 365 2474 ov'n
382 2433 568 2482 ἐποίουν,
610 2427 697 2472 αλλ’
718 2431 886 2483 ε’στησαν
906 2426 1053 2478 αὐτους
1073 2431 1129 2478 εἰς
1147 2430 1337 2483 τέσσαρας
1354 2428 1513 2485 κόγχας.
1571 2431 1643 2470 sed

184 2489 234 2528 de
254 2497 441 2544 quattuor
456 2491 544 2528 istis
565 2487 726 2527 conchis
748 2486 970 2526 audiendus
981 2487 1231 2525 silentiarius
1253 2494 1355 2538 part.
1380 2490 1401 2528 1
1422 2502 1461 2528 v.
1481 2490 1589 2532 239:

933 2540 1008 2584 δύο
1030 2540 1069 2584 δ’
1089 2543 1130 2592 ἐς
1147 2545 1288 2591 κίονας
1304 2540 1424 2592 αλλας

351 2597 497 2655 κόγχας
517 2597 780 2667 ἆμφοτὲρωθι
796 2597 1059 2654 προβάλλεται
1077 2599 1117 2648 ἐς
1138 2596 1299 2640 δυ’σιν”
1276 2614 1424 2665 ερπειν,

353 2655 497 2727 οἷινζπερ
517 2654 763 2699 ἐκτανυουσα
785 2654 1161 2727 περιγναμφθέντας
1179 2652 1398 2708 αγοστους,

355 2712 497 2756 λαόν”
474 2730 583 2761 οπως
599 2709 835 2766 πολύυμνον
855 2712 936 2761 ἑοῖς
957 2710 1194 2766 ἆγκὰσσεται
1214 2711 1354 2760 οἴκοις.

352 2766 510 2818 καὶτὰς
531 2768 604 2822 μὲν
623 2769 848 2822 χρυσέοισιν
855 2769 1119 2838 ἐλαφρίζουσι
1139 2764 1332 2834 καρήνοις

354 2825 503 2867 avantot
527 2825 816 2881 πορφυρέοισιν
840 2821 1145 2879 αποστίλβοντες
1166 2818 1314 2872 ἆωτοις
