1838 3210
504 194 840 241 assemano
873 198 918 241 s,
953 197 1203 243 soPfflAE.
1338 256 1340 261 ¹
1512 202 1574 247 83

126 309 238 355 ptem
276 303 388 342 milia
425 303 617 343 librarum
656 305 894 359 pependisse
928 315 967 346 et
998 309 1047 347 ab
1079 308 1249 349 Arcadio
1284 309 1367 350 filio
1406 318 1576 350 erectam

155 359 272 398 rodit.

124 373 152 412 P
239 414 306 458 24.
363 417 548 454 Excitata
573 418 694 469 igitur
721 419 818 458 aede
845 419 1045 473 Sophiana
1071 421 1277 476 dirutaque
1295 422 1576 462 Theodosiana

127 478 277 521 statua,
307 473 396 510 loco
414 474 539 524 ipsius
557 487 671 512 suam
693 484 917 528 equestrem
938 479 1128 528 imposuit
1150 481 1411 529 lastinianus,
1442 495 1495 518 ex
1512 488 1575 519 te-

127 529 233 579 gulis
262 531 386 567 aereis
414 532 603 569 inauratis
625 533 849 571 combustae
873 532 1038 572 chalces
1063 536 1290 584 conflatam,
1321 549 1423 575 anno
1442 539 1575 589 impe-

127 586 177 622 rii
200 587 266 626 17.
323 585 611 638 Theophanes:
639 591 696 644 τῷ
723 586 831 646 αὐτῷ
863 589 937 630 ἔτει
961 588 1175 644 ἐπληρώθη
1198 591 1221 633 ὁ
1241 595 1411 644 χαλκοῦς
1431 594 1530 634 κίων
1552 593 1577 634 ὁ

127 640 248 693 μέγας
278 643 447 694 πλησίον
471 646 545 684 τοῦ
571 645 786 694 παλατίου,
817 644 839 687 ὅ
857 643 1067 700 λεγόμενος
1086 644 1358 701 Αὕγουστεύς,
1387 649 1455 689 καὶ
1475 646 1577 702 οἷνη-

126 696 254 749 νέχθη
282 696 312 749 η’
341 695 463 750 στήλη
489 703 562 740 τοῦ
587 701 777 752 βασιλέως
801 698 1082 744 Ἰουστινιανοῦ
1106 704 1293 754 ἔφιππος.
1349 706 1425 743 fuit
1444 713 1578 744 autem

125 756 253 806 χαλκῆ
277 756 518 792 vestibulum
540 759 677 807 magui
700 759 838 808 palatii
866 772 911 796 ac
935 761 1172 810 triclinium,
1200 775 1272 813 per
1289 761 1396 814 quod
1413 764 1456 799 in
1476 761 1580 809 illud

126 810 277 859 ibatur,
306 813 363 849 sic
392 812 655 862 appellatum,
687 813 794 866 quod
821 816 945 853 aereis
968 817 1113 867 tegulis
1133 825 1282 855 tectum
1303 825 1418 856 esset.
1475 818 1580 856 illud

125 869 357 904 Anastasius
389 869 624 918 imperator,
666 869 854 908 Aetherio
888 870 1099 910 architecto
1132 875 1372 924 peritissimo
1399 888 1515 924 usus,
1555 888 1579 912 a

125 921 395 961 fundamentis
415 926 656 963 excitaverat
681 932 719 963 et
741 928 782 963 in
803 926 1078 965 admirandam
1099 929 1349 967 altitudinem
1371 929 1578 979 eduxerat,

125 985 170 1016 ut
188 978 302 1017 docet
321 981 576 1031 epigramma,
606 981 712 1034 quod
731 982 899 1021 habetur
915 986 956 1021 in
974 983 1218 1037 Anthologia
1235 987 1302 1023 Gr.
1323 985 1350 1027 4
1377 988 1446 1027 23.
1504 1000 1582 1025 no-

124 1037 243 1073 minis
272 1038 465 1074 rationem
498 1037 627 1076 firmat
654 1038 875 1089 Cedrenus,
905 1042 1078 1079 scribens
1103 1044 1160 1080 ita
1185 1043 1429 1094 appellatum
1449 1041 1516 1083 ὅιᾶ
1535 1040 1583 1084 ω’

125 1092 169 1133 ἐκ
193 1095 348 1143 ’χαλκῶν
369 1091 554 1145 κεράμων
570 1096 880 1148 κεχρυσωμένων
899 1096 1148 1149 ἐστεγάσθαι.
1206 1112 1297 1136 cum
1319 1112 1437 1151 porro
1455 1101 1497 1136 in
1515 1113 1582 1137 se-

126 1147 275 1186 ditione
289 1150 614 1199 Victoriatorum,
643 1159 689 1189 ut
713 1160 771 1190 est
789 1154 831 1190 in
851 1152 942 1191 Chr.
960 1154 1253 1203 Alexandrino,
1286 1156 1580 1206 conflagrasset,

123 1204 228 1243 illud
247 1219 400 1244 rursum
416 1207 648 1245 instauravit
665 1215 704 1246 et
720 1210 761 1246 in
778 1211 952 1261 priorem
969 1211 1220 1249 altitudinem
1241 1210 1380 1250 eduxit
1394 1214 1583 1249 Iustinia-

123 1274 200 1299 nus
215 1291 225 1310 ,
256 1262 594 1314 quemadmodum
614 1265 733 1302 refert
751 1268 987 1318 Procopius,
1019 1280 1042 1305 a
1063 1281 1142 1321 quo
1160 1281 1312 1306 novum
1329 1267 1437 1306 istud
1456 1269 1584 1306 tricli-

124 1320 237 1356 nium
266 1318 497 1358 describitur
526 1319 576 1358 de
603 1320 736 1359 Aedif.
770 1325 789 1363 1
826 1324 891 1364 10.
964 1331 1135 1362 statuam
1162 1338 1255 1363 vero
1284 1326 1583 1373 Iusfinianeam,

125 1387 228 1426 quae
255 1377 475 1413 immensae
502 1378 620 1415 molis
642 1385 681 1415 et
701 1378 921 1418 altitudinis
951 1382 1125 1429 exstitit,
1157 1379 1384 1419 describunt
1403 1381 1586 1432 pluribus

123 1430 235 1469 idem
257 1433 474 1483 Procopius
497 1435 518 1472 1
549 1436 596 1481 2,
627 1440 666 1471 et
695 1448 747 1471 ex
776 1448 822 1472 eo
849 1434 1115 1487 Pachymeres
1144 1438 1187 1474 in
1217 1435 1406 1491 ἐκφράσει
1421 1433 1586 1488 Αὔγου-

124 1490 329 1536 σταιῶνος,
360 1501 482 1540 quam
501 1490 583 1539 legi
602 1491 644 1526 in
662 1503 724 1528 ms
744 1490 1008 1530 bibliothecae
1028 1494 1190 1544 Regiae,
1219 1492 1463 1546 Nicephorus
1483 1495 1586 1531 Gre-

123 1556 241 1594 goras
259 1545 288 1580 l.
306 1546 356 1592 7,
387 1546 456 1597 qui
475 1546 584 1582 illius
607 1545 874 1584 dimensiones
897 1550 1098 1597 exaravit,
1127 1548 1373 1600 Nicephorus
1396 1550 1584 1588 Callistus

122 1601 165 1637 in
192 1601 396 1651 prooemio
418 1602 518 1639 Hist.
539 1615 579 1652 p.
605 1603 679 1649 16,
710 1604 877 1640 Ioannes
897 1605 1063 1642 Tzetzes
1087 1603 1191 1642 chil.
1212 1608 1237 1646 8
1266 1619 1306 1643 n.
1327 1604 1428 1653 184,
1460 1605 1584 1644 Codi-

121 1669 218 1704 nus,
249 1657 472 1694 Gulielmus
505 1656 554 1695 de
583 1657 825 1696 Baldenzeel
848 1661 889 1696 in
912 1659 1187 1713 Hodoeporico
1208 1675 1248 1713 p.
1273 1663 1375 1708 103,
1405 1661 1584 1699 Bondel-

121 1714 296 1750 montius
323 1714 366 1750 in
393 1712 576 1765 descript.
605 1715 690 1763 ΟΡ,
723 1722 762 1752 et
790 1716 945 1765 Gyllius
972 1719 998 1758 2
1030 1719 1095 1758 17.
1154 1731 1207 1755 ex
1234 1716 1445 1769 praedictis
1467 1732 1584 1769 porro

122 1769 377 1820 scriptoribus
399 1770 558 1809 Graecis
578 1770 706 1822 liquet
726 1778 877 1809 statuae
899 1774 999 1823 ipsi,
1028 1773 1193 1824 perinde
1215 1786 1261 1813 ac
1280 1774 1386 1822 foro,
1416 1772 1584 1828 Αὔγου-

122 1827 317 1873 σταιῶνος
341 1838 488 1862 nomen
511 1825 686 1863 inditum
707 1827 844 1864 fuisse.

236 1881 304 1922 25.
363 1882 444 1919 Tot
464 1882 585 1932 igitur
603 1883 807 1932 praeclara
824 1883 1019 1922 vestibula
1042 1890 1080 1922 et
1100 1885 1219 1933 atria,
1249 1891 1308 1923 tot
1341 1885 1517 1937 insignes
1537 1900 1583 1924 ac
1605 1897 1635 1932 Ρ
1659 1898 1728 1934 542

120 1949 365 1975 marmoreae
393 1939 567 1988 porticus
597 1937 687 1976 aedi
717 1941 795 1991 ipsi
824 1941 970 1990 partim
1000 1940 1252 1979 obversantes
1273 1944 1418 1993 partim
1439 1942 1586 1982 adiun—

121 2000 230 2043 ctae,
260 1995 354 2031 satis
382 1992 583 2031 declarant
609 2002 803 2046 quantum
825 1995 943 2034 aedes
967 1997 1054 2048 ipsa
1071 1999 1179 2039 intus
1200 2000 1399 2036 contineat
1419 2000 1584 2050 elegan-

121 2052 200 2087 tiae
233 2063 279 2087 ac
308 2049 481 2098 decoris,
514 2057 552 2088 et
582 2057 630 2091 *ut
659 2052 790 2089 verbis
821 2059 910 2089 utar
940 2054 1125 2105 Procopii
1149 2053 1198 2091 de
1221 2056 1582 2106 Hierosolymitano

122 2104 306 2158 deiparae
324 2107 474 2158 templo
495 2106 699 2145 scribentis
712 2137 723 2156 ,
754 2105 953 2159 μηνύουσι
975 2113 1059 2156 τοῖς
1080 2109 1155 2149 ἔσω
1176 2110 1309 2150 ἰοῦσιν
1333 2109 1459 2166 ὁποίῳ
1480 2109 1583 2152 θεά-

121 2178 216 2215 ματι
242 2162 418 2214 ἐντυχεῖν
446 2161 648 2214 μέλλουσι,
690 2171 734 2201 ut
767 2177 859 2202 vero
892 2165 1057 2202 Eusebii
1089 2165 1138 2203 de
1167 2167 1249 2203 vita
1281 2167 1415 2204 Const.
1452 2171 1477 2209 3
1514 2171 1583 2217 38,

121 2222 206 2266 τοῖς
237 2215 311 2270 τήν
342 2215 454 2266 ἐκτός
482 2221 651 2271 πορείαν
672 2220 931 2271 ποιουμένοις
953 2219 1274 2273 καταπληκτικήν
1297 2227 1487 2275 παρεῖχον
1507 2221 1584 2275 τὴν

121 2276 203 2314 τῶν
238 2274 357 2315 ἔνδον
388 2273 596 2328 ὁρωμένην
627 2275 754 2326 θέαν,
784 2277 927 2328 quibus
951 2277 1149 2329 quaedam
1177 2286 1440 2317 consentanea
1462 2278 1584 2318 habet

122 2332 226 2368 Hist.
250 2332 302 2372 10
330 2329 370 2371 4.
429 2344 519 2368 cum
547 2345 639 2383 ergo
666 2346 784 2370 nemo
808 2335 880 2381 sit,
913 2336 976 2370 cui
994 2333 1057 2372 his
1077 2337 1294 2386 perspectis
1312 2342 1379 2373 aut
1397 2337 1582 2387 perlectis

122 2388 256 2424 nescio
286 2385 394 2438 quod
419 2389 550 2426 animo
580 2401 663 2426 non
693 2390 893 2427 oboriatur
913 2396 997 2427 tam
1020 2390 1169 2441 grande
1198 2393 1434 2429 miraculum
1458 2394 1582 2431 oculis

123 2442 341 2494 usurpandi
368 2442 632 2492 desiderium,
660 2451 747 2482 tum
774 2453 817 2483 ut
846 2444 965 2484 huius
990 2447 1092 2484 liber
1114 2454 1247 2498 pateat
1267 2447 1416 2495 aditus,
1445 2456 1583 2500 portae

125 2498 233 2537 aedis
265 2498 500 2550 aperiendae
527 2508 632 2538 sunt.
688 2502 822 2552 plures
855 2509 988 2539 autem
1015 2510 1192 2554 prostant
1217 2506 1457 2552 etiamnum,
1487 2506 1582 2555 plu—

124 2568 266 2606 resque
294 2558 481 2594 exstitere
512 2557 631 2606 olim,
660 2559 702 2595 iu
733 2565 918 2610 quattuor
943 2560 1084 2610 templi
1110 2560 1321 2609 lateribus,
1355 2563 1389 2598 si
1415 2563 1580 2612 quibus—

125 2610 220 2648 dam
250 2614 459 2651 neotericis
487 2612 599 2651 fides.
658 2615 706 2651 ab
740 2613 942 2651 occidente
973 2617 1100 2664 enim,
1130 2629 1208 2668 qua
1227 2618 1428 2654 maximus
1451 2616 1579 2654 aditus

123 2668 232 2705 illius
254 2674 333 2715 est,
363 2682 508 2706 novem
532 2671 654 2720 portis
677 2670 780 2707 illud
803 2672 944 2719 initur,
978 2678 1021 2709 ut
1044 2679 1178 2710 auctor
1199 2680 1258 2710 est
1278 2674 1446 2725 Gyllius.
1506 2672 1581 2709 ha-

124 2737 214 2760 rum
243 2736 455 2762 numerum
484 2739 566 2763 non
599 2728 795 2778 expressit
825 2727 1096 2765 Silentiarius:
1126 2727 1199 2766 sed
1215 2742 1305 2766 cum
1323 2728 1490 2766 dixisset
1510 2742 1580 2765 ve-

124 2780 315 2818 stibulum
354 2792 424 2817 seu
460 2784 655 2831 porticum
686 2782 971 2821 occidentalem
1006 2782 1152 2821 habere
1179 2792 1331 2836 septem
1365 2791 1516 2836 portas,
1559 2798 1581 2820 e

124 2837 270 2887 quibus
299 2848 378 2873 una
406 2835 458 2873 ad
483 2837 691 2875 meridiem
721 2840 842 2877 altera
866 2838 917 2876 ad
934 2836 1249 2891 'septentrionem
1270 2847 1440 2891 prostat,
1470 2837 1580 2876 addit
