1890 3224
565 197 825 242 PERSICAE
858 194 1129 239 ACROASIN
1162 193 1237 237 111.
1528 190 1622 236 115

169 311 270 363 ἔφη·
313 305 349 350 ὦ
369 310 555 363 βασιλεῦ’,
588 305 844 361 μελαμβαφὲς
869 305 1033 347 πέδιλον
1057 305 1202 353 εἱλίξας
1224 299 1334 344 πόδα
1354 299 1509 355 βάψαις
1531 300 1624 354 ἔρυ-

168 365 277 420 θρόν
298 369 510 419 Περσικῶν
530 365 570 414 ἐξ
589 361 781 417 αἱμάτων.
825 363 896 402 sed
910 364 1025 415 plura
1049 361 1098 399 de
1117 361 1193 400 hoc
1210 360 1434 398 testimonio
1454 357 1623 397 cedreni

169 424 346 462 diximus
367 426 410 460 in
426 422 684 474 praefatione.
713 419 1014 473 μελαμπέδιλον,
1041 421 1161 471 nigra
1180 417 1447 456 calceamenta
1467 414 1517 453 ad
1534 415 1623 452 bel-

169 482 266 530 lum,
296 487 341 518 ut
361 478 530 528 videtur,
559 479 652 515 tulit
674 478 893 526 Heraclius,
922 484 967 514 ut
990 478 1052 514 sui
1071 483 1194 514 status
1218 473 1487 512 humilitatem
1505 474 1625 509 etiam

169 544 309 576 ornatu
328 538 499 588 corporis
519 536 711 573 vilissimo
730 541 915 571 testatam
931 534 1099 581 faceret,
1131 539 1169 570 et
1189 531 1295 569 color
1313 532 1399 582 ipse
1419 530 1535 567 rebus
1549 530 1625 565 tri-

170 595 295 632 stibus
315 600 418 631 esset
438 593 701 639 conveniens3
743 590 852 643 quod
879 589 1043 643 quidem
1070 588 1210 627 Pisida
1242 590 1337 626 satis
1366 587 1556 638 explanat
1582 586 1626 622 in

170 651 323 690 duobus
341 649 598 702 sequentibus
618 648 838 687 versiculis.
896 654 1071 684 ceterum
1091 648 1347 697 imperatores
1361 646 1404 681 iu
1423 656 1533 680 more
1551 641 1626 679 ha—

167 708 314 745 bebant
331 719 509 758 pupurea
526 704 668 746 πέδιλα
686 712 853 755 gestare,
884 717 986 756 quae
1006 701 1244 740 cothurnum
1265 701 1513 748 referebant3
1557 712 1626 736 ea—

167 778 244 816 que
269 765 421 815 passim
448 776 470 800 a
496 762 751 814 scriptoribus
781 761 906 798 calcei
943 759 1160 805 sandalia,
1208 772 1343 796 ocreae
1377 764 1416 794 et
1447 756 1628 806 crepidae

167 827 370 858 vocantur.
401 826 505 857 recte
526 832 574 856 ea
592 818 799 869 descripsit
816 819 1032 868 Procopius
1052 817 1100 854 de
1120 816 1244 868 aedq'f.
1270 815 1486 853 Iustiniana
1505 812 1575 849 lib.
1599 815 1627 854 3

161 891 208 928 Ρ.
235 877 313 918 53:
343 871 584 926 ὑποδήματα
604 873 717 927 μέχρι
737 875 794 922 εἰς
811 871 935 928 γόνου
956 875 1147 924 φοινικοῦ
1165 868 1393 924 χρώματος,
1432 867 1459 910 ἃ
1484 867 1534 922 δή
1557 870 1628 921 βα-

167 931 276 973 σιλέα
303 928 428 984 μόνον
455 931 667 983 Ῥωμαίων
701 945 743 970 τε
776 930 844 970 καὶ
875 932 1047 982 Περσῶν
1079 928 1323 969 ὑποδεῖσθαι
1348 926 1476 980 θέμις.
1534 924 1627 963 vide

164 988 362 1026 Codinum
388 988 436 1025 de
463 988 578 1039 Offle.
606 987 717 1038 Cpol.
738 1001 786 1037 p.
809 989 862 1030 62
886 995 925 1025 et
942 987 1048 1024 Goar
1070 987 1114 1023 in
1133 993 1214 1023 not.
1233 999 1279 1037 p.
1302 986 1376 1033 70,
1409 991 1448 1021 et
1466 984 1626 1021 Gretse-

161 1059 251 1084 rum
267 1045 366 1083 ibid.
382 1059 428 1096 Ρ.
449 1047 548 1086 269.

278 1114 374 1152 122.
430 1112 563 1147 ποιῶν
584 1107 783 1159 ἐρυθρόν,
818 1123 921 1158 quae
949 1124 1078 1157 nuper
1107 1109 1284 1144 dixzmus
1308 1108 1530 1144 confirmat:
1571 1109 1626 1144 ait

165 1170 274 1207 enim
290 1165 522 1203 Heraclium
540 1164 699 1200 Persico
723 1164 916 1214 sanguine
940 1163 1044 1200 velle
1070 1175 1163 1200 suos
1194 1163 1346 1200 calceos
1372 1164 1552 1212 inficere,
1580 1170 1626 1201 ut

165 1226 278 1264 rubei
293 1223 389 1260 fiant
405 1251 416 1270 ,
447 1221 517 1272 qui
537 1226 620 1256 erat
644 1220 752 1256 color
767 1219 1072 1270 imperatoribus
1092 1220 1272 1256 usitatus.
1330 1220 1386 1256 ita
1409 1234 1503 1257 sane
1524 1222 1625 1258 Gre-

166 1294 282 1333 goras
308 1277 380 1316 lib.
410 1280 436 1319 3
463 1283 502 1314 et
523 1277 717 1327 Georgius
739 1277 970 1327 Aeropolita
995 1276 1038 1312 in
1057 1273 1251 1313 Chronico
1279 1273 1380 1312 haec
1407 1278 1625 1327 imperato-

167 1351 254 1375 rum
271 1336 538 1374 calceamenta
557 1331 711 1385 ἐρυθροὶ
729 1333 944 1384 appellant.

281 1404 375 1444 131.
434 1415 485 1438 en
502 1401 645 1439 clarius
670 1401 944 1438 testimonium
962 1398 1121 1439 Pisidae
1143 1401 1352 1439 asserentis
1375 1413 1417 1438 se
1436 1402 1478 1437 in
1497 1401 1627 1452 primo

163 1461 308 1499 bellico
322 1458 481 1496 Persico
501 1456 699 1496 adstitisse
714 1457 914 1495 Heraclio.

278 1524 374 1568 134.
430 1521 563 1579 χάριν]
581 1526 636 1562 ita
655 1523 804 1562 codex:
826 1531 865 1561 et
881 1537 962 1562 non
978 1523 1114 1563 dubito
1136 1523 1409 1577 reponendum
1428 1520 1570 1578 χαράν.

276 1596 372 1635 136.
430 1587 585 1645 δάκρυα
615 1590 748 1632 ἄλυπα
776 1592 968 1630 lacrimae
997 1594 1097 1630 citra
1124 1594 1255 1630 animi
1279 1592 1500 1630 molestiam
1517 1598 1556 1629 et
1573 1605 1627 1629 ex

163 1653 247 1692 sola
271 1650 612 1689 commiseratione
630 1649 806 1686 obortae.

279 1717 374 1759 141.
430 1715 662 1754 Aristoteles
683 1715 805 1752 Rhet.
830 1717 853 1755 1
885 1717 962 1756 37:
993 1712 1040 1755 το“
1060 1714 1311 1767 εἰθισμένον,
1340 1712 1472 1769 ὥσπερ
1499 1730 1625 1766 πεφυ-

162 1775 234 1824 κός
252 1777 419 1870 γίνετέαι·
448 1768 589 1824 ’ὅμοιον
607 1768 684 1825 γάρ
704 1768 750 1812 to*
773 1771 869 1819 ἔθος
886 1774 937 1825 τῇ
956 1767 1100 1822 φύσει·
1131 1769 1248 1825 ἐγγύς
1265 1769 1342 1826 yde
1364 1769 1409 1813 τὸ
1433 1768 1627 1820 πολλάκις

162 1836 236 1875 τοῦ
255 1830 335 1872 αἰεί
374 1841 447 1870 στι.

278 1884 372 1928 144.
428 1882 702 1936 Theophanes
714 1898 762 1935 Ρ.
783 1882 891 1925 255:
914 1881 1075 1936 Πέρσης
1093 1882 1137 1923 δέ
1155 1899 1215 1932 τις
1233 1880 1310 1936 πρὸ
1326 1878 1464 1937 σ’λίγου
1479 1880 1624 1938 χρόνου

163 1941 352 2000 πρόσφυξ
369 1937 582 1996 γενόμενος
600 1940 644 1981 ἐν
662 1943 716 1995 τῷ
733 1942 883 1994 στρατῷ
901 1943 976 1980 τοῦ
995 1940 1187 1992 βασιλέως
1208 1939 1376 1992 ἐγένετο.

278 1998 373 2041 147.
433 2012 502 2036 cur
518 2000 561 2035 in
581 1997 747 2049 perfidia
763 1995 889 2034 fidum
905 1997 1153 2048 transfugam
1171 1999 1336 2035 Persam
1354 1995 1471 2046 dicat,
1501 1996 1623 2034 intel-

162 2059 299 2110 ligitur
317 2069 370 2093 ex
391 2069 431 2093 ν.
456 2056 536 2096 173
555 2061 594 2092 et
612 2068 719 2106 seqq.
1473 2062 1475 2065 ⁴

167 2112 172 2121 “
277 2111 372 2154 154.
429 2113 551 2149 Persa
583 2112 654 2163 qui
678 2109 731 2148 ad
748 2112 947 2149 Romanos
971 2108 1192 2157 defecerat,
1235 2123 1397 2162 sperans
1419 2123 1512 2148 suos
1533 2117 1624 2162 post

164 2177 316 2209 tantam
335 2167 558 2207 socordiam
578 2175 617 2205 et
636 2169 839 2219 ignaviam
856 2163 939 2205 iam
955 2168 1111 2205 fortiter
1130 2174 1264 2204 contra
1280 2169 1479 2205 Romanos
1502 2165 1624 2204 dimi-
1643 2159 1645 2162 ¹

166 2234 319 2265 caturos
332 2254 342 2273 ‚
371 2226 414 2262 in
432 2237 503 2262 sua
525 2231 650 2262 castra
665 2225 812 2275 refugit
833 2225 1041 2276 ῥίψασπις,
1072 2224 1195 2274 clzpeo
1211 2223 1380 2271 abiecto;
1410 2223 1518 2276 quod
1540 2230 1625 2261 erat

162 2284 450 2335 turpissimum.
507 2279 602 2318 hinc
621 2288 726 2319 recte
745 2280 890 2319 Suidas
910 2283 986 2319 ait:
1016 2281 1216 2332 ῥίψασπις
1233 2287 1292 2318 est
1313 2276 1335 2321 ὃ
1351 2277 1493 2330 δειλός,
1522 2293 1625 2334 qua-

163 2341 214 2378 lis
238 2340 315 2377 fuit
338 2338 601 2389 Cleonymus,
632 2339 700 2390 qui
721 2337 829 2391 quod
845 2339 889 2375 in
912 2350 1047 2389 pugna
1069 2337 1243 2389 clipeum
1260 2338 1486 2385 abiecisset,
1530 2350 1626 2388 pro-

163 2397 298 2435 verbio
318 2393 428 2433 dedit
449 2395 719 2443 occasionem,
760 2402 806 2432 ut
831 2396 999 2447 quilibet
1023 2395 1114 2432 vilis
1137 2390 1384 2446 Κλεωνύμου
1406 2389 1627 2448 δειλότερος

166 2451 375 2491 diceretur.
431 2449 524 2488 vide
543 2449 711 2489 Suidam
730 2451 774 2487 in
795 2464 835 2489 v.
856 2448 1112 2502 Κλεώνυμος.

280 2510 375 2552 156.
432 2520 572 2545 sensus
599 2514 672 2545 est.
729 2508 972 2558 recogitans,
1012 2513 1161 2559 quanta
1190 2507 1331 2544 fuisset
1356 2502 1625 2545 Romanorum

167 2566 298 2604 vilitas
316 2572 355 2602 et
371 2563 563 2613 socordia,
592 2564 766 2615 speravit
783 2565 954 2602 victuros
970 2566 1126 2602 Persas.

282 2621 375 2662 157.
432 2619 704 2672 Theophanes
731 2619 830 2658 ibid.
867 2615 983 2668 οὗτος
1007 2615 1188 2671 ἅποδρᾶς
1215 2615 1314 2671 πρὸς
1339 2615 1437 2667 τούς
1464 2616 1624 2672 Πέρσας

168 2673 354 2729 ἀπῆλθεν
370 2676 536 2724 ἐλπίζων
553 2673 701 2725 αὐτούς
718 2675 794 2730 τήν
808 2675 1019 2727 *Ῥωμαίων
1041 2675 1245 2729 στρατείαν
1263 2670 1405 2715 ὀλέσαι.

282 2731 378 2774 165.
432 2732 541 2770 idem
549 2747 597 2783 p.
623 2734 728 2776 256:
759 2730 860 2773 ἰδών
885 2730 930 2773 δὲ
959 2728 1094 2773 αὐτῶν
1121 2729 1194 2783 τὴν
1214 2730 1364 2771 δειλίαν
1387 2726 1484 2783 μετα
1502 2724 1622 2769 δεκά-

165 2804 241 2841 την
257 2787 410 2840 ἦμέραν
426 2786 526 2841 πρὸς
542 2787 609 2830 τᾶν
628 2788 791 2842 βασιλέα
815 2785 1007 2841 οἷνῆλκθεν.
1065 2787 1117 2826 ad
1133 2800 1273 2826 vocem
1291 2783 1460 2839 δεκάτην
1479 2785 1620 2836 supple

167 2859 219 2884 ex
235 2843 370 2883 Pisida
387 2843 456 2885 καὶ
473 2841 674 2898 τετάρτην.
720 2845 812 2884 vide
832 2858 951 2897 supra
967 2859 1008 2885 v.
1032 2845 1126 2887 150-
