1890 3224
534 674 772 730 Τοῑ
838 674 1268 745 ΑΥΤΟΥ

171 801 269 841 ΕΙΣ
301 801 433 843 ΤΗΝ
460 801 501 841 Γ
497 803 840 844 ΕΝΟΜΕΝῊΝ
867 804 1120 846 ΕΦΟΛΟΝ
1146 804 1274 846 ΤΩΝ
1299 806 1625 848 ΒΑΡΒΑΡΩΝ

170 879 286 920 ΚΑΙ
311 881 410 920 ΕΙΣ
438 882 570 922 ΤΗΝ
590 881 806 922 ΑΥΤΩΝ
830 884 1162 933 ΑΣΤΟΧῙΛΝ,
1191 885 1348 924 ΗΤΟΙ
1370 886 1625 938 ΕΚΘΕΣΙΣ

172 959 296 999 ΤΟΥ
316 959 357 998 Γ
352 960 606 1000 ΕΝΟΜΕΝ
608 961 685 1000 OY
706 960 1018 1002 HOAEMOY
1033 963 1132 1002 ΕΙΣ
1153 964 1233 1003 ΤΟ
1259 965 1482 1006 ΤΕΙΧΟΣ
1502 969 1626 1008 ΤΗΣ

248 1036 978 1081 ΚΩΝΣΤΑΝΤΙΝΟΥΠΟΛΕΩΣ
1007 1039 1229 1088 ΙΠΕΤΑΞ
1233 1046 1270 1083 Υ
1298 1045 1551 1087 ΛΒΑΡΩΝ

598 1117 714 1159 ΚΑΙ
744 1117 874 1160 ΤΩΝ
900 1120 952 1160 Π
953 1120 1063 1161 ΟΛΙ
1064 1119 1200 1163 ΤΩΝ.

401 1345 522 1415 Ἐῦν
547 1371 768 1430 ζωγράφων
792 1391 853 1425 τις
878 1377 913 1417 εἰ
935 1376 1046 1418 θέλει
1071 1376 1122 1418 τὰ
1147 1381 1219 1430 τῆς
1242 1375 1376 1434 μάχης

387 1440 562 1498 τρόπαια
589 1443 739 1493 betgue,
774 1443 847 1502 τὴν
871 1449 1063 1486 τεκοῦσαν
1085 1443 1274 1501 ἇσπόρως

389 1508 516 1564 μόνην
542 1508 753 1566 προτάξοι,
783 1512 848 1552 καὶ
874 1510 1019 1568 γράφει
1046 1512 1118 1566 τὴν
1139 1512 1283 1556 εἰκόνα.
1344 1560 1346 1562 ,

392 1578 452 1618 ἀεὶ
478 1577 555 1633 γὰρ
582 1576 661 1618 offis.
686 1577 757 1632 τὴν
782 1576 904 1634 φύσιν
925 1584 1038 1621 νικᾶν
1058 1578 1175 1634 μόνη,

333 1648 359 1688 5
393 1643 497 1702 τόκῳ
518 1644 563 1687 τὸ
582 1649 741 1700 πρῶτον
762 1647 829 1687 καὶ
846 1645 959 1703 μάχῃ
977 1648 1021 1689 τὸ
1045 1646 1252 1704 δεύτερον·

393 1712 472 1754 ἴδει
495 1713 570 1767 γὰρ
594 1711 718 1766 αὐτήν
731 1745 744 1764 ,
778 1713 910 1770 ὥσπερ
937 1715 1125 1772 ἄσπόρως
1143 1715 1246 1767 τότε,

394 1779 520 1829 οὕτως
539 1779 699 1829 ‘'aL-amq
719 1784 789 1822 νῦν
809 1788 932 1824 τεκεῖν
954 1785 1168 1838 σωτηρίαν,

394 1846 502 1896 ὅπως
526 1847 581 1888 δι’
607 1847 759 1903 ἄμᾳοῖν
781 1846 930 1905 εὗρεθῇ
951 1852 1015 1891 καὶ
1042 1851 1245 1905 παρθένος

393 1916 460 1956 καὶ
483 1914 584 1970 πρὸς
605 1913 740 1968 μάχην
763 1915 957 1972 ἄτρεπτος
982 1915 1036 1967 ὡς
1057 1918 1156 1972 πρὸς
1177 1917 1246 1958 τὸν
1267 1916 1396 1959 τόκον.

310 1985 363 2025 10
397 1982 473 2037 ἐγὼ
499 1983 542 2024 δὲ
566 1982 735 2038 μικροὺς
759 1984 839 2026 τῶν
866 1983 1050 2039 ἀγώνων,
1086 1983 1141 2035 ὡς
1166 1983 1281 2042 ῥόδα,

267 2085 478 2133 insen-iicon
501 2085 667 2134 ἔκθεσις]
692 2087 835 2130 ἕκθεσις
858 2086 977 2125 ἕνεκεν
1000 2090 1043 2134 Ρ,
1067 2091 1124 2137 qui
1147 2092 1182 2126 in
1203 2092 1354 2137 margine
1377 2087 1504 2132 ἄλλως.

564 2222 1252 2281 EIUSDEM

179 2324 249 2361 DE
279 2323 554 2362 INVASIONE
578 2326 753 2363 FACTA
777 2322 814 2362 A
838 2327 1096 2364 BARBARIS
1124 2328 1192 2365 Ac
1219 2329 1291 2365 DE
1320 2327 1636 2366 FRUSTRATO

180 2392 355 2430 EORUN
370 2391 624 2439 CONSILIO3
646 2393 761 2431 SIVE
781 2394 1060 2432 EXPOSITIO
1076 2395 1245 2443 BELLI,
1267 2396 1402 2441 QUOD
1421 2397 1637 2435 GESTUM

347 2458 451 2496 EST
479 2460 550 2496 AD
580 2460 781 2498 ΜΟΕΝΙΑ
816 2461 1045 2499 CPOLEOS
1073 2463 1236 2500 INTER
1264 2463 1470 2501 AVARES

776 2528 850 2566 ET
879 2529 1041 2566 CIVES.

182 2587 325 2654 Pictor
347 2621 378 2655 si
403 2621 478 2666 quis
492 2622 577 2656 velit
591 2623 671 2656 belli
670 2626 828 2676 ‘tropaea
842 2634 967 2668 ponere
982 2624 1027 2658 ob
1043 2626 1179 2666 oculos,
1202 2624 1365 2668 virginem
1380 2627 1520 2659 matrem
1534 2626 1637 2659 solam

185 2669 312 2708 ponat,
337 2666 407 2699 eius
423 2667 566 2711 pingens
580 2668 776 2712 imaginem·
813 2681 888 2702 nam
903 2669 975 2714 ipsa
990 2671 1063 2704 sola
1077 2670 1172 2703 novit
1187 2681 1319 2715 semper
1333 2670 1468 2705 vincere
1492 2671 1551 2714 (5)
1577 2682 1636 2703 ι-ια

186 2716 294 2742 turam
311 2715 411 2764 partu
426 2712 566 2756 primum
581 2719 616 2747 et
630 2713 753 2747 deinde
767 2714 866 2747 bello.
914 2726 1056 2760 aequum
1077 2715 1163 2749 enim
1183 2721 1259 2749 erat.
1274 2721 1336 2757 ut,
1359 2715 1446 2749 sicut
1460 2716 1553 2760 prius
1568 2715 1639 2748 sine

188 2765 331 2798 semme,
353 2755 402 2788 ita
423 2768 510 2790 nunc
533 2758 605 2791 sine
629 2759 729 2792 ιιι-πῆς
754 2763 890 2803 pareret
911 2760 1069 2802 salutem3
1097 2766 1134 2793 ut
1151 2771 1212 2804 per
1227 2765 1403 2806 utrumque
1419 2773 1497 2794 con
1491 2765 1588 2793 taret
1604 2765 1639 2793 et

188 2809 263 2834 esse
280 2799 451 2845 virginem,
471 2806 507 2837 et
522 2814 693 2849 peraeque
706 2815 782 2838 esse
795 2804 978 2840 intactam·
968 2817 1002 2840 111
1017 2786 1105 2840 be'llo
1122 2816 1163 2839 ac
1177 2805 1210 2839 iu
1224 2811 1335 2850 partu.
1375 2807 1457 2853 (10)
1474 2816 1537 2850 ego
1554 2815 1636 2839 vero
