1890 3224
300 189 366 236 76
658 189 1011 261 NICEPnORUS
1044 189 1385 238 CPOLITANUS

300 304 445 360 στηκὸς
473 306 546 358 τῆς
574 301 807 360 ἐπιφανείας
833 303 950 361 μέχρι
981 307 1115 358 πηχῶν
1142 321 1219 346 που
1237 303 1368 354 ἄλλων
1386 303 1532 356 εἰκοσι,
1567 304 1638 347 καί
1655 321 1741 354 πως

299 376 532 429 συμφυῆναι
557 376 606 428 τῇ
637 371 785 429 ἠπείρῳ
814 372 886 427 τὴν
913 369 1124 415 θάλατταν
1155 371 1211 423 ὦς
1239 372 1343 428 μηδὲ
1365 374 1563 429 διακρῖναι
1593 372 1740 432 ῥᾳδίως

298 442 449 496 ποτέρα
471 438 607 496 ἑτέρας
628 440 898 498 ἀποκέκριται.
967 439 1072 483 οὕτω
1092 457 1134 483 τε
1153 440 1260 483 ἅπαν
1275 441 1321 484 τὸ
1344 440 1444 498 πρὸς
1461 439 1607 497 ἄρκτον
1625 440 1739 495 ἠπει-

300 508 434 563 ρωθὲν
460 507 571 564 ὕδωρ
603 507 774 561 πεζεύειν
809 508 911 551 κατὰ
941 506 1069 551 νώτου
1106 508 1318 566 συνεχώρει
1353 515 1437 559 τοΐς
1466 508 1738 562 βουλομένοις,

297 574 455 629 βάσιμά
476 593 517 618 τε
541 572 590 631 ἦν
612 576 663 619 τὰ
685 579 830 632 ἐκείνης
851 576 1007 620 ἅπαντα
1015 609 1028 629 ,
1073 576 1150 620 ὅσα
1180 595 1221 620 τε
1250 579 1291 620 ἕν
1317 584 1406 628 ταῖς
1434 581 1514 619 τῶν
1533 574 1772 632 Χαζάρωνό

295 648 370 699 γῆς
397 646 611 701 μεθοριάις
637 647 702 687 καὶ
731 652 815 695 τοῖς
841 644 1133 703 πλησιοχώροις
1153 649 1371 693 Σκυθικοῖς
1389 646 1545 696 ἔθνεσι,
1579 645 1645 686 καὶ
1668 643 1741 685 οὐκ

298 710 531 768 ἀνθρώποις
561 711 683 767 μόνον
714 713 818 755 ἀλλὰ
846 715 911 756 καὶ
942 713 1099 768 κτήνεσι
1125 716 1190 756 καὶ
1221 712 1335 771 ζῴοις
1362 712 1510 770 ἑτέροις
1530 709 1748 768 γενόμενα*

298 779 482 822 ἄπλωτον
509 781 552 823 δὲ
579 781 657 836 ἤδη
686 782 870 824 ἐντεῦθεν
889 782 1076 838 γενέσθαι
1095 783 1167 837 τὴν
1189 782 1394 837 Ποντικὴν
1410 779 1499 824 τότε
1517 778 1742 837 θάλατταν,

177 845 208 878 Ρ
228 846 274 882 44
295 845 463 904 ἡμέραις
493 849 539 891 δέ
562 865 644 892 τισι
674 848 974 901 ὃιιππευοῦσαις
1000 852 1068 893 καὶ
1087 849 1108 892 ὃ
1130 850 1298 900 ἄπλετος
1319 851 1463 900 ἐκεῖνος
1479 853 1551 891 τοῦ
1569 850 1742 904 παγετοῦ

295 914 415 966 ὁλκὸς
435 918 491 966 εἷς
512 916 691 975 διάφορα
713 917 981 976 συρρήγνυται
995 917 1200 974 τμήματα,
1234 918 1335 976 ἅπερ
1355 920 1411 968 εἷς
1430 920 1621 960 τοσοῦτον
1633 914 1742 970 ὕψος
1753 925 1804 962 10»

295 984 458 1038 ἀνέσχεν
493 983 548 1035 ὥς
579 985 654 1043 ὅρη
686 989 815 1029 δοκεῖν
845 985 942 1029 εἶναι
973 985 1228 1043 ὓπερύψηλα.
1295 985 1447 1028 τούτων
1468 984 1744 1041 ἀπορραγέντα

292 1053 395 1108 με’ρη
409 1053 497 1095 τινὰ
514 1055 580 1095 καὶ
594 1058 645 1110 τῇ
659 1056 732 1114 βίᾳ
748 1059 827 1097 τῶν
839 1053 1074 1108 πνευμάτων
1083 1052 1370 1107 συνωθούμενα
1382 1051 1484 1106 πρός
1492 1069 1532 1095 τε
1545 1053 1742 1109 Δαφνου-

294 1122 386 1162 σίαν
409 1119 603 1177 φρούριον
623 1121 668 1164 ὅν
687 1139 726 1164 τι
743 1127 816 1176 τῆς
834 1124 1038 1175 Ποντικῆς
1055 1124 1213 1178 μοίρας,
1248 1119 1516 1177 ἐρυμνότατον
1534 1118 1743 1175 τυγχάνον,

293 1188 542 1237 ἐξοκέλλουσι
564 1190 631 1230 καὶ
656 1188 749 1244 ἄχρι
771 1193 843 1231 τοῦ
865 1190 1030 1242 στομίου
1051 1194 1121 1231 τοῦ
1141 1189 1328 1239 Εὐξείνου
1347 1188 1637 1245 καταρρέουσι·
1669 1203 1745 1229 συ···

295 1256 523 1312 στραφέντα
545 1257 588 1297 δὲ
612 1256 713 1312 πρὸς
731 1254 856 1298 ἑαυτά
866 1287 880 1307 ,
914 1258 980 1298 καὶ
1001 1256 1071 1298 τὸν
1091 1255 1238 1299 αὐτόθι
1266 1256 1402 1299 στενὸν
1430 1255 1555 1313 πόρον
1579 1254 1653 1298 τὸν
1668 1272 1742 1309 με-
1754 1264 1798 1302 15

292 1323 392 1373 ταξύ
425 1322 626 1380 πόρθμων
656 1322 947 1381 πληρώσαντα,
986 1325 1060 1375 τὰς
1089 1323 1337 1382 ἑκατέρωθεν
1366 1323 1554 1381 ἠπείρους
1561 1355 1574 1374 ,
1607 1321 1681 1377 τήν
1700 1340 1743 1365 τε

299 1389 467 1450 Θρᾴκην
490 1393 557 1433 καὶ
581 1392 654 1446 τὴν
665 1390 886 1444 Ἀσιάτιδα,
923 1392 1117 1447 ἀλλήλαις
1134 1391 1380 1447 συνήνωσαν,
1416 1391 1470 1443 ὥς
1491 1392 1533 1442 ἕξ
1553 1389 1744 1448 ἑκατέρας

291 1460 395 1516 πρὸς
415 1460 594 1516 θατίραν
611 1462 709 1517 πεζῇ
723 1464 879 1514 μᾶλλον
897 1459 1039 1516 ἢπλοῒ
1051 1463 1388 1518 διαπεραιοῦσθαι
1407 1462 1546 1511 ἐξεῖναι
1565 1464 1626 1518 τῷ
1641 1463 1744 1513 βου-

295 1529 463 1584 λομένῳ.
532 1530 685 1571 ἐκεῖθεν
708 1526 998 1583 συνωθούμενοι
1020 1529 1097 1571 ἀνὰ
1119 1529 1190 1584 τὴν
1211 1531 1473 1586 Προποντίδα
1491 1528 1608 1584 μέχρι
1621 1526 1762 1580 Ἀβύ-ἱ

241 1604 271 1638 Β
297 1597 369 1637 δου
392 1594 641 1650 ἐξεχύθησαν
648 1627 663 1648 ,
707 1595 809 1652 ἥπερ
839 1597 891 1651 δὴ
928 1597 1022 1639 οὐδὲ
1051 1596 1247 1639 θάλασσα
1276 1595 1374 1638 εἶναι
1402 1597 1447 1638 τὸ
1471 1595 1609 1637 λοιπὸν
1628 1594 1799 1639 fiam-20

292 1661 469 1705 πτεύετο.
537 1662 690 1706 τούτων
720 1661 764 1705 ἓν
789 1663 1054 1706 ἀποσπασθὲν
1083 1668 1135 1720 τῇ
1169 1662 1380 1721 ἀκροπόλει
1413 1667 1487 1706 τοῦ
1520 1664 1742 1714 Βυζαντίου

292 1728 640 1788 προσαράσσεται,
682 1733 750 1773 καὶ
767 1731 813 1773 τὸ
838 1731 985 1774 αὐτόθι
1002 1738 1131 1785 τεΐχος
1149 1732 1385 1790 περιέσεισεν
1403 1729 1459 1782 ὥς
1477 1732 1544 1773 καὶ
1565 1732 1664 1781 τοὺς
1679 1729 1744 1772 ἴν-

293 1801 365 1842 ὁον
387 1801 594 1850 οἰκοῦντας
622 1805 915 1855 συμμετασχεῖν
931 1805 1004 1843 τοῦ
1025 1798 1168 1844 σάλου.
1234 1802 1302 1843 καὶ
1319 1804 1435 1844 τοῦτο
1455 1803 1573 1859 τριχῇ
1592 1801 1746 1858 διαιρε-ν»

291 1961 299 1978 ι
381 1940 404 1976 5
425 1936 571 1987 zuzim?
596 1941 645 1976 cf.
662 1952 700 1988 p.
723 1940 770 1977 64
792 1940 850 1977 12.
972 1941 1017 1977 16
1037 1938 1176 1985 μεταξὺ
1197 1939 1272 1976 τῶν
1293 1940 1363 1978 m?

235 2077 237 2080 ⁴
290 2068 369 2100 rata
391 2065 519 2110 glacies
541 2067 585 2101 ad
602 2064 730 2111 viginti
753 2065 839 2101 alios
861 2065 996 2101 cubitos
1015 2065 1152 2101 sublata
1169 2068 1236 2100 est.
1262 2064 1354 2100 unde
1375 2063 1427 2099 ita
1445 2075 1541 2099 mare
1562 2073 1638 2099 cum
1655 2074 1742 2098 con-

289 2111 419 2146 tinenti
441 2123 504 2146 ora
521 2112 660 2156 coaluit,
687 2117 728 2146 ut
750 2118 863 2147 utrum
887 2113 930 2147 ab
951 2111 1061 2147 altero
1079 2116 1250 2146 secretum
1273 2114 1365 2145 esset
1385 2111 1446 2144 vix
1463 2110 1642 2155 quisquam
1665 2109 1741 2144 dis·-

291 2162 464 2192 cerneret.
487 2157 540 2192 sic
560 2158 670 2203 igitur
691 2157 858 2203 quicquid
875 2169 987 2203 aquae
1005 2160 1187 2193 obversum
1207 2157 1344 2191 Boreae
1367 2156 1436 2190 fuit
1454 2155 1551 2190 velut
1571 2155 1609 2189 in
1630 2154 1741 2190 solum

290 2214 496 2238 conversum
519 2204 667 2248 pedibus
688 2203 835 2237 solidum
859 2203 928 2238 iter
950 2207 1212 2244 constraverat3
1244 2213 1310 2236 nec
1328 2202 1397 2236 ulla
1414 2212 1496 2246 pars
1519 2200 1607 2244 eius,
1633 2212 1740 2247 prae-

291 2250 394 2302 cipue
417 2250 463 2283 ad
480 2249 682 2283 chazarum'
695 2249 784 2282 fines
805 2260 847 2282 ac
865 2249 1086 2283 finitimarum
1104 2247 1272 2292 Scythiae
1293 2247 1482 2290 nationum,
1507 2258 1576 2281 non
1596 2251 1657 2280 aut
1674 2246 1741 2281 ho-

291 2306 419 2329 mmum
441 2295 640 2338 gressibus,
678 2300 739 2328 aut
760 2295 929 2338 pecudum
953 2306 994 2328 ac
1015 2294 1242 2327 iumentorum
1262 2295 1418 2338 patebat.
1466 2304 1551 2336 ergo
1573 2291 1740 2326 interdu-

290 2352 365 2374 sum
394 2351 458 2386 per
489 2339 571 2374 illud
599 2345 734 2384 tempus
759 2339 1039 2383 navigationibus
1063 2339 1244 2374 Ponticum
1266 2351 1360 2373 mare
1383 2338 1468 2373 fuit.-
1509 2337 1591 2372 inde
1615 2337 1740 2371 diebus

289 2385 424 2431 aliquot
440 2385 634 2420 interiectis
657 2384 813 2419 immanis
835 2385 894 2419 illa
912 2385 1036 2429 glaciei
1059 2385 1164 2419 moles
1183 2385 1299 2419 varias
1319 2384 1357 2418 in
1379 2389 1512 2418 crustas
1530 2382 1739 2427 diffindunt,

289 2443 380 2476 quae
403 2431 644 2466 altissimorum
667 2431 831 2465 montium
853 2431 972 2476 specie
995 2431 1032 2465 in
1049 2431 1249 2465 immensum
1267 2435 1463 2465 exstructae
1480 2434 1573 2463 sunt.
1620 2429 1740 2462 harum

289 2477 431 2511 avulsae
449 2477 632 2512 nonnullae
652 2477 896 2522 abscissaeque
919 2482 1038 2521 partes
1065 2481 1247 2511 ventorum
1273 2477 1405 2521 impetu
1427 2476 1471 2509 ad
1491 2473 1740 2519 Daphnusiam‚

289 2522 466 2556 castellum
487 2523 524 2557 in
547 2535 610 2558 ora
626 2523 773 2557 Pontica
794 2522 1068 2568 munitissimum,
1096 2523 1230 2557 eiectae
1252 2528 1333 2556 sunt
1356 2527 1394 2555 et
1415 2522 1461 2555 ad
1482 2519 1613 2554 Euxini
1641 2519 1740 2565 ponti

288 2568 408 2602 fauces
430 2567 618 2613 impulsae3
652 2568 713 2603 ubi
733 2569 914 2603 confertae
936 2580 978 2602 ac
999 2568 1149 2622 stipatae
1162 2594 1173 2613 ,
1197 2567 1374 2613 occupatis
1397 2565 1547 2619 Bospori
1570 2564 1741 2610 angustiis

288 2618 327 2647 et
344 2613 508 2660 oppletis,
531 2614 749 2649 continentes
771 2615 901 2658 ambas,
925 2615 1114 2649 Thraciam
1135 2613 1301 2648 videlicet
1321 2624 1396 2647 cum
1419 2612 1525 2654 Ama,
1549 2611 1741 2645 coniunxe-

287 2664 390 2704 runt,
426 2660 513 2693 adeo
542 2665 582 2694 ut
609 2660 699 2695 ultro
723 2660 880 2705 citroque
902 2660 1048 2705 pedibus
1071 2659 1180 2705 magis
1201 2659 1270 2693 iter
1290 2670 1393 2703 quam
1416 2657 1564 2691 navibus
1586 2659 1738 2703 pateret.

287 2705 371 2739 inde
401 2716 535 2740 rursum
562 2705 727 2750 expulsae
754 2717 818 2752 per
837 2705 1086 2752 Propontidem
1117 2706 1278 2750 Abydum
1298 2715 1408 2749 usque
1430 2703 1623 2749 dissipatae
1643 2705 1737 2736 sunt.

288 2757 442 2786 ceterum
470 2756 541 2786 tam
571 2751 674 2797 longe
704 2753 842 2797 lateque
875 2763 914 2786 se
945 2752 1076 2797 glacies
1099 2751 1239 2786 diffudit
1258 2755 1298 2784 ut
1319 2762 1414 2784 mare
1435 2748 1508 2783 illic
1537 2759 1615 2782 esse
1637 2757 1738 2782 neno

288 2796 460 2842 suspicari
478 2802 609 2843 posset.
657 2798 779 2833 horum
801 2797 1006 2843 fragminum
1030 2809 1133 2832 unum
1156 2797 1201 2831 ad
1226 2808 1340 2831 arcem
1367 2794 1488 2841 Cpolis
1512 2793 1637 2828 illisum
1659 2802 1736 2827 mn-

287 2853 362 2877 rum
385 2842 435 2878 ita
460 2843 657 2891 concussit,
693 2849 733 2880 ut
755 2844 816 2891 qui
837 2843 930 2880 intus
957 2849 1057 2879 erant
1078 2842 1269 2890 agitatione
1292 2841 1351 2877 illa
1373 2844 1610 2888 quaterentur.
1657 2836 1740 2872 hinc
