1890 3224
501 155 575 199 AD
608 154 978 199 NIGEPHORIJM
1009 153 1211 219 NOTAE.
1485 152 1580 198 121

139 275 227 303 rum
246 262 378 303 hiatus
397 271 469 303 est.
513 277 635 318 quare
656 264 841 303 asterisco
861 263 1081 303 notandum
1099 262 1207 301 hunc
1222 263 1356 301 locum
1375 262 1559 302 existimo
1571 276 1584 302 ε

136 334 267 374 neque
284 322 390 359 enim
407 321 505 360 adeo
520 323 707 373 supinum
725 322 847 359 fuisse
866 320 1133 373 Nicephorum
1152 320 1317 359 arbitror
1332 326 1376 358 ut
1390 332 1585 358 annorum

137 379 192 420 27
211 391 273 416 res
294 386 424 429 gestas
446 393 497 416 ne
516 379 631 416 litera
652 377 815 447 quidem
835 379 1019 431 attigerit.

249 447 290 485 Ρ
294 407 365 476 ⁰36
384 436 512 476 v.17.
541 434 610 475 καὶ
626 449 770 475 τουτου
788 409 1036 486 ἆρξαμένου]
1066 434 1345 472 Constantinus
1363 435 1592 485 Pogonatus

139 491 394 529 Constantem
410 492 573 543 excipit.
603 492 714 529 cuius
735 492 978 542 temporibus
998 492 1186 529 Saraceni
1202 490 1380 527 Africam
1397 497 1436 527 et
1424 463 1594 528 00rien·

138 554 223 585 tcm
242 554 411 585 vastant.
466 561 598 600 neque
625 554 760 585 tamen
795 555 885 585 ante
917 560 1067 585 annum
1087 546 1242 584 huius'
1230 548 1389 597 imperii
1410 548 1597 598 quintum

139 605 183 640 in
204 602 420 641 Thraciam
438 606 687 656 navigarunt.
726 617 804 656 quo
827 617 929 642 anno
954 604 1003 641 ab
1025 605 1156 655 Aprili
1179 617 1316 641 mense
1337 602 1388 640 ad
1410 604 1596 654 Septem-

139 660 252 697 brem
269 673 396 713 usque
417 662 603 699 continuo
622 668 841 713 pugnatum
860 667 918 699 est
930 690 941 710 ,
981 667 1020 698 et
1039 667 1152 712 capta
1173 661 1316 713 Cyzico
1336 659 1487 698 ibidem
1505 658 1598 697 hie-

138 723 313 754 marunt.

251 787 292 824 p·
308 775 361 815 37
379 786 419 811 v·
441 775 480 815 6.
539 771 636 815 ἕπτᾶ
658 768 735 816 οὖν
752 773 868 828 ἔτεσι]
891 775 1026 813 scribit
1038 771 1309 826 Theophanes
1330 780 1369 811 et
1391 772 1594 812 Cedrenus

141 842 178 867 a.
198 830 447 868 Constantini
466 832 491 871 9
510 831 724 870 Mardaitas
741 833 940 870 Libanum
961 838 1139 869 montem
1162 844 1387 882 occupasse,
1416 837 1594 867 tantum-

141 899 220 938 que
251 887 426 925 barbaris
452 887 634 926 iniecisse
661 895 853 926 terrorem
868 896 912 926 ut
934 901 1075 940 pacem
1091 888 1198 925 illico
1218 901 1240 924 a
1257 888 1446 925 Romanis
1466 887 1596 938 petie-

139 944 233 980 rint.
299 944 380 981 iam
408 943 516 995 quod
540 947 567 985 7
591 951 695 983 totos
718 958 842 983 annos
868 944 934 982 hic
956 952 1091 982 noster
1117 945 1247 981 innuit
1275 945 1478 982 obsessam
1507 956 1594 980 esse

140 999 311 1066 Cpolim,
327 998 437 1037 idem
453 999 652 1038 Cedrenus
671 1014 716 1038 ac
731 1000 1000 1052 Theophanes
1017 1002 1212 1038 affirmare
1231 999 1428 1037 videntur.
1457 1012 1597 1037 verum
1617 1002 1646 1036 P
1669 1001 1716 1036 75

140 1056 215 1092 sub
240 1057 324 1093 eius
347 1057 513 1106 imperio
533 1056 780 1094 Constantini
805 1070 885 1094 non
906 1058 984 1095 nisi
1010 1070 1112 1094 anno
1134 1057 1159 1097 5
1178 1059 1220 1093 in
1240 1055 1457 1093 Thraciam
1474 1055 1597 1093 delati

141 1118 256 1160 sunt,
295 1110 515 1163 eodemque
545 1125 649 1150 anno
678 1114 902 1151 consectum
922 1120 981 1151 est
1004 1126 1078 1164 ope
1099 1111 1232 1150 divina
1249 1113 1414 1150 bellum.
1474 1125 1598 1164 quare

143 1181 235 1206 cum
255 1169 440 1218 ambigue
459 1168 674 1219 loquantur
692 1170 776 1216 illi,
807 1162 858 1205 de
881 1176 964 1205 toto
984 1170 1082 1204 belli
1104 1176 1283 1217 tempore
1296 1197 1307 1215 ‚
1348 1167 1457 1220 quod
1476 1171 1599 1205 etiam

143 1224 216 1262 sub
238 1224 450 1261 Constante
467 1230 624 1274 gestum
644 1231 715 1272 est,
745 1237 818 1275 par
834 1230 893 1261 est
913 1236 1107 1260 annorum
1126 1236 1339 1261 numerum
1359 1225 1496 1275 accipi.
1537 1231 1601 1261 et-

145 1281 254 1318 enim
273 1292 309 1317 a.
330 1281 415 1317 eius
432 1282 486 1320 26
506 1278 799 1318 Chalcedonem
822 1280 978 1331 appulsi
997 1280 1175 1316 maxima
1193 1279 1287 1317 iude
1313 1279 1460 1331 praeda
1483 1281 1601 1331 potiti

144 1343 259 1384 sunt,
299 1349 323 1373 a
352 1349 431 1388 quo
455 1343 633 1387 tempore
654 1335 707 1373 ad
725 1350 762 1374 a.
784 1337 978 1387 Pogonati
1004 1337 1186 1387 quintum
1208 1338 1302 1373 anni
1321 1343 1412 1374 suut
1435 1338 1603 1388 septeni.

146 1394 258 1445 atqui
280 1393 401 1430 etiam
419 1405 455 1430 a.
476 1393 700 1437 Constantis
722 1395 773 1441 21
795 1399 834 1431 et
852 1391 1037 1444 deinceps
1057 1394 1214 1443 saepius
1234 1394 1276 1429 in
1295 1391 1511 1430 Thraciam
1529 1406 1606 1430 na-

144 1451 346 1500 vigarunt.
405 1461 498 1499 ergo
518 1450 573 1486 ita
591 1450 757 1487 forsitan
783 1448 1055 1500 componenda
1078 1462 1140 1486 res
1161 1456 1241 1496 est,
1273 1456 1336 1497 ut,
1376 1462 1607 1502 quanquam

144 1506 282 1557 plures
304 1518 429 1543 annos
451 1506 604 1543 bellum
623 1507 795 1543 tenuerit
806 1535 816 1555 ,
856 1513 990 1543 tamen
1009 1507 1170 1542 nonnisi
1188 1507 1334 1556 septies
1356 1507 1515 1556 Cpolim
1534 1519 1607 1543 us-

148 1575 227 1614 que
257 1560 530 1612 populabundi
561 1563 823 1613 pervenerint.
894 1563 1063 1612 insignis
1098 1560 1164 1598 hic
1199 1574 1325 1599 annus
1357 1563 1607 1600 Constantini

148 1619 310 1671 quintus
325 1619 401 1655 fuit
417 1619 612 1665 Graeculi,
643 1625 687 1655 ut
706 1625 861 1666 vocant,
890 1619 994 1669 ignis
1014 1618 1175 1654 artificio
1195 1624 1282 1654 tum
1304 1625 1472 1669 reperto,
1494 1620 1607 1656 cuius

148 1681 349 1712 auctorem
369 1673 579 1725 perhibent
599 1675 835 1712 Callinicum
856 1673 1068 1726 quendam,
1100 1672 1358 1711 architectum
1380 1676 1605 1726 Heliopoli-

147 1737 288 1768 tanum
306 1743 328 1767 e
344 1731 482 1781 Syria3
514 1742 592 1782 quo
612 1732 863 1781 potissimum
879 1731 1034 1768 barbari
1055 1730 1253 1780 profligati
1271 1737 1375 1768 sunt.

261 1785 317 1823 ib.
350 1799 389 1823 v.
422 1789 488 1828 10.
552 1785 655 1838 πρὸς
681 1785 724 1826 δὲ
746 1791 829 1834 τοῖς
851 1783 1087 1836 πελάζουσι]
1120 1786 1309 1836 Sylaeum
1331 1787 1435 1823 inter
1457 1787 1605 1837 Lyciae

148 1843 267 1880 urbes
295 1849 335 1879 et
354 1841 616 1893 Pamphyliae
644 1850 826 1880 numerat
851 1844 1129 1880 Constantinus
1156 1841 1403 1894 Porphyrog.
1435 1843 1463 1879 l.
1498 1845 1521 1883 1
1555 1842 1605 1880 de

148 1898 298 1937 Them.
319 1911 342 1936 a
362 1899 553 1937 Vulcanio
570 1898 690 1936 edito.
732 1897 983 1950 Stephanus.
1012 1895 1182 1938 Σύλειον
1204 1896 1320 1946 πόλις
1343 1900 1520 1952 Φρυγίας
1538 1896 1607 1940 citui

149 1958 222 2008 τῆς
243 1970 277 1996 ει
296 1952 536 2009 διφθόγγου.
592 1953 696 2003 τινὲς
716 1953 760 1996 δὲ
779 1955 1035 2007 Παμφυλίας.
1091 1953 1251 1992 adverte
1269 1967 1342 2006 per
1364 1968 1412 2004 ει,
1438 1968 1519 1993 non
1534 1969 1606 2008 per

149 2027 191 2052 αι
210 2010 476 2050 scribendum.

264 2067 320 2105 ib,
351 2070 488 2108 v.12.
546 2065 572 2108 ὅ
602 2065 644 2108 δὲ
670 2069 752 2107 τῶν
778 2066 1053 2119 Σαρακηνῶν]
1094 2066 1236 2104 accidit
1256 2065 1333 2105 hoc
1356 2080 1390 2105 a.
1414 2059 1611 2106 Constan-

152 2125 227 2162 tini
247 2127 287 2173 9,
318 2137 409 2162 cum
429 2124 617 2162 Saraceni
637 2137 661 2162 a
681 2123 886 2162 Mardaitis
909 2125 1052 2161 Libani
1073 2125 1220 2161 montis
1239 2124 1500 2162 insessoribus
1516 2138 1610 2175 pre-

151 2188 368 2218 merentur.
426 2180 497 2218 sed
515 2180 626 2233 quod
645 2179 697 2218 ad
717 2181 856 2218 tributi
875 2194 1075 2218 summam
1098 2181 1280 2231 pertinet,
1311 2181 1430 2230 longe
1451 2194 1473 2217 a
1491 2182 1611 2218 Nice-

152 2235 279 2288 phoro
302 2236 470 2274 discedit
487 2236 782 2289 Theophanes,
823 2236 920 2274 dum
938 2239 994 2275 ait
1014 2236 1213 2302 ἔγγραφον
1239 2235 1430 2290 γενέσθαι
1450 2234 1612 2289 εἰρήνης

154 2289 252 2344 μεθ’
286 2308 408 2345 ορκου
437 2290 556 2345 λόγον
587 2293 651 2334 ἐπὶ
683 2306 906 2362 συμφωνου
934 2293 1094 2345 ἐτησίου
1124 2308 1279 2333 πακτου
1303 2292 1546 2346 παρέχεσθαι
1561 2295 1614 2348 τῇ

152 2349 350 2417 Ῥωμαϊκῇ
379 2350 556 2389 πολιτεία
585 2347 694 2414 παροὲ
717 2353 799 2390 τῶν
818 2346 1049 2404 Ἀγαρηνῶν
1066 2351 1218 2417 χρυσοῦ
1236 2347 1415 2401 χιλιάδας
1434 2349 1518 2400 τξὲ,
1547 2348 1616 2390 καὶ

156 2403 308 2457 ἄνδρας
335 2390 605 2457 αἰχμαλώτους
624 2422 651 2457 η
672 2402 874 2457 χιλιάδας,
909 2406 1019 2447 '‘al‘'
1001 2421 1149 2453 ιππους
1169 2400 1340 2459 ενγενεῖς
1363 2402 1412 2447 ν’.
1468 2407 1616 2444 imma-

155 2464 219 2500 nis
240 2463 465 2514 pensitatio.
525 2469 564 2499 at
585 2461 787 2500 Cedrenus
804 2463 968 2515 χρυσίου
990 2460 1213 2515 χιλιαὸαςί.

271 2532 310 2569 p-
329 2521 383 2560 38
402 2532 441 2555 v·
463 2518 503 2560 5·
561 2517 653 2570 περὶ
672 2532 744 2571 την
765 2520 978 2570 Μαιῶτιν]
1007 2518 1072 2557 his
1098 2519 1232 2555 affinia
1253 2516 1302 2556 de
1318 2518 1503 2570 Bulgaris
1520 2532 1616 2556 nar-

158 2581 219 2611 rat
242 2573 512 2626 Theophanes
540 2588 582 2626 p.
613 2576 812 2616 296—8.
870 2576 1028 2613 subiicit
1056 2575 1303 2612 Constantini
1331 2573 1519 2613 adversus
1547 2589 1613 2613 eos
1636 2584 1664 2617 P
1688 2583 1736 2618 76

163 2630 474 2682 expeditionem.
539 2631 660 2668 huius
686 2631 938 2683 παρεκβολῆς
963 2633 1147 2669 Latinam
1171 2632 1534 2683 interpretationem
1562 2645 1616 2668 ex

161 2688 340 2725 Miscella
359 2688 476 2725 Pauli
490 2688 656 2725 Diaconi
675 2694 808 2738 petere
827 2689 956 2739 quivis
976 2694 1118 2739 potest,
1149 2689 1218 2739 qui
1234 2689 1433 2740 plerisque
1446 2688 1615 2725 inlibris

161 2741 454 2795 Theophanem
474 2742 526 2780 ad
539 2744 706 2781 verbum
724 2742 873 2793 reddit,
901 2745 1134 2796 praesertim
1153 2745 1434 2795 posterioribus
1447 2773 1457 2792 ‚
1496 2750 1542 2780 ut
1564 2756 1617 2780 ex

158 2800 211 2837 iis
229 2812 332 2853 quae
352 2801 522 2852 sparsim
544 2801 827 2853 exscripsimus
849 2807 1026 2840 constare
1048 2807 1192 2852 potest.
1249 2814 1343 2839 nam
1363 2800 1557 2854 prioribus
1574 2801 1617 2838 in
