1890 3224
424 168 500 211 DE
533 167 922 217 EXPEDITIONE
953 172 1179 217 PERSICA
1211 173 1330 218 ACR.
1365 174 1418 218 11.
1581 176 1642 221 23

405 283 543 339 φειδοῖ
560 282 603 324 δὲ
620 286 776 336 μᾶλλον
796 282 824 339 ἢ
845 286 948 341 ξίφει
970 287 1222 343 κεχρημένος,

404 351 470 392 καὶ.
493 350 588 401 τοὺς
608 351 802 402 ἀπίστους
820 352 1059 411 βαρβάρους
1079 356 1298 413 ἐφέλκεται.

455 420 542 460 Καὶ
563 423 693 462 ταῦτα
711 420 787 473 μέν
807 438 871 463 σοι
894 421 1117 479 σωφρόνως
1133 424 1361 482 ἐπράττετο,

286 482 369 526 240
404 490 462 544 τῷ
483 487 527 528 δὲ
543 492 757 545 στρατηγῷ
773 493 846 543 τῆς
865 488 1020 545 πλάνης
1039 491 1243 545 τάναντία,

401 552 447 604 ὃς
466 553 579 611 ἔργον
603 553 704 610 εἶχεν
723 555 904 613 ὀργάνων
923 561 990 601 καὶ
1013 559 1233 614 κυμβάλων

399 621 573 677 ἄσεμνον
592 618 692 678 ἦχον
711 626 779 667 καὶ
799 632 998 681 γυναικῶν
1019 627 1197 672 ἐκτόπων

397 689 562 747 ὄρχησιν
584 694 640 742 εἷς
659 690 860 748 γύμνωσιν
880 695 1163 752 ἠρεθισμένην.

397 759 447 802 σὺ
472 761 537 811 δέ,
569 762 765 817 στρατηγέ
784 767 857 816 τῆς
877 769 1008 820 σοφῆς
1027 767 1265 818 πανοπλίας,

279 823 362 867 245
395 831 580 881 ψαλμοῖς
598 829 763 885 ἐτέρπου
783 836 989 882 μυστικῶν
1008 832 1051 881 ἕξ
1072 831 1266 889 ὃργάνων,

395 894 469 936 τὸν
488 899 603 937 θεῖον
620 890 721 950 ἦχον
741 897 913 948 ἐντιθεὶς
933 903 985 956 τῇ
1004 888 1166 961 καρδίᾳ,

396 961 496 1017 εἶχες
518 964 562 1005 δὲ
582 964 708 1017 σεμνὰ
734 967 949 1022 παρθένων
970 967 1224 1024 σκιρτήματα

343 1089 349 1095 ¹
394 1035 475 1074 τῶν
494 1035 575 1074 σῶν
598 1036 800 1088 λογισμῶν
819 1034 894 1085 τὰς
914 1034 1116 1092 ἇπόρνους
1133 1039 1311 1088 ἐλπίδας.

393 1101 538 1150 ἐκεῖνος
562 1098 638 1154 εἶχε
659 1101 732 1156 τὴν
755 1101 923 1158 σελήνην
941 1104 1098 1157 ἐλπίδα,

275 1166 358 1209 250
391 1172 466 1210 τοῦ
486 1173 562 1210 σοῦ
582 1169 626 1210 δὲ
643 1173 798 1212 θᾶττον
816 1170 1119 1228 προσβαλόντος
1141 1171 1256 1229 ἡλίου

391 1234 569 1290 ἔκλειψιν
590 1237 711 1287 αὐτὸς
725 1238 847 1289 ὀξέως
862 1237 1077 1297 ὑφίστατο.

389 1304 435 1357 τὸ
457 1308 537 1361 πῦρ
560 1306 705 1356 ἐκεῖνος
725 1304 802 1360 εἶχε
823 1307 1182 1364 προσκυνούμενον,

387 1371 620 1426 ὖψούμενον
642 1374 686 1416 δὲ
705 1373 777 1426 σύ,
812 1374 1019 1432 κράτιστε,
1046 1376 1092 1420 τὸ
1115 1375 1248 1427 ξύλον.

387 1439 532 1483 τούτου
558 1442 600 1483 δὲ
623 1443 744 1496 δῆλον
764 1441 820 1493 ὥς
838 1445 942 1501 πρὸς
964 1444 1074 1500 ὕψος
1096 1444 1272 1501 ᾖρμένου

269 1508 352 1550 255
386 1508 433 1550 τὸ
451 1509 655 1565 Περσικὸν
677 1515 757 1567 πῦρ
779 1513 836 1561 εἷς
853 1511 988 1567 μάτην
1006 1512 1215 1568 ἀνήπτετο.

387 1577 469 1619 ἐπεὶ
487 1577 564 1633 γὰρ
585 1580 641 1628 εἷς
653 1583 834 1632 χειμῶνα
851 1580 953 1636 πρὸς
969 1582 1014 1624 τὸ
1034 1579 1196 1623 πόντιον

385 1646 507 1699 κλίμα
530 1647 750 1703 διατρίψας
772 1646 980 1702 συντόμως
1003 1647 1024 1691 ὃ
1043 1647 1258 1706 βάρβαρος

385 1713 460 1763 τὰς
479 1715 666 1767 εἶσβολὰς
687 1716 852 1769 κατέσχε
874 1721 946 1772 τῆς
965 1715 1064 1759 ὁδοῦ
1083 1715 1267 1773 φθάσας,

386 1780 407 1822 ὅ
433 1781 477 1822 δὲ
498 1781 669 1838 στρατός
688 1798 762 1824 σου
787 1785 991 1840 δυσχερεῖς
1011 1785 1086 1834 τὰς
1103 1784 1303 1837 εἴσβάσεις

253 1853 353 1893 260
388 1847 496 1899 ἅπαξ
519 1852 771 1907 προληφθεὶς
794 1848 870 1904 εἶχε
893 1852 966 1902 τὰς
985 1852 1087 1909 πρὸς
1104 1851 1232 1906 ἣλιον,

384 1917 656 1976 ἀντιστροφὴν
674 1919 853 1962 ἐνταῦθα
874 1918 1184 1974 συντομωτάτην

256 2069 323 2105 245
344 2070 529 2113 μουσικῶν
552 2069 594 2104 ed

273 2150 285 2166 ἱ

165 2203 379 2258 previdentia
392 2204 535 2247 militat3
571 2212 604 2239 et
619 2206 718 2240 venia
734 2206 842 2241 satius
857 2207 984 2241 ducens
1003 2206 1055 2241 uti
1072 2216 1172 2252 quam
1187 2204 1299 2248 ferro,
1337 2204 1438 2240 etiam
1453 2206 1617 2240 barbaros

164 2250 319 2284 infideles
333 2251 446 2284 allicit.
493 2256 597 2295 atque
613 2252 697 2285 haec
713 2252 847 2296 quidem
862 2265 883 2287 a
897 2260 934 2287 te
948 2254 1120 2298 sapienter
1133 2252 1350 2297 gerebantur,
1374 2252 1478 2296 (240)
1494 2263 1515 2285 a
1529 2252 1617 2286 duce

164 2306 246 2329 vero
269 2295 392 2329 erroris
413 2295 610 2340 insipienter
633 2297 754 2332 omnia.
805 2299 897 2333 circa
921 2299 1014 2332 illum
1039 2299 1135 2332 varia
1156 2298 1379 2332 instrumenta
1402 2303 1438 2331 et
1464 2298 1618 2341 cymbala

164 2342 364 2385 strepebant
377 2341 592 2384 indecenter,
616 2347 652 2376 et
667 2343 812 2378 feminae
825 2344 1013 2390 impudicae
1027 2344 1196 2378 saltabant
1210 2343 1389 2378 incitantes
1403 2343 1558 2377 nuditate
1572 2343 1616 2377 ad

163 2386 285 2432 turpia.
332 2392 371 2420 tu
385 2398 468 2421 vero
484 2387 551 2421 dux
574 2387 759 2422 instructus
780 2390 879 2424 armis
901 2390 1089 2436 sapientiae
1110 2389 1214 2434 (245)
1237 2389 1460 2423 delectabaris
1483 2389 1617 2434 psalmis

164 2432 299 2466 musicis
323 2443 398 2466 cum
423 2432 581 2477 organis,
617 2433 765 2467 divinum
779 2436 923 2469 sonitum
940 2437 1094 2470 excitans
1107 2436 1142 2469 in
1159 2434 1272 2469 corde.
1318 2434 1441 2468 circum
1456 2434 1616 2467 decenter

165 2477 382 2511 exsultabant
396 2477 555 2522 virgines.
579 2483 660 2512 tuae
675 2479 806 2513 scilicet
819 2482 940 2514 mentis
956 2493 1033 2527 spes
1048 2480 1255 2527 purissimae.
1287 2490 1382 2524 spem
1396 2479 1454 2513 ille
1470 2480 1619 2513 habebat

164 2533 293 2556 omnem
313 2523 348 2556 in
374 2524 454 2557 luna
475 2523 636 2569 positam:
668 2525 772 2568 (250)
800 2526 862 2559 sed
887 2527 944 2560 ubi
970 2533 1004 2560 tu
1029 2527 1108 2561 solis
1130 2526 1238 2559 instar
1254 2525 1362 2570 ipsum
1378 2525 1615 2570 perstrinxisti,

163 2567 347 2602 violentam
360 2569 416 2602 ille
430 2580 549 2613 passus
571 2574 623 2604 est
638 2569 797 2614 eclipsim.
844 2571 893 2604 illi
908 2577 984 2606 erat
1004 2572 1092 2616 ignis
1115 2572 1160 2605 ad
1186 2570 1389 2604 adorandum
1412 2571 1616 2616 proposituS‚

165 2612 228 2646 tibi
249 2624 356 2654 vero,
389 2625 411 2648 ο
434 2615 638 2656 fortissime,
675 2615 746 2649 alte
768 2616 890 2650 elatum
909 2617 1044 2661 lignum.
1092 2618 1156 2651 hoc
1171 2621 1301 2657 autem,
1324 2621 1360 2650 ut
1374 2617 1471 2650 stetit
1486 2628 1528 2649 ex
1545 2615 1615 2648 alto

166 2658 400 2703 conspicuum,
422 2660 526 2703 (255)
541 2660 714 2694 Persicum
738 2661 847 2705 ignem
874 2663 1003 2696 frustra
1017 2674 1092 2697 esse
1107 2672 1281 2695 accensum
1297 2661 1418 2706 patuit.
1466 2660 1617 2694 nimirum

112 2728 113 2731 η
165 2714 242 2736 cum
256 2703 429 2738 hibernum
445 2709 576 2749 tempus
590 2706 624 2739 in
638 2706 783 2740 Pontica
798 2707 936 2751 regione
950 2709 1156 2749 divertisset,
1166 2711 1312 2740 actutum
1329 2707 1488 2740 barbarus
1504 2714 1618 2739 omnes

165 2749 276 2782 aditus
289 2749 422 2782 itineris
436 2751 685 2794 praecluserat3
715 2757 795 2786 tuus
818 2764 901 2786 vero
925 2754 1094 2787 exercitus
1110 2754 1240 2786 hostem
1254 2752 1395 2796 aggredi
1410 2752 1466 2786 vix
1482 2753 1618 2795 poterat

167 2795 272 2838 (260)
298 2794 444 2839 undique
468 2796 686 2840 praepeditus
711 2802 748 2832 et
773 2802 892 2833 contra
916 2799 1020 2833 solem
1044 2798 1183 2844 positus.
1232 2798 1487 2838 conversionem
1500 2796 1616 2840 itaque

220 2858 350 2903 Georg.
381 2857 492 2893 Pisid.
1317 2856 1343 2897 5
