1838 3210
548 169 880 215 DESCRIPTIO
914 140 959 214 s.
993 166 1243 213 SOPHIAE.
1553 163 1618 210 89

871 278 994 333 μέσσα
1015 277 1058 320 δὲ
1076 276 1162 331 νηοὶ

385 338 498 380 ἕνδια
519 333 763 391 καλλιχόροιο
783 337 1059 391 διακρίνουσιν
1083 336 1227 377 ἔδεθλα

385 397 559 449 γείτονος
581 390 780 446 αἰθούσης
795 390 1049 446 περιμήκεος.

170 465 264 490 113111
293 465 364 503 per
396 451 492 493 ναὸν
522 447 756 504 καλλιχόρου
788 449 964 488 mediam
996 448 1106 487 aedis
1131 454 1285 500 partem
1304 447 1346 484 in
1365 443 1474 483 chori
1490 458 1560 482 seu
1578 444 1621 480 in

170 509 327 547 ovalem
355 509 526 546 somnam
556 515 816 555 contractam,
845 521 917 558 per
937 506 1136 547 αἴθουσαν
1161 518 1254 542 vero
1278 498 1477 557 περιμήκη
1496 502 1623 552 porti-

171 579 260 614 cus,
291 578 392 618 quae
421 567 523 603 intra
555 572 739 618 quattuor
757 565 858 616 pilas
882 565 1046 601 interius
1069 569 1280 600 curvantur
1300 567 1338 598 et
1356 572 1378 596 a
1399 557 1565 596 meridie
1583 563 1622 594 et

170 623 434 673 septentrione
468 636 558 660 eam
588 623 773 672 cingunt,
801 619 958 658 videtur
978 620 1251 666 intellexisse3
1284 614 1504 654 cuiusmodi
1520 614 1627 654 ναοῦ

169 693 241 722 seu
262 677 371 716 chori
390 678 499 717 aedis
518 677 828 717 Blachernianae
848 678 925 714 fuit
942 676 1080 728 figura,
1109 682 1153 713 ut
1175 681 1309 712 auctor
1334 680 1393 711 est
1410 672 1626 722 Procopius

171 734 220 773 de
240 735 372 773 Aedis.
394 737 417 776 1
449 738 496 784 3,
526 736 597 773 ubi
626 734 675 772 de
705 735 896 772 columnis
922 733 1053 771 aedis:
1084 731 1153 773 καὶ
1170 729 1218 772 τοὶ
1242 729 1313 782 μὲν
1336 727 1434 770 ἄλλα
1453 730 1528 769 τοῦ
1545 724 1624 767 νεώ

170 791 268 844 μέρη
292 788 380 832 κατ’
406 788 509 831 stiffi}
539 790 698 831 ἑστᾶσιν
727 791 768 831 οἷ
792 791 947 840 κίονες,
986 787 1087 844 navo?
1117 787 1161 830 δὲ
1191 787 1291 842 μέσα
1317 784 1624 827 ὖποστέλλονται

169 849 278 889 εἴσω.
334 846 406 886 sed
425 847 474 885 de
495 848 594 885 aulis
611 854 749 898 agetur
767 846 885 884 infra.

280 907 350 946 32.
407 905 596 951 Quattuor
625 903 840 940 maioribus
868 901 1056 950 arcubus,
1093 900 1163 953 qui
1193 906 1380 952 quattuor
1406 898 1622 936 maioribus

166 961 284 1012 pilis,
322 974 420 1014 quas
446 961 641 999 structiles
668 960 874 997 columnas
897 965 1012 996 vocat
1034 958 1229 1009 Ulpianus
1243 985 1254 1005 ,
1283 957 1528 1003 innituntur,
1552 956 1626 991 'in-

168 1018 318 1056 cumbit
351 1020 492 1070 ingens
520 1015 860 1068 hemisphaerium
892 1015 1087 1068 (trullum
1119 1020 1186 1051 aut
1216 1013 1379 1050 trullam
1409 1013 1529 1062 vulgo
1549 1024 1625 1048 vo·-

169 1073 286 1126 cant)
315 1088 386 1112 seu
405 1073 629 1112 aedificium
646 1071 862 1111 rottmdum
878 1085 923 1109 ac
938 1079 1042 1109 teres
1053 1100 1064 1119 ,
1094 1068 1203 1122 quod
1218 1072 1261 1107 in
1278 1071 1516 1106 immensam
1531 1068 1625 1104 alti-

167 1130 348 1169 tudinem
374 1130 566 1169 educitur.
621 1131 859 1181 Procopius:
887 1125 1069 1180 ῧπερθεν
1095 1125 1138 1167 δὲ
1163 1122 1298 1166 αὐτῶν
1329 1128 1424 1175 (τῶν
1443 1122 1622 1175 ἀψίδων)

166 1185 406 1239 κυκλοτερής
425 1187 637 1239 οἰκοδομία
655 1186 698 1227 ἐν
719 1181 942 1239 στρογγύλῳ
960 1185 1139 1239 ἐπῇρται.
1188 1181 1308 1220 huius
1327 1183 1531 1233 parietem,
1554 1182 1624 1233 qui

165 1245 367 1282 i11ssorbem
384 1245 508 1281 fertur
530 1244 773 1295 sustinetque
796 1241 1038 1280 testudinem
1056 1241 1336 1287 orbiculatam,
1366 1252 1418 1276 ex
1434 1239 1624 1275 lateribus

167 1302 350 1339 tenuibus
377 1301 599 1352 spongiosis
628 1312 675 1338 ac
705 1298 908 1348 candidis,
940 1311 1039 1351 quos
1073 1310 1126 1335 ex
1157 1295 1299 1334 Rhodo
1324 1295 1453 1332 insula
1479 1293 1625 1331 advehi

167 1365 370 1396 curaverat
384 1358 624 1395 Iustinianus
635 1385 647 1404 ,
678 1357 901 1394 confectum
919 1368 1004 1393 esse
1021 1355 1076 1391 ait
1093 1352 1266 1391 Codinus
1279 1382 1289 1400 ,
1318 1354 1447 1403 iisque
1466 1351 1622 1388 levibus

167 1413 266 1451 adeo
299 1421 344 1451 ut
375 1427 513 1451 eorum
542 1414 718 1464 quinque
749 1413 884 1450 lateris
908 1412 1026 1448 unius
1052 1409 1208 1462 pondus
1229 1423 1282 1446 ex
1305 1409 1394 1446 aliis
1418 1420 1623 1459 exaequa-

167 1477 275 1517 rent3
308 1483 361 1507 ex
390 1483 493 1522 quo,
522 1470 675 1520 inquit,
705 1470 748 1506 in
776 1469 919 1519 vulgus
938 1468 1046 1504 fama
1066 1479 1201 1518 sparsa
1229 1467 1279 1504 sit
1300 1465 1463 1502 trullam
1481 1465 1624 1515 templi
1674 1467 1677 1470 ⁴

166 1525 359 1578 Sophiani
387 1539 472 1564 esse
495 1523 780 1573 hederaceam,
810 1521 872 1564 ὅτι
892 1522 916 1564 ὅ
935 1526 1104 1577 τροῦλος
1119 1518 1353 1575 κισσᾶρινός
1369 1521 1487 1575 ἐστκιν.
1546 1533 1626 1573 quo

165 1583 254 1620 loco
283 1583 454 1621 Allatius
479 1579 695 1632 legendum
722 1588 855 1618 censet
883 1580 1188 1631 κυπαρίσσινος,
1218 1586 1410 1629 tanquam
1436 1579 1471 1615 si
1493 1575 1628 1614 hemi-

165 1638 395 1690 sphaerium
421 1638 644 1677 confectum
672 1637 792 1674 fuerit
810 1650 862 1675 ex
882 1648 1088 1688 nunquam
1104 1636 1348 1686 putrescenti
1365 1635 1499 1685 ligno:
1529 1647 1626 1670 nam

166 1703 270 1733 certe
304 1696 540 1747 cupressinis
567 1694 713 1731 tabulis
737 1696 820 1744 tegi
849 1694 986 1732 solitas
1012 1691 1131 1730 aedes
1157 1705 1286 1730 sacras
1305 1698 1443 1728 auctor
1462 1698 1521 1728 est
1540 1692 1624 1728 Leo

165 1753 248 1791 Ost.
280 1754 304 1792 1
334 1755 402 1793 20.
458 1763 598 1789 verum
626 1751 718 1798 alii,
760 1757 805 1787 ut
834 1750 1070 1787 Lambecius
1105 1755 1144 1786 et
1174 1747 1454 1796 combefisius,
1484 1748 1624 1798 legunt

164 1805 228 1849 ὅτι
253 1809 436 1859 κισηρίου
466 1806 572 1847 ἐστὶν
599 1804 623 1846 o‘
650 1808 838 1858 τροῦλος,
875 1804 919 1842 id
951 1812 1010 1842 est
1039 1806 1221 1855 pumicea
1250 1805 1384 1841 trulla.
1450 1806 1622 1854 parietes

165 1877 258 1903 vero
274 1866 341 1902 isti
357 1865 522 1901 latericii
541 1875 657 1913 opere
676 1863 831 1899 musivo
848 1862 1013 1898 interius
1030 1861 1176 1913 ubique
1196 1866 1450 1897 exornantur.
1508 1862 1622 1897 Ano-

164 1932 334 1972 nymus:
374 1916 461 1960 εἶθ’
491 1915 617 1966 οὕτως
647 1917 888 1969 ἕμουσίωσεν
921 1913 1061 1967 αὐτήν.
1133 1915 1393 1968 quadraginta
1424 1916 1621 1964 fenestris,

165 1984 264 2015 teste
285 1978 440 2029 Gyllio,
469 1977 602 2013 lucem
622 1973 794 2012 admittit
813 1973 922 2011 idem
940 1975 1070 2025 paries
1083 2002 1093 2021 ,
1125 1969 1226 2013 ὅθεν
1246 1968 1308 2012 oizi.
1327 1973 1488 2026 διαγελᾷ
1510 1975 1624 2025 προῖ-

164 2050 236 2074 τον
260 2032 411 2086 ἡμέρα,
441 2035 495 2070 ait
514 2033 742 2082 Procopius.
799 2029 906 2067 unde
930 2043 1019 2067 cum
1041 2043 1132 2081 pars
1150 2030 1221 2067 illa
1236 2027 1520 2079 hemisphaerii
1538 2036 1622 2066 tota

164 2091 382 2128 luminibus
401 2103 471 2127 seu
487 2090 617 2140 potius
638 2088 822 2125 fenestris
845 2087 1048 2134 colluceat,
1078 2084 1122 2126 w*
1145 2086 1327 2138 ἕμφωτον
1350 2085 1493 2122 dicitur
1510 2087 1622 2122 Eua-

165 2149 250 2198 grio
266 2177 275 2195 ‚
306 2148 375 2199 qui
395 2148 478 2183 eius
501 2143 752 2183 latitudinem
772 2157 843 2181 seu
867 2143 1104 2183 diametrum
1125 2156 1209 2180 esse
1227 2141 1378 2194 pedum
1391 2142 1445 2182 75
1465 2143 1618 2179 scribit:

163 2201 205 2244 τὸ
226 2202 268 2244 δὲ
286 2199 432 2250 πλάτος
450 2205 523 2242 τοῦ
539 2197 726 2253 ἐμφῶτου
743 2196 868 2240 αὐτοῦ
884 2200 1022 2240 ποδῶν
1042 2197 1106 2240 σε’.
1147 2212 1224 2251 (]113
1245 2212 1337 2237 vero
1361 2197 1619 2250 hemisphae-

163 2262 270 2297 rium
296 2266 479 2312 quattuor
507 2258 673 2296 arcubus
701 2258 868 2305 insistit,
900 2270 970 2294 seu
991 2258 1033 2293 in
1054 2258 1136 2293 ima
1154 2257 1217 2294 sui
1236 2262 1368 2307 parte,
1399 2257 1526 2293 maior
1550 2269 1618 2292 co-

165 2318 272 2354 ronis
293 2323 420 2354 totum
438 2316 545 2353 illius
567 2315 773 2352 circuitum
790 2315 1019 2352 interiorem
1040 2313 1163 2350 ambit
1191 2326 1236 2350 ac
1264 2311 1494 2350 circumdat.
1552 2313 1620 2350 Si-

163 2373 368 2411 lentiarius
391 2379 491 2424 part.
508 2374 537 2413 2
556 2385 596 2411 v.
614 2373 691 2412 67:

870 2423 952 2481 ὅπῃ
971 2425 1037 2466 καὶ
1060 2425 1147 2476 ῥ’ίζα
1167 2424 1362 2478 καθέρπει

384 2485 558 2536 σφαίρης
576 2479 813 2537 ἦμιτόμοιο,
841 2482 910 2524 καὶ
931 2480 1097 2535 ἄντυγές
1117 2482 1237 2532 εἰσιν,
1267 2481 1413 2536 ἕλιγμῷ

381 2544 453 2581 τοῦ
477 2537 662 2593 πυμάτου
683 2538 867 2590 κύκλοιο,
895 2537 967 2580 τὸν
990 2535 1155 2590 οἷψίδων
1177 2535 1277 2578 natu?
1297 2541 1405 2578 νῶτα

384 2594 520 2651 ἀνέρες
538 2593 832 2648 ἐστεφάνωσαν.

166 2665 265 2690 mox
292 2651 402 2691 addit
423 2661 468 2692 ut
490 2656 756 2705 prominentes
777 2651 955 2692 eiusdem
974 2651 1171 2691 coronidis
1190 2649 1344 2702 lapides
1364 2650 1471 2687 viam
1491 2661 1621 2698 augu-

168 2716 293 2758 stam,
322 2712 527 2759 cancellis,
556 2718 601 2748 ut
620 2723 691 2761 par
708 2717 766 2748 est
783 2709 963 2758 credere,
992 2710 1132 2747 ferreis
1156 2709 1374 2754 munitam,
1403 2706 1619 2757 porrigant,

169 2779 247 2817 qua
281 2763 558 2817 κανδηλᾶπτης
586 2780 657 2805 seu
682 2763 927 2818 κηροφόρος,
959 2767 1030 2818 qui
1050 2766 1263 2804 luminaria
1283 2762 1463 2802 accendit
1483 2763 1526 2797 in
1546 2758 1620 2796 he-

167 2821 407 2874 misphaerio
423 2821 655 2874 pendentia,
672 2822 872 2875 ⁸progredi
889 2823 1011 2861 solet:
