<?xml version="1.0" encoding="UTF-8"?>
<!DOCTYPE html PUBLIC "-//W3C//DTD XHTML 1.0 Transitional//EN"
    "http://www.w3.org/TR/xhtml1/DTD/xhtml1-transitional.dtd">
<html xmlns="http://www.w3.org/1999/xhtml" xml:lang="en" lang="en">
 <head>
  <title>
</title>
<meta http-equiv="Content-Type" content="text/html;charset=utf-8" />
  <meta name='ocr-system' content='tesseract 3.04.00' />
  <meta name='ocr-capabilities' content='ocr_page ocr_carea ocr_par ocr_line ocrx_word'/>
</head>
<body>
  <div class='ocr_page' id='page_1' title='image "./corpusscriptorum42niebuoft/corpusscriptorum42niebuoft_0476.png"; bbox 0 0 1890 3224; ppageno 0'>
   <div class='ocr_carea' id='block_1_1' title="bbox 253 159 1342 213">
    <p class='ocr_par' dir='ltr' id='par_1_1' title="bbox 253 159 1342 213">
     <span class='ocr_line' id='line_1_1' title="bbox 253 159 1342 213; baseline -0.01 0"><span class='ocrx_word' id='word_1_1' title='bbox 253 163 319 213; x_wconf 80' lang='lat'><strong>54</strong></span> <span class='ocrx_word' id='word_1_2' title='bbox 610 160 966 208; x_wconf 87' lang='lat' dir='ltr'>NICEPHORUS</span> <span class='ocrx_word' id='word_1_3' title='bbox 1001 159 1342 204; x_wconf 82' lang='lat' dir='ltr'><strong>CPOLITANUS</strong></span> 
     </span>
    </p>
   </div>
   <div class='ocr_carea' id='block_1_2' title="bbox 154 270 1784 1833">
    <p class='ocr_par' dir='ltr' id='par_1_2' title="bbox 253 270 1740 609">
     <span class='ocr_line' id='line_1_2' title="bbox 253 270 1704 336; baseline -0.008 -12"><span class='ocrx_word' id='word_1_4' title='bbox 253 278 471 336; x_wconf 73' lang='grc' dir='ltr'>ἐξημμένον</span> <span class='ocrx_word' id='word_1_5' title='bbox 499 275 718 334; x_wconf 74' lang='grc' dir='ltr'><strong><em>τραπέζης,</em></strong></span> <span class='ocrx_word' id='word_1_6' title='bbox 754 271 856 331; x_wconf 78' lang='grc' dir='ltr'><strong><em>μήτε</em></strong></span> <span class='ocrx_word' id='word_1_7' title='bbox 883 272 934 318; x_wconf 76' lang='grc' dir='ltr'><strong><em>τὰ</em></strong></span> <span class='ocrx_word' id='word_1_8' title='bbox 962 272 1005 316; x_wconf 76' lang='grc' dir='ltr'><strong>ἔκ</strong></span> <span class='ocrx_word' id='word_1_9' title='bbox 1031 277 1107 316; x_wconf 74' lang='grc' dir='ltr'><strong><em>τοῢ.</em></strong></span> <span class='ocrx_word' id='word_1_10' title='bbox 1137 271 1431 329; x_wconf 69' lang='grc' dir='ltr'><strong><em>θυσιαστηρίου</em></strong></span> <span class='ocrx_word' id='word_1_11' title='bbox 1464 270 1704 328; x_wconf 72' lang='grc' dir='ltr'><strong><em>εὐλαβηθεὶς</em></strong></span> 
     </span>
     <span class='ocr_line' id='line_1_3' title="bbox 253 335 1704 405; baseline -0.006 -14"><span class='ocrx_word' id='word_1_12' title='bbox 253 347 354 405; x_wconf 82' lang='grc' dir='ltr'><strong><em>μήτε</em></strong></span> <span class='ocrx_word' id='word_1_13' title='bbox 374 353 458 397; x_wconf 77' lang='grc' dir='ltr'><strong><em>τοῖς</em></strong></span> <span class='ocrx_word' id='word_1_14' title='bbox 476 349 638 396; x_wconf 81' lang='grc' dir='ltr'><strong><em>πολλοῖς</em></strong></span> <span class='ocrx_word' id='word_1_15' title='bbox 659 343 852 402; x_wconf 78' lang='grc' dir='ltr'><strong><em>δάκρυσιν</em></strong></span> <span class='ocrx_word' id='word_1_16' title='bbox 868 342 1132 393; x_wconf 82' lang='grc' dir='ltr'><strong><em>Ἀναστασίας</em></strong></span> <span class='ocrx_word' id='word_1_17' title='bbox 1150 346 1223 396; x_wconf 82' lang='grc' dir='ltr'><strong><em>τῆς</em></strong></span> <span class='ocrx_word' id='word_1_18' title='bbox 1242 341 1367 385; x_wconf 76' lang='grc' dir='ltr'><strong><em>αὐτοῦ</em></strong></span> <span class='ocrx_word' id='word_1_19' title='bbox 1386 337 1555 396; x_wconf 79' lang='grc' dir='ltr'><strong><em>μάμμης</em></strong></span> <span class='ocrx_word' id='word_1_20' title='bbox 1571 335 1704 393; x_wconf 61' lang='grc' dir='ltr'><strong><em>εἴξας·</em></strong></span> 
     </span>
     <span class='ocr_line' id='line_1_4' title="bbox 255 408 1704 473; baseline -0.006 -13"><span class='ocrx_word' id='word_1_21' title='bbox 255 421 389 473; x_wconf 83' lang='grc' dir='ltr'><strong><em>παρῆν</em></strong></span> <span class='ocrx_word' id='word_1_22' title='bbox 408 414 485 471; x_wconf 78' lang='grc' dir='ltr'><strong><em>γὰρ</em></strong></span> <span class='ocrx_word' id='word_1_23' title='bbox 508 414 574 456; x_wconf 85' lang='grc' dir='ltr'><strong>καὶ</strong></span> <span class='ocrx_word' id='word_1_24' title='bbox 597 413 699 467; x_wconf 76' lang='grc' dir='ltr'><strong><em>αὐτὴ</em></strong></span> <span class='ocrx_word' id='word_1_25' title='bbox 719 417 777 471; x_wconf 78' lang='grc' dir='ltr'><strong><em>τῷ</em></strong></span> <span class='ocrx_word' id='word_1_26' title='bbox 797 409 943 470; x_wconf 76' lang='grc' dir='ltr'><strong><em>ἓγγόνῳ</em></strong></span> <span class='ocrx_word' id='word_1_27' title='bbox 965 408 1337 467; x_wconf 76' lang='grc' dir='ltr'><strong><em>συγκινδυνεῦουσα.</em></strong></span> <span class='ocrx_word' id='word_1_28' title='bbox 1405 410 1472 451; x_wconf 83' lang='grc' dir='ltr'><strong>καὶ</strong></span> <span class='ocrx_word' id='word_1_29' title='bbox 1489 413 1627 452; x_wconf 78' lang='grc' dir='ltr'><strong><em>τοῦτον</em></strong></span> <span class='ocrx_word' id='word_1_30' title='bbox 1648 410 1704 459; x_wconf 79' lang='grc' dir='ltr'><strong>εἷς</strong></span> 
     </span>
     <span class='ocr_line' id='line_1_5' title="bbox 256 477 1705 539; baseline -0.006 -13"><span class='ocrx_word' id='word_1_31' title='bbox 256 485 330 539; x_wconf 83' lang='grc' dir='ltr'><strong><em>τὴν</em></strong></span> <span class='ocrx_word' id='word_1_32' title='bbox 348 482 594 537; x_wconf 79' lang='grc' dir='ltr'><strong><em>καλουμένην</em></strong></span> <span class='ocrx_word' id='word_1_33' title='bbox 610 485 689 528; x_wconf 79' lang='grc' dir='ltr'><strong><em>τῶν</em></strong></span> <span class='ocrx_word' id='word_1_34' title='bbox 709 481 960 525; x_wconf 77' lang='grc' dir='ltr'><strong><em>Καλλινίκων</em></strong></span> <span class='ocrx_word' id='word_1_35' title='bbox 977 478 1087 538; x_wconf 75' lang='grc' dir='ltr'><strong><em>ζῴων</em></strong></span> <span class='ocrx_word' id='word_1_36' title='bbox 1105 477 1260 534; x_wconf 67' lang='grc' dir='ltr'><strong><em>ἀλόγων</em></strong></span> <span class='ocrx_word' id='word_1_37' title='bbox 1278 478 1389 533; x_wconf 80' lang='grc' dir='ltr'><strong><em>δίκην</em></strong></span> <span class='ocrx_word' id='word_1_38' title='bbox 1403 478 1586 536; x_wconf 73' lang='grc' dir='ltr'><strong><em>μαχαίρᾳ</em></strong></span> <span class='ocrx_word' id='word_1_39' title='bbox 1601 477 1705 519; x_wconf 75' lang='grc' dir='ltr'><strong><em>ἀπο-</em></strong></span> 
     </span>
     <span class='ocr_line' id='line_1_6' title="bbox 258 545 1740 609; baseline -0.004 -15"><span class='ocrx_word' id='word_1_40' title='bbox 258 550 531 609; x_wconf 82' lang='grc' dir='ltr'><strong><em>σφάττουσιν,</em></strong></span> <span class='ocrx_word' id='word_1_41' title='bbox 560 550 601 593; x_wconf 77' lang='grc' dir='ltr'><strong>ἓν</strong></span> <span class='ocrx_word' id='word_1_42' title='bbox 631 554 688 608; x_wconf 77' lang='grc' dir='ltr'><strong><em>τῷ</em></strong></span> <span class='ocrx_word' id='word_1_43' title='bbox 719 550 812 608; x_wconf 77' lang='grc' dir='ltr'><strong><em>ἱερῷ</em></strong></span> <span class='ocrx_word' id='word_1_44' title='bbox 840 553 920 592; x_wconf 79' lang='grc' dir='ltr'><strong><em>τῶν</em></strong></span> <span class='ocrx_word' id='word_1_45' title='bbox 942 550 1067 591; x_wconf 71' lang='grc' dir='ltr'><strong><em>θείων</em></strong></span> <span class='ocrx_word' id='word_1_46' title='bbox 1081 545 1334 605; x_wconf 78' lang='grc' dir='ltr'><strong><em>Ἀναργύρων</em></strong></span> <span class='ocrx_word' id='word_1_47' title='bbox 1352 551 1433 589; x_wconf 75' lang='grc' dir='ltr'><strong><em>τῶν</em></strong></span> <span class='ocrx_word' id='word_1_48' title='bbox 1453 546 1740 600; x_wconf 74' lang='grc' dir='ltr'><strong><em>καλουμένωνό</em></strong></span> 
     </span>
    </p>

    <p class='ocr_par' dir='ltr' id='par_1_3' title="bbox 208 611 1738 813">
     <span class='ocr_line' id='line_1_7' title="bbox 208 611 1712 676; baseline -0.005 -13"><span class='ocrx_word' id='word_1_49' title='bbox 208 628 241 663; x_wconf 90' lang='lat' dir='ltr'>D</span> <span class='ocrx_word' id='word_1_50' title='bbox 264 625 344 664; x_wconf 84' lang='grc' dir='ltr'><strong><em>τῶν</em></strong></span> <span class='ocrx_word' id='word_1_51' title='bbox 368 620 578 674; x_wconf 86' lang='grc' dir='ltr'><strong><em>Παυλίνης</em></strong></span> <span class='ocrx_word' id='word_1_52' title='bbox 597 622 774 676; x_wconf 81' lang='grc' dir='ltr'><strong><em>ταφῆναι</em></strong></span> <span class='ocrx_word' id='word_1_53' title='bbox 795 615 1102 676; x_wconf 80' lang='grc' dir='ltr'><strong><em>προστάξαντες.</em></strong></span> <span class='ocrx_word' id='word_1_54' title='bbox 1167 615 1272 671; x_wconf 70' lang='grc' dir='ltr'><strong><em>μεθ’·</em></strong></span> <span class='ocrx_word' id='word_1_55' title='bbox 1293 613 1338 658; x_wconf 78' lang='grc' dir='ltr'><strong>ὃν</strong></span> <span class='ocrx_word' id='word_1_56' title='bbox 1361 611 1712 669; x_wconf 79' lang='grc' dir='ltr'><strong><em>συλλαμβάνονται</em></strong></span> 
     </span>
     <span class='ocr_line' id='line_1_8' title="bbox 259 681 1738 745; baseline -0.005 -14"><span class='ocrx_word' id='word_1_57' title='bbox 259 690 328 732; x_wconf 84' lang='grc' dir='ltr'><strong>καὶ</strong></span> <span class='ocrx_word' id='word_1_58' title='bbox 364 684 728 745; x_wconf 81' lang='grc' dir='ltr'><strong><em>Βαρασβακούριον</em></strong></span> <span class='ocrx_word' id='word_1_59' title='bbox 758 688 826 730; x_wconf 88' lang='grc' dir='ltr'><strong>καὶ</strong></span> <span class='ocrx_word' id='word_1_60' title='bbox 857 685 953 737; x_wconf 69' lang='grc' dir='ltr'><strong><em>τοὺς</em></strong></span> <span class='ocrx_word' id='word_1_61' title='bbox 985 683 1149 735; x_wconf 71' lang='grc' dir='ltr'><strong><em>λοιποὺς</em></strong></span> <span class='ocrx_word' id='word_1_62' title='bbox 1176 684 1460 728; x_wconf 82' lang='grc' dir='ltr'><strong><em>Ἰουστινιανοῧ</em></strong></span> <span class='ocrx_word' id='word_1_63' title='bbox 1500 681 1712 741; x_wconf 75' lang='grc' dir='ltr'><strong><em>ἄρχοντας,</em></strong></span> <span class='ocrx_word' id='word_1_64' title='bbox 1735 727 1738 729; x_wconf 53' lang='grc'><strong>,</strong></span> 
     </span>
     <span class='ocr_line' id='line_1_9' title="bbox 261 755 1438 813; baseline -0.004 -13"><span class='ocrx_word' id='word_1_65' title='bbox 261 759 330 800; x_wconf 80' lang='grc' dir='ltr'><strong>καὶ</strong></span> <span class='ocrx_word' id='word_1_66' title='bbox 349 755 502 807; x_wconf 79' lang='grc' dir='ltr'><strong><em>πάντας</em></strong></span> <span class='ocrx_word' id='word_1_67' title='bbox 522 757 627 812; x_wconf 80' lang='grc' dir='ltr'><strong><em>ξίφει</em></strong></span> <span class='ocrx_word' id='word_1_68' title='bbox 649 755 872 813; x_wconf 80' lang='grc' dir='ltr'><strong><em>ἀναιροῦσι.</em></strong></span> <span class='ocrx_word' id='word_1_69' title='bbox 1435 779 1438 783; x_wconf 84' lang='grc'>·</span> 
     </span>
    </p>

    <p class='ocr_par' dir='ltr' id='par_1_4' title="bbox 262 816 1779 1284">
     <span class='ocr_line' id='line_1_10' title="bbox 400 816 1715 881; baseline -0.006 -14"><span class='ocrx_word' id='word_1_70' title='bbox 400 824 643 874; x_wconf 82' lang='grc' dir='ltr'><strong><em>Φιλιππικὸς</em></strong></span> <span class='ocrx_word' id='word_1_71' title='bbox 672 825 716 867; x_wconf 80' lang='grc' dir='ltr'><strong>δὲ</strong></span> <span class='ocrx_word' id='word_1_72' title='bbox 746 824 928 878; x_wconf 78' lang='grc' dir='ltr'><strong><em>ἇσὲμνως</em></strong></span> <span class='ocrx_word' id='word_1_73' title='bbox 957 822 1025 865; x_wconf 73' lang='grc' dir='ltr'><strong><em>καὶ</em></strong></span> <span class='ocrx_word' id='word_1_74' title='bbox 1053 817 1253 881; x_wconf 70' lang='grc' dir='ltr'><strong><em>ῥαθύμως</em></strong></span> <span class='ocrx_word' id='word_1_75' title='bbox 1275 818 1329 862; x_wconf 79' lang='grc' dir='ltr'><strong><em>τὰ</em></strong></span> <span class='ocrx_word' id='word_1_76' title='bbox 1354 819 1539 874; x_wconf 79' lang='grc' dir='ltr'><strong><em>βασίλεια</em></strong></span> <span class='ocrx_word' id='word_1_77' title='bbox 1570 816 1715 860; x_wconf 71' lang='grc' dir='ltr'><strong><em>διέπων</em></strong></span> 
     </span>
     <span class='ocr_line' id='line_1_11' title="bbox 262 885 1772 952; baseline -0.007 -16"><span class='ocrx_word' id='word_1_78' title='bbox 262 892 459 952; x_wconf 71' lang='grc' dir='ltr'><strong><em>ἐφαίνετο,</em></strong></span> <span class='ocrx_word' id='word_1_79' title='bbox 493 892 587 943; x_wconf 76' lang='grc' dir='ltr'><strong><em>τοὺς</em></strong></span> <span class='ocrx_word' id='word_1_80' title='bbox 609 893 654 935; x_wconf 76' lang='grc' dir='ltr'><strong>δὲ</strong></span> <span class='ocrx_word' id='word_1_81' title='bbox 671 893 712 935; x_wconf 74' lang='grc' dir='ltr'><strong>ἓν</strong></span> <span class='ocrx_word' id='word_1_82' title='bbox 732 897 782 950; x_wconf 86' lang='grc' dir='ltr'><strong><em>τῇ</em></strong></span> <span class='ocrx_word' id='word_1_83' title='bbox 802 892 894 950; x_wconf 68' lang='grc' dir='ltr'><strong><em>ἕκτῃ</em></strong></span> <span class='ocrx_word' id='word_1_84' title='bbox 914 893 1165 947; x_wconf 79' lang='grc' dir='ltr'><strong><em>οἲκουμενικῇ</em></strong></span> <span class='ocrx_word' id='word_1_85' title='bbox 1185 887 1343 947; x_wconf 71' lang='grc' dir='ltr'><strong><em>συνόδῳ</em></strong></span> <span class='ocrx_word' id='word_1_86' title='bbox 1365 887 1541 944; x_wconf 70' lang='grc' dir='ltr'><strong><em>πατέρας</em></strong></span> <span class='ocrx_word' id='word_1_87' title='bbox 1562 885 1715 928; x_wconf 62' lang='lat' dir='ltr'><strong>‹iuva-&#39;h&#39;-</strong></span> <span class='ocrx_word' id='word_1_88' title='bbox 1727 889 1772 926; x_wconf 84' lang='lat'><strong>1⁰</strong></span> 
     </span>
     <span class='ocr_line' id='line_1_12' title="bbox 263 953 1719 1019; baseline -0.005 -15"><span class='ocrx_word' id='word_1_89' title='bbox 263 979 363 1017; x_wconf 88' lang='grc' dir='ltr'><strong><em>ματι</em></strong></span> <span class='ocrx_word' id='word_1_90' title='bbox 383 961 642 1015; x_wconf 70' lang='grc' dir='ltr'><strong><em>καθυπέβαλε</em></strong></span> <span class='ocrx_word' id='word_1_91' title='bbox 651 991 666 1013; x_wconf 85' lang='grc'>,</span> <span class='ocrx_word' id='word_1_92' title='bbox 699 961 752 1004; x_wconf 84' lang='grc' dir='ltr'><strong><em>τὰ</em></strong></span> <span class='ocrx_word' id='word_1_93' title='bbox 768 960 868 1019; x_wconf 76' lang='grc' dir='ltr'><strong><em>παρ’</em></strong></span> <span class='ocrx_word' id='word_1_94' title='bbox 892 959 1026 1002; x_wconf 70' lang='grc' dir='ltr'><strong><em>αὐτῶν</em></strong></span> <span class='ocrx_word' id='word_1_95' title='bbox 1042 957 1195 1008; x_wconf 69' lang='grc' dir='ltr'><strong><em>εὐθέως</em></strong></span> <span class='ocrx_word' id='word_1_96' title='bbox 1210 956 1532 1011; x_wconf 68' lang='grc' dir='ltr'><strong><em>δογματισθέντα</em></strong></span> <span class='ocrx_word' id='word_1_97' title='bbox 1552 953 1626 997; x_wconf 79' lang='grc' dir='ltr'><strong>δύο</strong></span> <span class='ocrx_word' id='word_1_98' title='bbox 1646 958 1719 997; x_wconf 79' lang='grc' dir='ltr'><strong><em>τοῦ</em></strong></span> 
     </span>
     <span class='ocr_line' id='line_1_13' title="bbox 265 1021 1721 1086; baseline -0.007 -12"><span class='ocrx_word' id='word_1_99' title='bbox 265 1034 448 1086; x_wconf 84' lang='grc' dir='ltr'><strong><em>σωτῆρος</em></strong></span> <span class='ocrx_word' id='word_1_100' title='bbox 478 1027 694 1083; x_wconf 75' lang='grc' dir='ltr'><strong><em>θελήματα</em></strong></span> <span class='ocrx_word' id='word_1_101' title='bbox 724 1031 790 1072; x_wconf 80' lang='grc' dir='ltr'><strong>καὶ</strong></span> <span class='ocrx_word' id='word_1_102' title='bbox 817 1028 1013 1085; x_wconf 77' lang='grc' dir='ltr'><strong><em>ἐνεργείας</em></strong></span> <span class='ocrx_word' id='word_1_103' title='bbox 1031 1026 1090 1081; x_wconf 77' lang='grc' dir='ltr'><strong>μὴ</strong></span> <span class='ocrx_word' id='word_1_104' title='bbox 1114 1023 1407 1080; x_wconf 77' lang='grc' dir='ltr'><strong><em>ἀποδεχόμενος</em></strong></span> <span class='ocrx_word' id='word_1_105' title='bbox 1414 1055 1428 1076; x_wconf 88' lang='grc'>,</span> <span class='ocrx_word' id='word_1_106' title='bbox 1462 1021 1721 1080; x_wconf 76' lang='grc' dir='ltr'><strong><em>συλλήπτορα</em></strong></span> 
     </span>
     <span class='ocr_line' id='line_1_14' title="bbox 268 1091 1722 1154; baseline -0.005 -14"><span class='ocrx_word' id='word_1_107' title='bbox 268 1095 460 1154; x_wconf 68' lang='grc' dir='ltr'><strong><em>εὑρίσκων</em></strong></span> <span class='ocrx_word' id='word_1_108' title='bbox 474 1096 660 1151; x_wconf 78' lang='grc' dir='ltr'><strong><em>Ἰωάννην</em></strong></span> <span class='ocrx_word' id='word_1_109' title='bbox 678 1095 749 1141; x_wconf 86' lang='grc' dir='ltr'><strong><em>τὸν-</em></strong></span> <span class='ocrx_word' id='word_1_110' title='bbox 768 1100 987 1152; x_wconf 69' lang='grc' dir='ltr'><strong><em>τηνικακῢτα</em></strong></span> <span class='ocrx_word' id='word_1_111' title='bbox 1003 1099 1076 1149; x_wconf 80' lang='grc' dir='ltr'><strong><em>τῆς</em></strong></span> <span class='ocrx_word' id='word_1_112' title='bbox 1093 1091 1245 1143; x_wconf 79' lang='grc' dir='ltr'><strong><em>πόλεως</em></strong></span> <span class='ocrx_word' id='word_1_113' title='bbox 1265 1092 1452 1149; x_wconf 78' lang='grc' dir='ltr'><strong><em>ἀρχιερέα</em></strong></span> <span class='ocrx_word' id='word_1_114' title='bbox 1469 1093 1536 1134; x_wconf 76' lang='grc' dir='ltr'><strong><em>καὶ</em></strong></span> <span class='ocrx_word' id='word_1_115' title='bbox 1555 1093 1596 1132; x_wconf 95' lang='grc' dir='ltr'>Γ</span> <span class='ocrx_word' id='word_1_116' title='bbox 1593 1108 1722 1149; x_wconf 90' lang='grc' dir='ltr'><strong><em>ερμα-</em></strong></span> 
     </span>
     <span class='ocr_line' id='line_1_15' title="bbox 267 1159 1723 1223; baseline -0.004 -17"><span class='ocrx_word' id='word_1_117' title='bbox 267 1165 337 1207; x_wconf 85' lang='grc' dir='ltr'><strong>νὸν</strong></span> <span class='ocrx_word' id='word_1_118' title='bbox 370 1165 440 1208; x_wconf 83' lang='grc' dir='ltr'><strong><em>τὸν</em></strong></span> <span class='ocrx_word' id='word_1_119' title='bbox 470 1166 647 1217; x_wconf 86' lang='grc' dir='ltr'><strong><em>Κυζίκου</em></strong></span> <span class='ocrx_word' id='word_1_120' title='bbox 680 1165 976 1223; x_wconf 81' lang='grc' dir='ltr'><strong><em>μητροπολίτην</em></strong></span> <span class='ocrx_word' id='word_1_121' title='bbox 1004 1163 1074 1204; x_wconf 83' lang='grc' dir='ltr'><strong>καὶ</strong></span> <span class='ocrx_word' id='word_1_122' title='bbox 1097 1159 1257 1218; x_wconf 67' lang='grc' dir='ltr'><strong><em>ἑτέρους</em></strong></span> <span class='ocrx_word' id='word_1_123' title='bbox 1281 1159 1397 1218; x_wconf 73' lang='grc' dir='ltr'><strong><em>ἱερεῖς</em></strong></span> <span class='ocrx_word' id='word_1_124' title='bbox 1418 1161 1485 1202; x_wconf 82' lang='grc' dir='ltr'><strong>καὶ</strong></span> <span class='ocrx_word' id='word_1_125' title='bbox 1508 1161 1723 1216; x_wconf 78' lang='grc' dir='ltr'><strong><em>συγκλητι-</em></strong></span> 
     </span>
     <span class='ocr_line' id='line_1_16' title="bbox 266 1230 1779 1284; baseline -0.006 -8"><span class='ocrx_word' id='word_1_126' title='bbox 266 1233 362 1284; x_wconf 73' lang='grc' dir='ltr'><strong><em>κοὺς</em></strong></span> <span class='ocrx_word' id='word_1_127' title='bbox 389 1233 611 1282; x_wconf 81' lang='grc' dir='ltr'><strong><em>πλείστους.</em></strong></span> <span class='ocrx_word' id='word_1_128' title='bbox 1734 1230 1779 1268; x_wconf 82' lang='lat'><strong>15</strong></span> 
     </span>
    </p>

    <p class='ocr_par' dir='ltr' id='par_1_5' title="bbox 399 1291 1725 1356">
     <span class='ocr_line' id='line_1_17' title="bbox 399 1291 1725 1356; baseline -0.005 -13"><span class='ocrx_word' id='word_1_129' title='bbox 399 1299 467 1343; x_wconf 86' lang='grc' dir='ltr'><strong>Ἔν</strong></span> <span class='ocrx_word' id='word_1_130' title='bbox 497 1298 654 1350; x_wconf 77' lang='grc' dir='ltr'><strong><em>τούτοις</em></strong></span> <span class='ocrx_word' id='word_1_131' title='bbox 680 1302 761 1343; x_wconf 82' lang='grc' dir='ltr'><strong><em>τῶν</em></strong></span> <span class='ocrx_word' id='word_1_132' title='bbox 780 1295 1029 1356; x_wconf 77' lang='grc' dir='ltr'><strong><em>Βουλγᾶρων</em></strong></span> <span class='ocrx_word' id='word_1_133' title='bbox 1047 1295 1211 1352; x_wconf 76' lang='grc' dir='ltr'><strong><em>ὁπλίτης</em></strong></span> <span class='ocrx_word' id='word_1_134' title='bbox 1231 1293 1370 1351; x_wconf 85' lang='grc' dir='ltr'><strong><em>ὅμιλος</em></strong></span> <span class='ocrx_word' id='word_1_135' title='bbox 1388 1291 1554 1352; x_wconf 76' lang='grc' dir='ltr'><strong><em>ἀθρόως</em></strong></span> <span class='ocrx_word' id='word_1_136' title='bbox 1570 1293 1666 1344; x_wconf 70' lang='grc' dir='ltr'><strong><em>τοὺς</em></strong></span> <span class='ocrx_word' id='word_1_137' title='bbox 1683 1294 1725 1337; x_wconf 81' lang='grc' dir='ltr'><strong>ἓν</strong></span> 
     </span>
    </p>

    <p class='ocr_par' dir='ltr' id='par_1_6' title="bbox 154 1363 1784 1833">
     <span class='ocr_line' id='line_1_18' title="bbox 154 1363 1727 1428; baseline -0.004 -17"><span class='ocrx_word' id='word_1_138' title='bbox 154 1377 184 1411; x_wconf 90' lang='grc' dir='ltr'><strong>Ρ</strong></span> <span class='ocrx_word' id='word_1_139' title='bbox 204 1375 250 1412; x_wconf 75' lang='lat'><strong>32</strong></span> <span class='ocrx_word' id='word_1_140' title='bbox 272 1372 331 1427; x_wconf 75' lang='grc' dir='ltr'><strong><em>τῷ</em></strong></span> <span class='ocrx_word' id='word_1_141' title='bbox 351 1368 543 1428; x_wconf 69' lang='grc' dir='ltr'><strong><em>Θρακικῷ</em></strong></span> <span class='ocrx_word' id='word_1_142' title='bbox 564 1365 766 1426; x_wconf 83' lang='grc' dir='ltr'><strong><em>Βοσπόρῳ</em></strong></span> <span class='ocrx_word' id='word_1_143' title='bbox 788 1370 997 1416; x_wconf 79' lang='grc' dir='ltr'><strong><em>οἰκοῦντας</em></strong></span> <span class='ocrx_word' id='word_1_144' title='bbox 1025 1366 1288 1409; x_wconf 74' lang='grc' dir='ltr'><strong><em>ἐπεισπίπτει·</em></strong></span> <span class='ocrx_word' id='word_1_145' title='bbox 1322 1365 1390 1406; x_wconf 84' lang='grc' dir='ltr'><strong>καὶ</strong></span> <span class='ocrx_word' id='word_1_146' title='bbox 1415 1363 1514 1405; x_wconf 85' lang='grc' dir='ltr'><strong><em>λαὸν</em></strong></span> <span class='ocrx_word' id='word_1_147' title='bbox 1543 1367 1727 1426; x_wconf 77' lang='grc' dir='ltr'><strong><em>πλεῖστον</em></strong></span> 
     </span>
     <span class='ocr_line' id='line_1_19' title="bbox 272 1431 1729 1494; baseline -0.005 -14"><span class='ocrx_word' id='word_1_148' title='bbox 272 1439 339 1480; x_wconf 82' lang='grc' dir='ltr'><strong>καὶ</strong></span> <span class='ocrx_word' id='word_1_149' title='bbox 361 1436 481 1491; x_wconf 78' lang='grc' dir='ltr'><strong><em>σκεύη</em></strong></span> <span class='ocrx_word' id='word_1_150' title='bbox 503 1436 574 1478; x_wconf 79' lang='grc' dir='ltr'><strong>οὐκ</strong></span> <span class='ocrx_word' id='word_1_151' title='bbox 593 1436 706 1492; x_wconf 77' lang='grc' dir='ltr'><strong><em>ὀλίγα</em></strong></span> <span class='ocrx_word' id='word_1_152' title='bbox 725 1435 824 1494; x_wconf 77' lang='grc' dir='ltr'><strong><em>παρ’</em></strong></span> <span class='ocrx_word' id='word_1_153' title='bbox 848 1436 981 1478; x_wconf 75' lang='grc' dir='ltr'><strong><em>αὐτῶν</em></strong></span> <span class='ocrx_word' id='word_1_154' title='bbox 1003 1431 1348 1492; x_wconf 79' lang='grc' dir='ltr'><strong><em>προσκτησάμενοι</em></strong></span> <span class='ocrx_word' id='word_1_155' title='bbox 1358 1463 1372 1484; x_wconf 89' lang='lat'><strong><em>,</em></strong></span> <span class='ocrx_word' id='word_1_156' title='bbox 1405 1432 1542 1482; x_wconf 81' lang='grc' dir='ltr'><strong><em>ἀδείας</em></strong></span> <span class='ocrx_word' id='word_1_157' title='bbox 1573 1432 1617 1474; x_wconf 80' lang='grc' dir='ltr'><strong>δὲ</strong></span> <span class='ocrx_word' id='word_1_158' title='bbox 1651 1431 1729 1473; x_wconf 77' lang='grc' dir='ltr'><strong>αὖ-</strong></span> 
     </span>
     <span class='ocr_line' id='line_1_20' title="bbox 272 1498 1729 1562; baseline -0.004 -14"><span class='ocrx_word' id='word_1_159' title='bbox 272 1511 358 1555; x_wconf 83' lang='grc' dir='ltr'><strong><em>τοΐς</em></strong></span> <span class='ocrx_word' id='word_1_160' title='bbox 384 1504 699 1562; x_wconf 76' lang='grc' dir='ltr'><strong><em>προσγενομένης</em></strong></span> <span class='ocrx_word' id='word_1_161' title='bbox 707 1536 726 1556; x_wconf 80' lang='grc'><strong>,,</strong></span> <span class='ocrx_word' id='word_1_162' title='bbox 755 1506 823 1546; x_wconf 84' lang='grc' dir='ltr'><strong>καὶ</strong></span> <span class='ocrx_word' id='word_1_163' title='bbox 845 1503 948 1561; x_wconf 87' lang='grc' dir='ltr'><strong><em>πρὸς</em></strong></span> <span class='ocrx_word' id='word_1_164' title='bbox 964 1507 1022 1561; x_wconf 76' lang='grc' dir='ltr'><strong><em>τῷ</em></strong></span> <span class='ocrx_word' id='word_1_165' title='bbox 1037 1503 1216 1560; x_wconf 78' lang='grc' dir='ltr'><strong><em>χερσαίῳ</em></strong></span> <span class='ocrx_word' id='word_1_166' title='bbox 1235 1503 1352 1556; x_wconf 83' lang='grc' dir='ltr'><strong><em>τείχει</em></strong></span> <span class='ocrx_word' id='word_1_167' title='bbox 1372 1504 1444 1555; x_wconf 84' lang='grc' dir='ltr'><strong><em>τῆς</em></strong></span> <span class='ocrx_word' id='word_1_168' title='bbox 1461 1498 1613 1550; x_wconf 89' lang='grc' dir='ltr'><strong><em>πόλεως</em></strong></span> <span class='ocrx_word' id='word_1_169' title='bbox 1635 1515 1729 1543; x_wconf 82' lang='grc' dir='ltr'><strong><em>σκε-</em></strong></span> 
     </span>
     <span class='ocr_line' id='line_1_21' title="bbox 274 1566 1784 1628; baseline -0.005 -12"><span class='ocrx_word' id='word_1_170' title='bbox 274 1571 509 1624; x_wconf 79' lang='grc' dir='ltr'><strong><em>δάννυνται,</em></strong></span> <span class='ocrx_word' id='word_1_171' title='bbox 538 1572 631 1628; x_wconf 79' lang='grc' dir='ltr'><strong><em>ἄχρι</em></strong></span> <span class='ocrx_word' id='word_1_172' title='bbox 653 1575 719 1614; x_wconf 83' lang='grc' dir='ltr'><strong>καὶ</strong></span> <span class='ocrx_word' id='word_1_173' title='bbox 741 1577 812 1626; x_wconf 82' lang='grc' dir='ltr'><strong><em>τῆς</em></strong></span> <span class='ocrx_word' id='word_1_174' title='bbox 830 1576 987 1628; x_wconf 83' lang='grc' dir='ltr'><strong><em>χρυσῆς</em></strong></span> <span class='ocrx_word' id='word_1_175' title='bbox 1009 1570 1257 1624; x_wconf 78' lang='grc' dir='ltr'><strong><em>καλουμένης</em></strong></span> <span class='ocrx_word' id='word_1_176' title='bbox 1277 1567 1407 1622; x_wconf 83' lang='grc' dir='ltr'><strong><em>πύλης</em></strong></span> <span class='ocrx_word' id='word_1_177' title='bbox 1427 1566 1784 1624; x_wconf 65' lang='grc' dir='ltr'><strong><em>προεκδραμόν-ΞΟ</em></strong></span> 
     </span>
     <span class='ocr_line' id='line_1_22' title="bbox 274 1634 1730 1694; baseline -0.004 -11"><span class='ocrx_word' id='word_1_178' title='bbox 274 1658 354 1691; x_wconf 81' lang='grc' dir='ltr'><strong><em>τες.</em></strong></span> <span class='ocrx_word' id='word_1_179' title='bbox 422 1642 575 1682; x_wconf 70' lang='grc' dir='ltr'><strong><em>ἐκεῖθεν</em></strong></span> <span class='ocrx_word' id='word_1_180' title='bbox 592 1638 935 1693; x_wconf 70' lang='grc' dir='ltr'><strong><em>ὑπονοστήσαντες</em></strong></span> <span class='ocrx_word' id='word_1_181' title='bbox 957 1637 1088 1681; x_wconf 77' lang='grc' dir='ltr'><strong><em>πολλοὶ</em></strong></span> <span class='ocrx_word' id='word_1_182' title='bbox 1107 1637 1159 1679; x_wconf 81' lang='grc' dir='ltr'><strong><em>τὰ</em></strong></span> <span class='ocrx_word' id='word_1_183' title='bbox 1181 1638 1243 1678; x_wconf 72' lang='grc' dir='ltr'><strong>ἐπὶ</strong></span> <span class='ocrx_word' id='word_1_184' title='bbox 1267 1634 1433 1694; x_wconf 76' lang='grc' dir='ltr'><strong><em>Θρᾴκης</em></strong></span> <span class='ocrx_word' id='word_1_185' title='bbox 1449 1636 1581 1692; x_wconf 87' lang='grc' dir='ltr'><strong><em>χωρία</em></strong></span> <span class='ocrx_word' id='word_1_186' title='bbox 1602 1652 1730 1677; x_wconf 86' lang='grc' dir='ltr'><strong><em>κατα-</em></strong></span> 
     </span>
     <span class='ocr_line' id='line_1_23' title="bbox 275 1701 1732 1764; baseline -0.003 -13"><span class='ocrx_word' id='word_1_187' title='bbox 275 1710 491 1764; x_wconf 81' lang='grc' dir='ltr'><strong><em>λη·ι’·ζονται.</em></strong></span> <span class='ocrx_word' id='word_1_188' title='bbox 558 1707 661 1762; x_wconf 80' lang='grc' dir='ltr'><strong><em>μετὰ</em></strong></span> <span class='ocrx_word' id='word_1_189' title='bbox 680 1708 868 1750; x_wconf 77' lang='grc' dir='ltr'><strong><em>δὲταῦτα</em></strong></span> <span class='ocrx_word' id='word_1_190' title='bbox 888 1707 955 1749; x_wconf 80' lang='grc' dir='ltr'><strong>καὶ</strong></span> <span class='ocrx_word' id='word_1_191' title='bbox 973 1705 1019 1748; x_wconf 85' lang='grc' dir='ltr'><strong><em>τὸ</em></strong></span> <span class='ocrx_word' id='word_1_192' title='bbox 1038 1709 1119 1748; x_wconf 78' lang='grc' dir='ltr'><strong><em>τῶν</em></strong></span> <span class='ocrx_word' id='word_1_193' title='bbox 1139 1707 1389 1762; x_wconf 82' lang='grc' dir='ltr'><strong><em>Σαρακηνῶν</em></strong></span> <span class='ocrx_word' id='word_1_194' title='bbox 1409 1702 1528 1753; x_wconf 65' lang='grc' dir='ltr'><strong><em>ἔθνος</em></strong></span> <span class='ocrx_word' id='word_1_195' title='bbox 1545 1702 1619 1758; x_wconf 81' lang='grc' dir='ltr'><strong><em>τὴν</em></strong></span> <span class='ocrx_word' id='word_1_196' title='bbox 1630 1701 1732 1746; x_wconf 75' lang='lat' dir='ltr'>‘Pm-</span> 
     </span>
     <span class='ocr_line' id='line_1_24' title="bbox 277 1771 1734 1833; baseline -0.005 -13"><span class='ocrx_word' id='word_1_197' title='bbox 277 1779 409 1833; x_wconf 82' lang='grc' dir='ltr'><strong><em>μαίων</em></strong></span> <span class='ocrx_word' id='word_1_198' title='bbox 439 1775 631 1819; x_wconf 69' lang='grc' dir='ltr'><strong><em>κατέθεον</em></strong></span> <span class='ocrx_word' id='word_1_199' title='bbox 656 1772 821 1833; x_wconf 82' lang='grc' dir='ltr'><strong><em>χώραν,</em></strong></span> <span class='ocrx_word' id='word_1_200' title='bbox 849 1775 917 1817; x_wconf 83' lang='grc' dir='ltr'><strong><em>καὶ</em></strong></span> <span class='ocrx_word' id='word_1_201' title='bbox 934 1773 985 1817; x_wconf 83' lang='grc' dir='ltr'><strong><em>τὰ</em></strong></span> <span class='ocrx_word' id='word_1_202' title='bbox 1007 1778 1173 1817; x_wconf 81' lang='grc' dir='ltr'><strong><em>πλεῖστα</em></strong></span> <span class='ocrx_word' id='word_1_203' title='bbox 1191 1772 1295 1831; x_wconf 77' lang='grc' dir='ltr'><strong><em>μέρη</em></strong></span> <span class='ocrx_word' id='word_1_204' title='bbox 1317 1771 1602 1830; x_wconf 79' lang='grc' dir='ltr'><strong><em>διεκτρέχοντες</em></strong></span> <span class='ocrx_word' id='word_1_205' title='bbox 1622 1772 1734 1814; x_wconf 80' lang='grc' dir='ltr'><strong><em>πλεί-</em></strong></span> 
     </span>
    </p>
   </div>
   <div class='ocr_carea' id='block_1_3' title="bbox 369 1887 1161 1942">
    <p class='ocr_par' dir='ltr' id='par_1_7' title="bbox 369 1887 1161 1942">
     <span class='ocr_line' id='line_1_25' title="bbox 369 1887 1161 1942; baseline -0.006 -12"><span class='ocrx_word' id='word_1_206' title='bbox 369 1895 393 1931; x_wconf 91' lang='grc'><strong>9</strong></span> <span class='ocrx_word' id='word_1_207' title='bbox 417 1891 488 1938; x_wconf 82' lang='grc' dir='ltr'><strong><em>τὴν</em></strong></span> <span class='ocrx_word' id='word_1_208' title='bbox 511 1890 728 1940; x_wconf 69' lang='grc' dir='ltr'><strong><em>βασιλείαυῒ</em></strong></span> <span class='ocrx_word' id='word_1_209' title='bbox 862 1891 910 1928; x_wconf 76' lang='grc'><strong>22</strong></span> <span class='ocrx_word' id='word_1_210' title='bbox 928 1887 1022 1942; x_wconf 75' lang='grc' dir='ltr'><strong><em>τὴν]</em></strong></span> <span class='ocrx_word' id='word_1_211' title='bbox 1039 1889 1115 1926; x_wconf 74' lang='grc' dir='ltr'><strong><em>τῶν</em></strong></span> <span class='ocrx_word' id='word_1_212' title='bbox 1131 1890 1161 1925; x_wconf 87' lang='lat' dir='ltr'>P</span> 
     </span>
    </p>
   </div>
   <div class='ocr_carea' id='block_1_4' title="bbox 142 1990 1745 2814">
    <p class='ocr_par' dir='ltr' id='par_1_8' title="bbox 281 1990 1738 2269">
     <span class='ocr_line' id='line_1_26' title="bbox 281 1990 1737 2041; baseline -0.001 -11"><span class='ocrx_word' id='word_1_213' title='bbox 281 1993 510 2041; x_wconf 77' lang='lat' dir='ltr'><strong>nequicquam</strong></span> <span class='ocrx_word' id='word_1_214' title='bbox 536 1993 736 2029; x_wconf 78' lang='lat' dir='ltr'><strong>haerentem</strong></span> <span class='ocrx_word' id='word_1_215' title='bbox 770 1992 933 2038; x_wconf 86' lang='lat' dir='ltr'><strong>abducit,</strong></span> <span class='ocrx_word' id='word_1_216' title='bbox 966 1991 1053 2027; x_wconf 88' lang='lat' dir='ltr'><strong>nihil</strong></span> <span class='ocrx_word' id='word_1_217' title='bbox 1073 2003 1188 2037; x_wconf 85' lang='lat' dir='ltr'><strong>neque</strong></span> <span class='ocrx_word' id='word_1_218' title='bbox 1215 1990 1284 2027; x_wconf 87' lang='lat' dir='ltr'><strong>loci</strong></span> <span class='ocrx_word' id='word_1_219' title='bbox 1310 1991 1480 2037; x_wconf 83' lang='lat' dir='ltr'>religione</span> <span class='ocrx_word' id='word_1_220' title='bbox 1502 2003 1616 2038; x_wconf 88' lang='lat' dir='ltr'><strong>neque</strong></span> <span class='ocrx_word' id='word_1_221' title='bbox 1641 1992 1737 2028; x_wconf 86' lang='lat' dir='ltr'><strong>Ana-</strong></span> 
     </span>
     <span class='ocr_line' id='line_1_27' title="bbox 283 2038 1737 2084; baseline -0.003 -8"><span class='ocrx_word' id='word_1_222' title='bbox 283 2041 413 2076; x_wconf 85' lang='lat' dir='ltr'><strong>stasiae</strong></span> <span class='ocrx_word' id='word_1_223' title='bbox 434 2040 526 2075; x_wconf 87' lang='lat' dir='ltr'><strong>illius</strong></span> <span class='ocrx_word' id='word_1_224' title='bbox 548 2040 649 2075; x_wconf 84' lang='lat' dir='ltr'><strong>aviae</strong></span> <span class='ocrx_word' id='word_1_225' title='bbox 671 2039 820 2074; x_wconf 82' lang='lat' dir='ltr'>lacrimis</span> <span class='ocrx_word' id='word_1_226' title='bbox 844 2043 1055 2074; x_wconf 78' lang='lat' dir='ltr'><strong>commotus:</strong></span> <span class='ocrx_word' id='word_1_227' title='bbox 1086 2039 1208 2072; x_wconf 83' lang='lat' dir='ltr'><strong>aderat</strong></span> <span class='ocrx_word' id='word_1_228' title='bbox 1229 2038 1318 2071; x_wconf 88' lang='lat' dir='ltr'><strong>enim</strong></span> <span class='ocrx_word' id='word_1_229' title='bbox 1342 2038 1488 2084; x_wconf 87' lang='lat' dir='ltr'><strong>periculi</strong></span> <span class='ocrx_word' id='word_1_230' title='bbox 1509 2050 1586 2072; x_wconf 85' lang='lat' dir='ltr'><strong>cum</strong></span> <span class='ocrx_word' id='word_1_231' title='bbox 1608 2044 1737 2084; x_wconf 82' lang='lat' dir='ltr'><strong>nepote</strong></span> 
     </span>
     <span class='ocr_line' id='line_1_28' title="bbox 281 2083 1738 2133; baseline -0.002 -12"><span class='ocrx_word' id='word_1_232' title='bbox 281 2087 459 2133; x_wconf 75' lang='lat' dir='ltr'><strong>particeps</strong></span> <span class='ocrx_word' id='word_1_233' title='bbox 491 2097 532 2120; x_wconf 88' lang='lat' dir='ltr'><strong>ac</strong></span> <span class='ocrx_word' id='word_1_234' title='bbox 563 2086 672 2121; x_wconf 85' lang='lat' dir='ltr'><strong>socia.</strong></span> <span class='ocrx_word' id='word_1_235' title='bbox 719 2090 792 2120; x_wconf 78' lang='lat' dir='ltr'><strong>tum</strong></span> <span class='ocrx_word' id='word_1_236' title='bbox 819 2085 858 2119; x_wconf 87' lang='lat' dir='ltr'><strong>in</strong></span> <span class='ocrx_word' id='word_1_237' title='bbox 884 2096 926 2119; x_wconf 89' lang='lat' dir='ltr'><strong>eo</strong></span> <span class='ocrx_word' id='word_1_238' title='bbox 951 2084 1028 2118; x_wconf 89' lang='lat' dir='ltr'><strong>loco</strong></span> <span class='ocrx_word' id='word_1_239' title='bbox 1060 2083 1121 2129; x_wconf 86' lang='lat' dir='ltr'><strong>qui</strong></span> <span class='ocrx_word' id='word_1_240' title='bbox 1144 2083 1387 2118; x_wconf 82' lang='lat' dir='ltr'><strong>Callinicorum</strong></span> <span class='ocrx_word' id='word_1_241' title='bbox 1410 2083 1558 2127; x_wconf 86' lang='lat' dir='ltr'><strong>dicitur,</strong></span> <span class='ocrx_word' id='word_1_242' title='bbox 1588 2084 1738 2128; x_wconf 85' lang='lat' dir='ltr'><strong>pecudis</strong></span> 
     </span>
     <span class='ocr_line' id='line_1_29' title="bbox 283 2128 1738 2177; baseline -0.003 -10"><span class='ocrx_word' id='word_1_243' title='bbox 283 2144 379 2167; x_wconf 89' lang='lat' dir='ltr'><strong>more</strong></span> <span class='ocrx_word' id='word_1_244' title='bbox 410 2131 599 2177; x_wconf 84' lang='lat' dir='ltr'><strong>iugulatum</strong></span> <span class='ocrx_word' id='word_1_245' title='bbox 627 2132 665 2165; x_wconf 90' lang='lat' dir='ltr'><strong>in</strong></span> <span class='ocrx_word' id='word_1_246' title='bbox 693 2136 890 2167; x_wconf 85' lang='lat' dir='ltr'><strong>sanctorum</strong></span> <span class='ocrx_word' id='word_1_247' title='bbox 911 2130 1193 2174; x_wconf 79' lang='lat' dir='ltr'><strong>Anargyrorum‚</strong></span> <span class='ocrx_word' id='word_1_248' title='bbox 1227 2139 1314 2174; x_wconf 89' lang='lat' dir='ltr'><strong>quos</strong></span> <span class='ocrx_word' id='word_1_249' title='bbox 1338 2128 1505 2162; x_wconf 84' lang='lat' dir='ltr'><strong>Paulinae</strong></span> <span class='ocrx_word' id='word_1_250' title='bbox 1527 2134 1738 2175; x_wconf 85' lang='lat' dir='ltr'><strong>nuncupant,</strong></span> 
     </span>
     <span class='ocr_line' id='line_1_30' title="bbox 282 2173 1738 2223; baseline -0.002 -10"><span class='ocrx_word' id='word_1_251' title='bbox 282 2178 410 2223; x_wconf 88' lang='lat' dir='ltr'><strong>templo</strong></span> <span class='ocrx_word' id='word_1_252' title='bbox 429 2177 571 2222; x_wconf 85' lang='lat' dir='ltr'><strong>sepeliri</strong></span> <span class='ocrx_word' id='word_1_253' title='bbox 589 2177 723 2212; x_wconf 85' lang='lat' dir='ltr'><strong>iubent.</strong></span> <span class='ocrx_word' id='word_1_254' title='bbox 771 2189 847 2211; x_wconf 89' lang='lat' dir='ltr'><strong>cum</strong></span> <span class='ocrx_word' id='word_1_255' title='bbox 868 2188 911 2211; x_wconf 90' lang='lat' dir='ltr'><strong>eo</strong></span> <span class='ocrx_word' id='word_1_256' title='bbox 932 2176 1199 2220; x_wconf 87' lang='lat' dir='ltr'><strong>comprehensus</strong></span> <span class='ocrx_word' id='word_1_257' title='bbox 1226 2173 1359 2219; x_wconf 84' lang='lat' dir='ltr'><strong>pariter</strong></span> <span class='ocrx_word' id='word_1_258' title='bbox 1381 2174 1654 2209; x_wconf 84' lang='lat' dir='ltr'><strong>Barasbacurius</strong></span> <span class='ocrx_word' id='word_1_259' title='bbox 1676 2186 1738 2210; x_wconf 80' lang='lat' dir='ltr'><strong>ce-</strong></span> 
     </span>
     <span class='ocr_line' id='line_1_31' title="bbox 284 2219 1300 2269; baseline -0.006 -10"><span class='ocrx_word' id='word_1_260' title='bbox 284 2223 422 2269; x_wconf 81' lang='lat' dir='ltr'><strong>terique</strong></span> <span class='ocrx_word' id='word_1_261' title='bbox 442 2222 628 2258; x_wconf 87' lang='lat' dir='ltr'><strong>Iustiniani</strong></span> <span class='ocrx_word' id='word_1_262' title='bbox 650 2224 778 2266; x_wconf 87' lang='lat' dir='ltr'><strong>duces,</strong></span> <span class='ocrx_word' id='word_1_263' title='bbox 803 2223 906 2256; x_wconf 82' lang='lat' dir='ltr'><strong>etad</strong></span> <span class='ocrx_word' id='word_1_264' title='bbox 928 2232 1032 2256; x_wconf 88' lang='lat' dir='ltr'><strong>unum</strong></span> <span class='ocrx_word' id='word_1_265' title='bbox 1054 2221 1168 2265; x_wconf 83' lang='lat' dir='ltr'><strong>gladio</strong></span> <span class='ocrx_word' id='word_1_266' title='bbox 1192 2219 1300 2253; x_wconf 84' lang='lat' dir='ltr'><strong>caesi.</strong></span> 
     </span>
    </p>

    <p class='ocr_par' dir='ltr' id='par_1_9' title="bbox 142 2265 1744 2541">
     <span class='ocr_line' id='line_1_32' title="bbox 142 2265 1741 2312; baseline -0.003 -9"><span class='ocrx_word' id='word_1_267' title='bbox 142 2281 176 2303; x_wconf 74' lang='lat' dir='ltr'><strong>a.</strong></span> <span class='ocrx_word' id='word_1_268' title='bbox 197 2269 267 2305; x_wconf 77' lang='lat'><strong>712</strong></span> <span class='ocrx_word' id='word_1_269' title='bbox 378 2270 467 2303; x_wconf 90' lang='lat' dir='ltr'><strong>Post</strong></span> <span class='ocrx_word' id='word_1_270' title='bbox 487 2269 574 2302; x_wconf 89' lang='lat' dir='ltr'><strong>haec</strong></span> <span class='ocrx_word' id='word_1_271' title='bbox 593 2267 809 2312; x_wconf 85' lang='lat' dir='ltr'><strong>Philippicus</strong></span> <span class='ocrx_word' id='word_1_272' title='bbox 830 2266 1011 2312; x_wconf 86' lang='lat' dir='ltr'><strong>imperium</strong></span> <span class='ocrx_word' id='word_1_273' title='bbox 1032 2265 1184 2312; x_wconf 81' lang='lat' dir='ltr'><strong>turpiter</strong></span> <span class='ocrx_word' id='word_1_274' title='bbox 1209 2276 1251 2299; x_wconf 85' lang='lat' dir='ltr'><strong>ac</strong></span> <span class='ocrx_word' id='word_1_275' title='bbox 1272 2265 1491 2310; x_wconf 78' lang='lat' dir='ltr'><strong>negligenter</strong></span> <span class='ocrx_word' id='word_1_276' title='bbox 1510 2265 1741 2311; x_wconf 75' lang='lat' dir='ltr'><strong>administrat,</strong></span> 
     </span>
     <span class='ocr_line' id='line_1_33' title="bbox 290 2311 1740 2359; baseline -0.003 -9"><span class='ocrx_word' id='word_1_277' title='bbox 290 2319 328 2350; x_wconf 86' lang='lat' dir='ltr'><strong>et</strong></span> <span class='ocrx_word' id='word_1_278' title='bbox 350 2325 410 2349; x_wconf 88' lang='lat' dir='ltr'><strong>eos</strong></span> <span class='ocrx_word' id='word_1_279' title='bbox 433 2317 551 2359; x_wconf 85' lang='lat' dir='ltr'><strong>patres</strong></span> <span class='ocrx_word' id='word_1_280' title='bbox 573 2312 633 2359; x_wconf 88' lang='lat' dir='ltr'><strong>qui</strong></span> <span class='ocrx_word' id='word_1_281' title='bbox 653 2312 691 2346; x_wconf 92' lang='lat' dir='ltr'><strong>in</strong></span> <span class='ocrx_word' id='word_1_282' title='bbox 714 2317 815 2347; x_wconf 83' lang='lat' dir='ltr'><strong>sexta</strong></span> <span class='ocrx_word' id='word_1_283' title='bbox 837 2311 1058 2347; x_wconf 83' lang='lat' dir='ltr'><strong>oecumenica</strong></span> <span class='ocrx_word' id='word_1_284' title='bbox 1089 2312 1225 2356; x_wconf 87' lang='lat' dir='ltr'><strong>synodo</strong></span> <span class='ocrx_word' id='word_1_285' title='bbox 1254 2315 1490 2346; x_wconf 86' lang='lat' dir='ltr'><strong>convenerant</strong></span> <span class='ocrx_word' id='word_1_286' title='bbox 1522 2311 1740 2345; x_wconf 77' lang='lat' dir='ltr'><strong>anathemate</strong></span> 
     </span>
     <span class='ocr_line' id='line_1_34' title="bbox 290 2356 1740 2404; baseline -0.003 -9"><span class='ocrx_word' id='word_1_287' title='bbox 290 2361 518 2403; x_wconf 83' lang='lat' dir='ltr'><strong>condemnat,</strong></span> <span class='ocrx_word' id='word_1_288' title='bbox 552 2370 641 2404; x_wconf 86' lang='lat' dir='ltr'><strong>quae</strong></span> <span class='ocrx_word' id='word_1_289' title='bbox 673 2358 718 2394; x_wconf 83' lang='lat' dir='ltr'><strong>ab</strong></span> <span class='ocrx_word' id='word_1_290' title='bbox 746 2358 791 2395; x_wconf 84' lang='lat' dir='ltr'><strong>iis</strong></span> <span class='ocrx_word' id='word_1_291' title='bbox 814 2358 859 2393; x_wconf 88' lang='lat' dir='ltr'><strong>de</strong></span> <span class='ocrx_word' id='word_1_292' title='bbox 880 2357 1010 2402; x_wconf 84' lang='lat' dir='ltr'><strong>duplici</strong></span> <span class='ocrx_word' id='word_1_293' title='bbox 1032 2357 1166 2392; x_wconf 82' lang='lat' dir='ltr'><strong>Christi</strong></span> <span class='ocrx_word' id='word_1_294' title='bbox 1190 2356 1321 2391; x_wconf 87' lang='lat' dir='ltr'><strong>domini</strong></span> <span class='ocrx_word' id='word_1_295' title='bbox 1343 2357 1521 2391; x_wconf 83' lang='lat' dir='ltr'><strong>voluntate</strong></span> <span class='ocrx_word' id='word_1_296' title='bbox 1545 2362 1582 2390; x_wconf 90' lang='lat' dir='ltr'><strong>et</strong></span> <span class='ocrx_word' id='word_1_297' title='bbox 1601 2357 1740 2390; x_wconf 81' lang='lat' dir='ltr'><strong>actione</strong></span> 
     </span>
     <span class='ocr_line' id='line_1_35' title="bbox 291 2403 1741 2450; baseline -0.004 -9"><span class='ocrx_word' id='word_1_298' title='bbox 291 2407 434 2441; x_wconf 80' lang='lat' dir='ltr'><strong>decreta</strong></span> <span class='ocrx_word' id='word_1_299' title='bbox 456 2408 556 2439; x_wconf 82' lang='lat' dir='ltr'><strong>erant</strong></span> <span class='ocrx_word' id='word_1_300' title='bbox 575 2404 786 2450; x_wconf 72' lang='lat' dir='ltr'><strong>improbans.</strong></span> <span class='ocrx_word' id='word_1_301' title='bbox 834 2414 903 2449; x_wconf 90' lang='lat' dir='ltr'><strong>qua</strong></span> <span class='ocrx_word' id='word_1_302' title='bbox 920 2403 959 2437; x_wconf 92' lang='lat' dir='ltr'><strong>in</strong></span> <span class='ocrx_word' id='word_1_303' title='bbox 975 2415 1015 2438; x_wconf 88' lang='lat' dir='ltr'><strong>re</strong></span> <span class='ocrx_word' id='word_1_304' title='bbox 1034 2403 1226 2438; x_wconf 89' lang='lat' dir='ltr'><strong>adiutorem</strong></span> <span class='ocrx_word' id='word_1_305' title='bbox 1246 2407 1366 2437; x_wconf 89' lang='lat' dir='ltr'><strong>nactus</strong></span> <span class='ocrx_word' id='word_1_306' title='bbox 1388 2407 1442 2437; x_wconf 90' lang='lat' dir='ltr'><strong>est</strong></span> <span class='ocrx_word' id='word_1_307' title='bbox 1460 2403 1624 2436; x_wconf 88' lang='lat' dir='ltr'><strong>Ioannem</strong></span> <span class='ocrx_word' id='word_1_308' title='bbox 1643 2403 1741 2448; x_wconf 81' lang='lat' dir='ltr'><strong>cpo-</strong></span> 
     </span>
     <span class='ocr_line' id='line_1_36' title="bbox 289 2447 1744 2495; baseline -0.003 -9"><span class='ocrx_word' id='word_1_309' title='bbox 289 2451 435 2486; x_wconf 81' lang='lat' dir='ltr'><strong>litanum</strong></span> <span class='ocrx_word' id='word_1_310' title='bbox 464 2450 694 2495; x_wconf 81' lang='lat' dir='ltr'><strong>patriarcham</strong></span> <span class='ocrx_word' id='word_1_311' title='bbox 726 2454 762 2484; x_wconf 91' lang='lat' dir='ltr'><strong>et</strong></span> <span class='ocrx_word' id='word_1_312' title='bbox 793 2451 1002 2485; x_wconf 83' lang='lat' dir='ltr'><strong>Germanum</strong></span> <span class='ocrx_word' id='word_1_313' title='bbox 1027 2449 1152 2494; x_wconf 82' lang='lat' dir='ltr'><strong>Cyzici</strong></span> <span class='ocrx_word' id='word_1_314' title='bbox 1174 2448 1472 2495; x_wconf 86' lang='lat' dir='ltr'><strong>metropolitanum</strong></span> <span class='ocrx_word' id='word_1_315' title='bbox 1493 2447 1650 2493; x_wconf 79' lang='lat' dir='ltr'><strong>aliosque</strong></span> <span class='ocrx_word' id='word_1_316' title='bbox 1671 2452 1744 2482; x_wconf 79' lang='lat' dir='ltr'><strong>tam</strong></span> 
     </span>
     <span class='ocr_line' id='line_1_37' title="bbox 292 2495 1022 2541; baseline -0.003 -9"><span class='ocrx_word' id='word_1_317' title='bbox 292 2498 495 2533; x_wconf 80' lang='lat' dir='ltr'><strong>sacerdotes</strong></span> <span class='ocrx_word' id='word_1_318' title='bbox 521 2503 622 2541; x_wconf 87' lang='lat' dir='ltr'><strong>quam</strong></span> <span class='ocrx_word' id='word_1_319' title='bbox 647 2500 825 2532; x_wconf 75' lang='lat' dir='ltr'><strong>senatores</strong></span> <span class='ocrx_word' id='word_1_320' title='bbox 847 2495 1022 2541; x_wconf 84' lang='lat' dir='ltr'><strong>plurimos.</strong></span> 
     </span>
    </p>

    <p class='ocr_par' dir='ltr' id='par_1_10' title="bbox 289 2537 1745 2814">
     <span class='ocr_line' id='line_1_38' title="bbox 383 2537 1743 2587; baseline -0.001 -12"><span class='ocrx_word' id='word_1_321' title='bbox 383 2543 482 2576; x_wconf 85' lang='lat' dir='ltr'><strong>Inter</strong></span> <span class='ocrx_word' id='word_1_322' title='bbox 512 2542 600 2577; x_wconf 86' lang='lat' dir='ltr'><strong>haec</strong></span> <span class='ocrx_word' id='word_1_323' title='bbox 626 2542 851 2587; x_wconf 84' lang='lat' dir='ltr'><strong>Bulgarorum</strong></span> <span class='ocrx_word' id='word_1_324' title='bbox 885 2540 1059 2575; x_wconf 87' lang='lat' dir='ltr'><strong>exercitus</strong></span> <span class='ocrx_word' id='word_1_325' title='bbox 1088 2539 1240 2586; x_wconf 81' lang='lat' dir='ltr'><strong>Bospori</strong></span> <span class='ocrx_word' id='word_1_326' title='bbox 1271 2537 1446 2574; x_wconf 84' lang='lat' dir='ltr'><strong>Thraciae</strong></span> <span class='ocrx_word' id='word_1_327' title='bbox 1468 2537 1602 2573; x_wconf 75' lang='lat' dir='ltr'><strong>accolas</strong></span> <span class='ocrx_word' id='word_1_328' title='bbox 1626 2538 1743 2574; x_wconf 78' lang='lat' dir='ltr'><strong>subita</strong></span> 
     </span>
     <span class='ocr_line' id='line_1_39' title="bbox 291 2584 1745 2633; baseline -0.003 -11"><span class='ocrx_word' id='word_1_329' title='bbox 291 2588 475 2632; x_wconf 85' lang='lat' dir='ltr'><strong>eruptione</strong></span> <span class='ocrx_word' id='word_1_330' title='bbox 495 2600 560 2622; x_wconf 88' lang='lat' dir='ltr'><strong>nec</strong></span> <span class='ocrx_word' id='word_1_331' title='bbox 578 2588 758 2633; x_wconf 77' lang='lat' dir='ltr'><strong>opinantes</strong></span> <span class='ocrx_word' id='word_1_332' title='bbox 779 2586 935 2632; x_wconf 85' lang='lat' dir='ltr'><strong>aggressi</strong></span> <span class='ocrx_word' id='word_1_333' title='bbox 952 2592 1045 2621; x_wconf 78' lang='lat' dir='ltr'><strong>sunt.</strong></span> <span class='ocrx_word' id='word_1_334' title='bbox 1091 2591 1164 2620; x_wconf 89' lang='lat' dir='ltr'><strong>tum</strong></span> <span class='ocrx_word' id='word_1_335' title='bbox 1180 2585 1357 2632; x_wconf 87' lang='lat' dir='ltr'><strong>plerisque</strong></span> <span class='ocrx_word' id='word_1_336' title='bbox 1374 2584 1524 2630; x_wconf 84' lang='lat' dir='ltr'><strong>captivis</strong></span> <span class='ocrx_word' id='word_1_337' title='bbox 1542 2596 1583 2619; x_wconf 87' lang='lat' dir='ltr'><strong>ac</strong></span> <span class='ocrx_word' id='word_1_338' title='bbox 1600 2584 1745 2630; x_wconf 72' lang='lat' dir='ltr'><strong>copiosa.</strong></span> 
     </span>
     <span class='ocr_line' id='line_1_40' title="bbox 293 2629 1742 2680; baseline -0.005 -10"><span class='ocrx_word' id='word_1_339' title='bbox 293 2632 507 2678; x_wconf 72' lang='lat' dir='ltr'><strong>supellectile</strong></span> <span class='ocrx_word' id='word_1_340' title='bbox 530 2638 728 2680; x_wconf 80' lang='lat' dir='ltr'><strong>comparata</strong></span> <span class='ocrx_word' id='word_1_341' title='bbox 746 2631 970 2668; x_wconf 83' lang='lat' dir='ltr'><strong>animosiores</strong></span> <span class='ocrx_word' id='word_1_342' title='bbox 993 2631 1099 2676; x_wconf 84' lang='lat' dir='ltr'><strong>facti,</strong></span> <span class='ocrx_word' id='word_1_343' title='bbox 1122 2633 1167 2666; x_wconf 88' lang='lat' dir='ltr'><strong>ad</strong></span> <span class='ocrx_word' id='word_1_344' title='bbox 1189 2642 1299 2676; x_wconf 85' lang='lat' dir='ltr'><strong>usque</strong></span> <span class='ocrx_word' id='word_1_345' title='bbox 1316 2641 1446 2664; x_wconf 90' lang='lat' dir='ltr'><strong>murum</strong></span> <span class='ocrx_word' id='word_1_346' title='bbox 1462 2629 1559 2665; x_wconf 88' lang='lat' dir='ltr'><strong>urbis</strong></span> <span class='ocrx_word' id='word_1_347' title='bbox 1580 2629 1640 2676; x_wconf 86' lang='lat' dir='ltr'><strong>qui</strong></span> <span class='ocrx_word' id='word_1_348' title='bbox 1657 2641 1742 2664; x_wconf 84' lang='lat' dir='ltr'><strong>con-</strong></span> 
     </span>
     <span class='ocr_line' id='line_1_41' title="bbox 289 2677 1742 2725; baseline -0.003 -11"><span class='ocrx_word' id='word_1_349' title='bbox 289 2678 462 2714; x_wconf 79' lang='lat' dir='ltr'><strong>tinentem</strong></span> <span class='ocrx_word' id='word_1_350' title='bbox 481 2679 628 2723; x_wconf 85' lang='lat' dir='ltr'><strong>respicit</strong></span> <span class='ocrx_word' id='word_1_351' title='bbox 648 2679 817 2725; x_wconf 83' lang='lat' dir='ltr'><strong>dispersi,</strong></span> <span class='ocrx_word' id='word_1_352' title='bbox 849 2679 913 2713; x_wconf 89' lang='lat' dir='ltr'><strong>sub</strong></span> <span class='ocrx_word' id='word_1_353' title='bbox 935 2678 1045 2725; x_wconf 86' lang='lat' dir='ltr'><strong>ipsam</strong></span> <span class='ocrx_word' id='word_1_354' title='bbox 1067 2682 1204 2724; x_wconf 87' lang='lat' dir='ltr'><strong>portam</strong></span> <span class='ocrx_word' id='word_1_355' title='bbox 1224 2687 1326 2722; x_wconf 85' lang='lat' dir='ltr'><strong>quam</strong></span> <span class='ocrx_word' id='word_1_356' title='bbox 1349 2677 1497 2711; x_wconf 87' lang='lat' dir='ltr'><strong>Auream</strong></span> <span class='ocrx_word' id='word_1_357' title='bbox 1521 2679 1650 2710; x_wconf 81' lang='lat' dir='ltr'><strong>vocant</strong></span> <span class='ocrx_word' id='word_1_358' title='bbox 1679 2686 1742 2710; x_wconf 83' lang='lat' dir='ltr'><strong>ex·</strong></span> 
     </span>
     <span class='ocr_line' id='line_1_42' title="bbox 295 2721 1742 2771; baseline -0.003 -12"><span class='ocrx_word' id='word_1_359' title='bbox 295 2728 450 2761; x_wconf 81' lang='lat' dir='ltr'><strong>currunt.</strong></span> <span class='ocrx_word' id='word_1_360' title='bbox 497 2724 580 2759; x_wconf 89' lang='lat' dir='ltr'><strong>inde</strong></span> <span class='ocrx_word' id='word_1_361' title='bbox 605 2725 759 2771; x_wconf 87' lang='lat' dir='ltr'><strong>regressi</strong></span> <span class='ocrx_word' id='word_1_362' title='bbox 780 2723 955 2760; x_wconf 81' lang='lat' dir='ltr'><strong>Thraciae</strong></span> <span class='ocrx_word' id='word_1_363' title='bbox 983 2724 1061 2758; x_wconf 84' lang='lat' dir='ltr'><strong>loca</strong></span> <span class='ocrx_word' id='word_1_364' title='bbox 1081 2722 1366 2769; x_wconf 80' lang='lat' dir='ltr'><strong>praedationibus</strong></span> <span class='ocrx_word' id='word_1_365' title='bbox 1383 2722 1515 2756; x_wconf 82' lang='lat' dir='ltr'><strong>infesta</strong></span> <span class='ocrx_word' id='word_1_366' title='bbox 1533 2721 1742 2756; x_wconf 70' lang='lat' dir='ltr'><strong>habuerunt.</strong></span> 
     </span>
     <span class='ocr_line' id='line_1_43' title="bbox 296 2768 1745 2814; baseline -0.003 -9"><span class='ocrx_word' id='word_1_367' title='bbox 296 2772 447 2805; x_wconf 85' lang='lat' dir='ltr'><strong>accessit</strong></span> <span class='ocrx_word' id='word_1_368' title='bbox 475 2771 519 2805; x_wconf 92' lang='lat' dir='ltr'><strong>ad</strong></span> <span class='ocrx_word' id='word_1_369' title='bbox 548 2770 635 2806; x_wconf 81' lang='lat' dir='ltr'><strong>haec</strong></span> <span class='ocrx_word' id='word_1_370' title='bbox 667 2770 756 2806; x_wconf 85' lang='lat' dir='ltr'><strong>mala</strong></span> <span class='ocrx_word' id='word_1_371' title='bbox 785 2771 1035 2805; x_wconf 78' lang='lat' dir='ltr'><strong>Saracenorum</strong></span> <span class='ocrx_word' id='word_1_372' title='bbox 1061 2769 1234 2814; x_wconf 84' lang='lat' dir='ltr'><strong>incursio,</strong></span> <span class='ocrx_word' id='word_1_373' title='bbox 1269 2768 1330 2814; x_wconf 86' lang='lat' dir='ltr'><strong>qui</strong></span> <span class='ocrx_word' id='word_1_374' title='bbox 1358 2780 1424 2814; x_wconf 85' lang='lat' dir='ltr'><strong>per</strong></span> <span class='ocrx_word' id='word_1_375' title='bbox 1445 2768 1618 2802; x_wconf 86' lang='lat' dir='ltr'><strong>Romanos</strong></span> <span class='ocrx_word' id='word_1_376' title='bbox 1641 2776 1745 2811; x_wconf 78' lang='lat' dir='ltr'><strong>agros</strong></span> 
     </span>
    </p>
   </div>
   <div class='ocr_carea' id='block_1_5' title="bbox 296 2813 1743 2865">
    <p class='ocr_par' dir='ltr' id='par_1_11' title="bbox 296 2813 1743 2865">
     <span class='ocr_line' id='line_1_44' title="bbox 296 2813 1743 2865; baseline -0.003 -14"><span class='ocrx_word' id='word_1_377' title='bbox 296 2816 434 2863; x_wconf 84' lang='lat' dir='ltr'><strong>longius</strong></span> <span class='ocrx_word' id='word_1_378' title='bbox 456 2816 596 2863; x_wconf 84' lang='lat' dir='ltr'><strong>evagati</strong></span> <span class='ocrx_word' id='word_1_379' title='bbox 615 2821 651 2853; x_wconf 86' lang='lat' dir='ltr'><strong>et</strong></span> <span class='ocrx_word' id='word_1_380' title='bbox 666 2827 912 2865; x_wconf 82' lang='lat' dir='ltr'><strong>usquequaque</strong></span> <span class='ocrx_word' id='word_1_381' title='bbox 934 2815 1054 2854; x_wconf 84' lang='lat' dir='ltr'><strong>diffusi</strong></span> <span class='ocrx_word' id='word_1_382' title='bbox 1074 2815 1256 2863; x_wconf 86' lang='lat' dir='ltr'><strong>plurimum</strong></span> <span class='ocrx_word' id='word_1_383' title='bbox 1278 2814 1393 2850; x_wconf 86' lang='lat' dir='ltr'><strong>damni</strong></span> <span class='ocrx_word' id='word_1_384' title='bbox 1409 2813 1604 2849; x_wconf 84' lang='lat' dir='ltr'><strong>hominibus</strong></span> <span class='ocrx_word' id='word_1_385' title='bbox 1620 2822 1662 2848; x_wconf 82' lang='lat' dir='ltr'><strong>ac</strong></span> <span class='ocrx_word' id='word_1_386' title='bbox 1678 2822 1743 2858; x_wconf 83' lang='lat' dir='ltr'><strong>pe·</strong></span> 
     </span>
    </p>
   </div>
  </div>
 </body>
</html>
