1890 3224
315 185 338 230 1
349 184 408 230 10
923 182 1145 228 PETAV'II

310 295 513 342 δικτιῶνος
540 290 586 334 δ’.
643 305 745 345 quae
777 297 985 345 postrema·
1003 293 1123 331 verba
1147 286 1408 341 Ἰνδικτιοῖνος
1430 289 1466 334 δ’
1490 293 1752 331 coniecturam

309 359 484 389 nostram
514 350 722 387 affirmant.
795 347 867 387 sed
898 349 967 387 ille
999 350 1121 387 feriae
1154 348 1353 387 character
1378 362 1419 401 p.
1445 351 1545 397 882,
1590 362 1667 402 quo
1695 352 1752 391 28

310 408 487 445 Octobris
511 406 610 443 feria
634 409 661 447 7
685 411 862 454 notatur,
894 419 984 443 cum
1000 407 1050 444 sit
1068 407 1272 457 perspicue
1293 406 1440 454 falsus,
1471 407 1586 443 unius
1613 406 1751 443 literae

304 465 521 501 mutatione
543 463 789 510 restituetur,
819 463 852 499 si
867 475 938 513 pro
957 458 1018 514 κη’
1037 459 1100 514 ιη’,
1129 461 1204 501 hoc
1227 469 1286 500 est
1309 463 1382 510 18,
1413 461 1614 499 scribatur.
1657 473 1752 499 nam

308 533 344 556 a.
366 520 407 556 C.
426 518 506 559 615
527 517 614 556 Iud.
638 519 665 560 4
686 520 767 556 iam
783 516 968 556 inchoata
986 532 1065 556 una
1083 532 1174 557 cum
1192 519 1365 556 Heraclii
1383 520 1421 567 6,
1451 518 1584 569 cyclus
1602 518 1697 556 solis
1712 518 1752 566 8,

307 576 367 612 lit.
402 574 508 613 dom.
538 577 595 612 E:
624 573 715 612 ideo
749 575 926 613 Octobris
958 577 1009 616 18
1038 576 1137 613 feria
1164 578 1203 617 7.
1260 573 1481 612 Chronicon
1507 581 1639 612 autem
1662 586 1754 611 cum

306 632 494 684 reliquias
515 632 863 683 Hierosolymitani
890 630 1037 669 excidii
1066 630 1208 670 eodem
1228 632 1413 669 orationis
1433 631 1498 668 filo
1514 636 1753 681 pertexeret,

306 701 386 726 non
409 700 569 726 necesse
587 686 725 725 habuit
745 700 872 726 novae
894 686 1123 727 Indictionis
1143 689 1315 739 annique
1339 687 1454 725 titulo
1481 699 1569 724 eam
1591 687 1754 724 abrum-

305 758 413 796 pere.
470 743 542 782 sed
570 757 660 782 cum
690 743 799 782 idem
828 744 1071 796 Septembris
1097 742 1149 786 14
1180 743 1398 782 Indictione
1429 741 1558 781 adhuc
1580 746 1605 784 8
1628 749 1752 790 notat,

304 802 424 852 plane
459 800 687 839 Indictionis
721 801 880 838 initium
909 814 990 839 non
1015 813 1039 838 a
1067 799 1150 839 kal.
1180 802 1315 852 Sept.,
1358 806 1403 837 ut
1430 800 1608 850 Scaliger
1638 800 1668 837 l.
1701 797 1753 836 de

303 856 472 895 Emend.
505 857 531 898 5
563 864 719 905 mouet,
750 855 821 895 sed
855 870 878 894 a
910 855 964 898 24
992 855 1118 894 ducit:
1149 858 1299 909 alioqui
1329 851 1516 909 τετάρτης
1540 854 1753 893 dicendum

303 914 393 952 fuit.
450 913 641 966 quIcquid
678 915 752 963 sit,
792 920 942 951 certum
971 920 1030 952 est
1057 915 1334 965 Hierosolyma
1366 919 1479 964 capta
1509 925 1546 950 a.
1581 913 1624 949 C.
1655 910 1751 960 615,

304 969 446 1008 Indict.
469 974 508 1018 3,
539 984 641 1008 anno
659 971 833 1008 Heraclii
849 969 888 1011 5.
945 970 1174 1022 Sigebertus
1195 969 1247 1008 ad
1262 982 1412 1008 annum
1430 968 1506 1007 hoc
1523 969 1643 1006 refert
1657 969 1754 1010 617.

305 1026 376 1064 sed
404 1025 512 1079 quod
539 1028 745 1065 biennium
767 1025 968 1065 interdum
987 1025 1131 1064 addere
1148 1027 1266 1076 solet,
1297 1038 1422 1064 annus
1444 1027 1528 1064 eius
1550 1027 1601 1067 17
1620 1030 1755 1062 noster

304 1089 363 1121 est
386 1084 454 1124 15.

414 1152 454 1189 p.
474 1139 528 1179 17
543 1152 581 1176 v.
599 1141 640 1179 9.
698 1135 914 1188 Σᾶρβαρον
928 1134 1180 1188 ἡγούμενον]
1211 1148 1234 1172 a
1251 1135 1420 1173 Sarbaro
1443 1141 1597 1186 captam
1614 1136 1755 1175 urbem

303 1196 416 1231 illam
444 1207 529 1231 esse
550 1194 743 1231 consentit
762 1199 800 1230 et
816 1191 959 1230 Chron.
979 1193 1121 1242 Alex.,
1152 1193 1311 1230 tametsi
1333 1190 1377 1229 id
1399 1192 1601 1230 Rasmiszo
1620 1193 1755 1231 Leon-

301 1253 380 1289 tius
399 1250 555 1298 tribuit,
584 1256 629 1287 ut
652 1256 768 1287 antea
787 1249 1025 1286 notavimus.

415 1306 470 1344 ib.
493 1319 531 1344 v.
556 1308 621 1347 11.
678 1304 917 1355 Μοδὲστου]
944 1305 1026 1343 imo
1055 1302 1269 1353 Zacharia,
1308 1309 1353 1341 ut
1382 1302 1582 1342 Cedrenus
1612 1302 1758 1343 Theo-

302 1362 455 1416 phanes
479 1363 627 1414 aliique
649 1375 787 1400 omnes
806 1367 999 1400 asserunt.
1043 1359 1093 1398 de
1114 1374 1192 1414 qua
1209 1374 1251 1398 re
1270 1360 1389 1412 paulo
1412 1367 1501 1412 post
1520 1372 1698 1411 agemus.

415 1419 468 1457 ib.
502 1433 540 1458 v.
574 1420 640 1460 13.
699 1417 723 1460 ὁ
748 1412 823 1460 οὖν
845 1414 1095 1471 Ἡράκλειος]
1135 1418 1263 1469 prima
1299 1416 1399 1454 haec
1426 1424 1485 1456 est
1511 1418 1685 1455 Heraclii
1709 1418 1753 1454 in

303 1477 504 1515 Orientem
522 1473 744 1527 expediti03
770 1475 880 1513 cuius
897 1481 1048 1513 certum
1069 1487 1217 1512 annum
1240 1473 1403 1511 definire
1422 1486 1563 1525 operae
1581 1475 1754 1525 pretium

303 1540 364 1571 est
389 1532 440 1571 ad
462 1533 634 1570 Heraclii
658 1530 878 1570 historiam.
936 1530 1138 1569 cedrenus
1165 1543 1210 1569 ac
1234 1529 1501 1582 Theophanes
1522 1543 1559 1568 a.
1579 1530 1755 1568 Heraclii

305 1585 358 1630 11
400 1595 681 1641 transportatos
724 1590 835 1626 aiunt
868 1601 921 1625 ex
950 1589 1110 1639 Europa
1141 1588 1185 1624 in
1213 1588 1353 1624 Asiam
1381 1589 1613 1625 exercitus.-
1648 1599 1754 1624 anno

304 1644 448 1682 deinde
467 1645 666 1696 sequenti,
695 1643 772 1681 hoc
791 1650 851 1681 est
868 1645 1042 1680 Heraclii
1062 1645 1132 1689 12,
1163 1643 1357 1680 celebrato
1374 1641 1580 1691 paschate,
1607 1643 1755 1692 postri-

304 1700 368 1738 die
389 1701 461 1738 sub
482 1711 690 1750 vesperam
718 1705 853 1736 contra
871 1701 1013 1735 Persas
1033 1698 1275 1748 profectum,
1304 1697 1441 1734 relicta
1457 1698 1568 1735 Bono
1590 1699 1754 1748 patricio

303 1764 344 1794 et
362 1757 500 1806 Sergio
520 1753 765 1806 patriarchae
785 1755 1013 1806 Cpolitanae
1030 1754 1139 1791 urbis
1156 1751 1346 1791 custodia.
1393 1759 1432 1790 et
1450 1752 1611 1806 quidem
1627 1766 1755 1792 annus

302 1814 372 1850 ille
402 1812 551 1864 duplici
579 1810 802 1849 charactere
828 1817 985 1848 notatus
1012 1816 1084 1848 est.
1142 1811 1293 1862 primus
1316 1815 1375 1847 est
1394 1808 1500 1861 apud
1518 1809 1754 1859 Gedreuum,

303 1871 373 1922 qui
392 1883 427 1907 a.
448 1869 619 1906 Heraclii
641 1869 694 1908 12
712 1868 821 1919 Sept.
843 1870 867 1908 3
887 1868 1029 1904 feriam
1048 1866 1073 1907 5
1099 1867 1153 1904 ait
1170 1867 1315 1915 fuisse,
1346 1878 1424 1918 quo
1446 1865 1510 1905 die
1529 1865 1755 1918 Stephanus

301 1925 464 1978 quidam
495 1923 793 1963 Alexandrinus
821 1922 871 1961 de
901 1924 1188 1962 Saracenorum
1218 1923 1384 1974 imperio
1414 1924 1607 1960 nonnulla
1635 1936 1755 1974 prae-

305 1982 422 2020 dixit.
466 1983 566 2019 alter
587 1979 692 2032 apud
708 1979 1001 2032 Theophanem
1016 1981 1210 2031 reperitur
1225 1978 1366 2017 eodem
1381 1991 1486 2017 anno
1499 1980 1673 2017 Heraclii
1690 1983 1754 2028 12,

304 2053 395 2077 cum
418 2040 494 2076 ait:
524 2034 651 2092 τούτῳ
670 2039 724 2077 τῶ
741 2036 816 2077 ἔτει
835 2036 933 2090 μηνὶ
946 2033 1154 2091 Ἀπριλλίῳ
1177 2033 1222 2084 δ’,
1248 2031 1340 2076 Ἰνδ.
1357 2031 1404 2089 y',
1433 2035 1587 2083 τελέσας
1605 2034 1627 2076 ὃ
1643 2037 1753 2088 βασι-

302 2092 396 2143 λεύς
415 2091 641 2148 Ἡράκλειος
659 2077 734 2145 τῆν
754 2090 897 2147 ἑορτὴν
918 2095 992 2134 τοῦ
1011 2089 1144 2144 πάσχα
1166 2088 1320 2140 εὐθέως
1335 2095 1385 2145 τῇ
1404 2091 1567 2147 δευτέρᾳ
1588 2090 1755 2143 ἑσπέρας

301 2151 457 2203 ἐκίνησε
491 2147 591 2191 navo?
622 2150 830 2202 Περσίδος.
885 2150 1035 2201 Aprili,
1064 2151 1212 2201 inquit,
1241 2161 1398 2195 mense,
1429 2146 1493 2184 die
1523 2148 1570 2196 4,
1601 2146 1751 2199 pascha

300 2209 391 2245 suit.
449 2207 520 2246 sed
547 2205 656 2259 quod
680 2208 723 2243 in
746 2213 880 2244 nostro
911 2205 1046 2244 codice
1071 2212 1130 2243 est
1153 2202 1240 2245 Ἰνδ.
1266 2201 1315 2258 γ’,
1341 2204 1486 2242 melius
1508 2205 1751 2243 inMiscella

301 2263 390 2302 Ind.
413 2266 479 2305 10.
522 2262 630 2300 hunc
646 2275 795 2299 annum
815 2261 960 2300 Christi
978 2262 1058 2303 621
1080 2261 1295 2299 Annalium
1316 2266 1451 2298 auctor
1465 2260 1612 2313 aliique
1628 2261 1750 2312 vulgo

301 2320 532 2371 chronologi
554 2325 785 2365 numerant,
816 2325 854 2355 et
882 2317 1044 2370 quidem
1075 2318 1143 2355 ille
1172 2316 1314 2356 Indict.
1337 2319 1385 2366 9,
1416 2330 1452 2354 a.
1483 2317 1655 2355 Heraclii
1681 2319 1750 2358 12.

300 2389 441 2416 verum
470 2389 560 2414 cum
590 2387 715 2412 annus
741 2375 913 2411 Heraclii
938 2376 986 2415 11
1011 2387 1102 2411 cum
1125 2373 1266 2412 Indict.
1285 2378 1311 2416 9
1335 2375 1507 2425 coeperit
1527 2386 1562 2411 a.
1587 2372 1627 2411 d.
1653 2375 1749 2422 620,

302 2447 405 2471 anno
427 2435 503 2474 621
530 2445 620 2470 cum
641 2430 781 2469 Indict.
804 2432 857 2471 10
883 2428 1089 2468 inchoatus
1110 2437 1169 2469 est
1199 2434 1264 2472 12.
1323 2443 1444 2483 quare
1473 2443 1555 2467 non
1587 2432 1638 2470 12
1666 2431 1750 2466 He-

302 2490 433 2537 raclii,
475 2484 547 2526 sed
592 2491 640 2530 11
681 2488 862 2525 convenit
899 2485 1046 2538 pascha
1081 2488 1175 2525 anni
1213 2489 1309 2529 621.
1379 2489 1462 2524 iam
1499 2499 1536 2523 a.
1574 2486 1618 2523 C.
1652 2487 1749 2534 621,

302 2546 413 2598 cyclo
437 2545 532 2583 solis
554 2543 626 2593 14,
657 2545 717 2581 lit.
738 2542 844 2581 dom.
867 2544 902 2579 D
918 2573 928 2592 ,
958 2544 1069 2595 Sept.
1093 2546 1117 2585 3
1146 2544 1246 2582 feria
1267 2544 1314 2593 5,
1344 2544 1414 2595 qui
1438 2549 1521 2580 erat
1543 2554 1646 2579 anno
1665 2543 1751 2578 He-

302 2602 413 2639 raclii
429 2614 509 2637 11011
531 2604 594 2648 12,
613 2599 684 2638 sed
703 2601 768 2641 11.
825 2598 966 2638 eodem
984 2613 1086 2639 anno
1106 2601 1207 2652 cycli
1222 2598 1420 2653 paschalis
1439 2605 1521 2636 erat
1536 2611 1662 2635 annus
1684 2595 1749 2646 14,

299 2657 547 2695 novilunium
582 2656 767 2707 paschale
796 2659 821 2698 3
851 2654 932 2694 kal.
963 2659 1081 2708 Apr.,
1109 2659 1300 2695 terminus
1320 2654 1518 2708 paschalis
1540 2653 1644 2706 prid.
1669 2652 1749 2692 eid.

299 2716 411 2765 Apr.,
443 2711 652 2750 dominica.
709 2712 800 2751 ideo
819 2711 1100 2752 diffundendus
1121 2712 1205 2751 dies
1223 2715 1266 2751 i‘u
1286 2714 1337 2754 13
1354 2710 1435 2749 kal.
1457 2712 1597 2749 Maias.
1655 2722 1748 2761 ergo

303 2771 355 2810 19
380 2771 476 2821 Apr.
514 2767 661 2820 pascha
689 2770 942 2807 celebratum.
1001 2777 1040 2807 at
1064 2769 1091 2810 4
1118 2768 1181 2807 die
1211 2770 1416 2808 sabbatum
1436 2769 1524 2806 fuit.
1581 2765 1690 2804 idem
1710 2771 1750 2803 et

302 2839 354 2864 ex
371 2827 539 2865 Maximi
559 2824 744 2864 monachi
765 2833 947 2880 computo
966 2827 1150 2878 colliges,
1181 2839 1301 2880 quem
1321 2826 1371 2865 iis
1390 2823 1631 2877 temporibus
1650 2823 1749 2863 scri-
