1890 3224
341 192 368 237 1
379 191 439 236 16
950 187 1180 233 PETAVII

453 312 493 350 p.
513 297 565 340 25
584 310 623 335 v.
647 299 685 338 1.
742 289 826 338 252³&
854 293 898 338 δὲ
925 294 996 338 τόν
1023 292 1145 338 αὐτὸν
1164 291 1332 350 καιρόν]
1361 297 1533 335 Zonaras
1553 293 1603 334 de
1619 294 1785 335 Mache-⁴

342 362 467 393 meto:
496 351 788 405 ὑποστρέφοντι
812 351 855 394 δὲ
872 355 929 408 τῷ
947 355 1103 407 βασιλεῖ
1114 350 1242 408 τούτῳ
1263 352 1306 394 ἐκ
1325 353 1521 406 Περσίδος
1539 349 1787 407 τροπαιοφό-

343 427 398 465 ρςο
418 405 599 463 πρόσεισι
619 406 800 462 Μοὰμεθ
818 409 842 450 ὁ
861 413 942 450 τῶν
959 413 1206 463 Σαρακηνῶν
1223 406 1426 463 φύλαρχος
1443 416 1517 447 etc.
1547 410 1666 460 paulo
1676 416 1785 461 post:

345 462 465 514 οὗτος
485 462 559 507 οὖν
576 466 618 507 ἐκ
633 469 705 517 τῆς
719 467 922 520 Αἰθρίβου
944 465 1099 519 προϊών
1115 469 1347 518 προσῆλθεν
1365 468 1422 519 τῷ
1444 467 1615 518 βασιλεῖ,
1654 461 1786 517 χώραν

344 523 465 562 αι’τῶν
498 523 554 570 εἰς
582 524 824 575 κατοίκησιν,
851 522 918 563 καὶ
939 523 1063 575 ἔλαβε.
1095 522 1146 560 ad
1171 536 1319 559 annum
1339 524 1509 574 pertinet
1530 523 1702 559 Heraclii
1723 522 1786 568 18,

342 577 491 617 Christi
510 580 603 627 628,
633 592 712 631 quo
735 594 755 616 e
775 578 937 618 Perside
955 580 1253 631 victorUpolim
1272 591 1471 630 regressus
1492 586 1562 617 est.
1600 577 1672 616 sed
1684 590 1788 615 non-

345 634 442 673 dum
463 642 610 685 tamen,
640 642 684 673 ut
707 637 846 687 opinor
860 664 872 684 ,
902 637 1050 674 Arabes
1068 637 1338 674 Romanorum
1358 636 1523 687 imperio
1543 635 1678 673 infesti
1698 634 1788 671 fue-

343 699 448 742 runt,
479 691 549 729 sed
570 705 674 729 anno
690 699 827 743 postea
845 694 972 741 tertio,
1003 700 1046 730 ut
1066 693 1185 744 paulo
1204 699 1294 744 post
1319 690 1482 729 dicetur.-

453 747 507 785 ib.
533 761 572 785 v.
597 750 636 789 8.
696 744 818 797 αὐτὸς
852 746 894 788 δὲ
924 745 1080 801 λαβών]
1112 761 1214 786 anno
1248 749 1406 800 imperii
1435 749 1497 786 sui
1523 748 1595 795 19,
1638 747 1691 783 ait
1712 746 1788 783 Ce-

339 802 486 840 'drenus
507 816 551 840 ac
572 802 853 855 Theophanes,
882 813 1091 857 appetente
1113 818 1204 843 vere
1229 805 1342 856 cpoli
1366 806 1564 856 profectus
1586 803 1790 840 Heraclius

341 861 659 911 Hierosolymam
687 863 860 913 pretiosa
890 875 935 899 ac
969 862 1123 900 vivifica
1163 863 1286 899 crucis
1323 863 1432 912 ligna
1465 873 1600 899 secum
1634 858 1787 906 detulit,

341 912 558 970 ἐπαγαγών
587 914 635 956 τὰ
664 919 773 970 τίμια
801 917 868 958 καὶ
900 916 1073 973 §cuononi
1092 914 1189 967 ξύλα
1199 950 1211 967 ,
1251 925 1295 956 ut
1316 919 1491 970 loquitur
1507 914 1788 967 Theophanes.

340 974 395 1010 ita
421 974 560 1010 Graeci
591 975 800 1025 scriptores
838 987 975 1013 omnes
1007 988 1059 1012 ex
1087 975 1265 1025 legitima
1299 974 1470 1011 formula
1501 973 1790 1010 sanctissimam

340 1027 486 1066 christi
514 1042 670 1067 crucem
695 1032 895 1082 appellare
921 1033 1070 1079 solent,
1119 1038 1236 1082 atque
1252 1031 1355 1067 inter
1373 1031 1470 1066 alios
1486 1026 1730 1080 Nicephorus
1747 1028 1790 1064 iu

339 1084 556 1123 Chronico:
594 1086 662 1126 καὶ
688 1086 712 1128 ὁ
742 1084 933 1142 ζῳοποιός
953 1083 1116 1138 σταυρὸς
1137 1090 1220 1132 τοῖς
1243 1085 1359 1132 ἰδίοις
1377 1082 1514 1132 τόποις
1533 1082 1788 1135 ἀποκατέστη.

339 1153 461 1193 quem
483 1140 533 1178 ad
551 1142 685 1180 locum
707 1142 930 1180 Ioachimus
952 1143 1197 1180 Camerarius
1217 1155 1269 1178 ex
1286 1140 1452 1178 Lutheri
1476 1142 1643 1191 pistrino
1663 1140 1790 1176 multa

340 1204 475 1234 contra
500 1196 542 1234 S.
563 1197 687 1234 crucis
710 1197 860 1233 cultum
878 1209 960 1233 non
980 1198 1111 1233 minus
1139 1194 1283 1233 stolide
1306 1207 1426 1247 quam
1445 1197 1627 1247 imperite
1649 1194 1789 1246 dispu-

339 1259 411 1289 tat.
470 1258 509 1289 et
536 1252 667 1305 τίμιον
695 1251 858 1305 quidem
887 1254 1018 1290 vocari
1045 1259 1246 1304 utcunque
1273 1253 1442 1303 patitur,
1479 1248 1676 1306 ζῳοποιόν
1695 1264 1788 1289 vero

339 1309 452 1346 nefas
484 1322 569 1346 esse
601 1316 725 1360 putat.
784 1308 903 1362 idque
934 1310 1178 1360 ineptissima
1206 1309 1526 1356 ratiocinatione,
1569 1306 1641 1346 sed
1666 1309 1788 1359 impia

340 1372 456 1417 atque
483 1366 672 1416 sacrilega
698 1365 864 1403 suadere
890 1364 1102 1403 contendit.
1161 1371 1347 1402 sexcenta
1374 1371 1466 1402 sunt
1489 1363 1608 1403 huius
1634 1365 1789 1416 genes-Is

339 1422 382 1458 in
404 1422 488 1459 istis
512 1420 673 1460 scholiis
696 1422 743 1459 ab
761 1422 902 1460 insano
923 1424 1050 1473 capite
1068 1421 1263 1459 virulente
1285 1422 1442 1472 scripta.

450 1477 505 1516 ib·
539 1491 578 1516 v·
609 1481 674 1520 10.
757 1478 824 1519 καὶ
869 1477 1088 1532 Μοδέστῳ]
1148 1476 1374 1516 Modestum
1423 1478 1790 1529 Hierosolymorum

340 1534 573 1585 episcopum
591 1534 713 1571 fuisse
734 1534 880 1572 excidii
895 1542 1074 1585 tempore
1091 1532 1335 1585 Nicephorus
1355 1540 1490 1572 noster
1512 1535 1663 1572 asserit.
1721 1545 1789 1570 ce-

338 1591 413 1626 teri
454 1589 740 1641 propemodum
781 1602 918 1628 omnes
956 1588 1191 1627 Zachariam
1228 1591 1448 1627 nominant.
1520 1587 1788 1640 Theophanes

338 1646 452 1683 litem
471 1644 574 1683 hanc
592 1648 794 1697 aptissime
815 1647 1015 1698 componit
1031 1644 1093 1683 his
1113 1646 1265 1683 verbis:
1290 1642 1483 1685 εἰσελθών
1501 1643 1544 1685 δὲ
1564 1643 1588 1686 ὅ
1606 1643 1789 1697 βασιλεῦς

340 1701 384 1742 ἒν
399 1700 694 1754 Ἱεροσολύμοις,
719 1701 787 1742 καὶ
806 1705 878 1743 τοῦ
894 1699 1137 1755 πατριάρχου
1158 1702 1358 1753 Ζαχαρίου
1372 1698 1676 1753 τελευτήσαντος
1694 1698 1789 1752 μετοὶ

339 1755 382 1798 τὸ
407 1756 542 1798 ἐλθεῖν
569 1754 692 1799 αὖτόν
721 1758 763 1799 ἐν
792 1759 1037 1813 Παλαιστίνῃ
1069 1754 1147 1798 vind
1180 1757 1466 1810 αἰχμαλωσίας,
1509 1760 1583 1798 τοῦ
1609 1755 1652 1797 δὲ
1671 1755 1788 1810 ἆγίου

341 1813 555 1855 Μοδέστου
577 1813 645 1855 καὶ
675 1810 977 1869 ἆρχιμανδρίτου
1005 1818 1077 1867 τῆς
1101 1816 1228 1866 μονῆς
1247 1816 1320 1854 τοῦ
1339 1812 1457 1866 ἁγίου
1481 1813 1698 1854 Θεοδοσίου
1717 1815 1790 1853 τοῦ

338 1870 547 1919 κτίσαντος
573 1869 648 1938 τήν
676 1870 793 1924 ἁγίαν
820 1867 1081 1912 Ἀναστασίαν
1105 1869 1173 1910 καὶ
1201 1867 1275 1924 τήν
1295 1868 1412 1922 ἁγίαν
1435 1867 1621 1922 Βηθλεὲμ.
1645 1867 1700 1917 ὥς
1715 1868 1791 1922 ἐμ·-

340 1925 572 1979 πρησθέντα
596 1924 677 1968 aad
700 1930 778 1967 τῶν
807 1930 995 1980 Περσῶν,
1030 1924 1118 1968 τότε
1141 1920 1217 1967 οὖν
1236 1930 1452 1979 χειροτονεῖ
1472 1924 1493 1967 ὁ
1516 1922 1701 1979 βασιλεῦς
1720 1923 1791 1967 τᾶν

342 1978 458 2035 ἅγιον
478 1978 685 2022 Μόδεστον
703 1978 960 2035 πατριάρχην.
1018 1995 1119 2034 quae
1141 1984 1273 2018 omnia
1295 1994 1317 2018 a
1333 1983 1534 2020 Miscellae
1559 1989 1716 2020 auctore
1744 1994 1791 2020 ac

342 2037 519 2076 Cedreno
541 2039 818 2089 praetermissa
840 2038 891 2075 ad
911 2037 1013 2075 hanc
1031 2037 1236 2076 historiam
1253 2045 1545 2089 peropportuna
1565 2045 1670 2076 sunt.
1726 2040 1790 2075 atss

340 2107 419 2146 que
443 2096 517 2132 etsi
538 2094 722 2132 nonnihil
744 2096 880 2132 vitiata
903 2097 1001 2143 sint,
1042 2093 1116 2132 hoc
1138 2101 1271 2131 tamen
1289 2094 1530 2144 significant,
1554 2093 1789 2132 Zachariam

340 2151 461 2203 paulo
487 2158 577 2202 post
608 2150 778 2188 reditum
812 2165 832 2188 e
859 2150 1022 2189 Perside
1051 2153 1094 2188 in
1117 2150 1340 2187 Palaestina
1371 2148 1623 2199 defunctum,
1672 2151 1787 2204 eique

339 2207 596 2258 subrogatum
611 2207 835 2244 Modestum
855 2206 1213 2244 archimandritam.
1271 2204 1515 2258 Nicephorus
1533 2208 1574 2244 in
1593 2204 1786 2245 Chronico

340 2262 555 2301 Zachariae
573 2264 710 2299 tribuit
731 2276 853 2300 annos
875 2270 964 2300 ante
986 2263 1091 2300 urbis
1116 2258 1264 2301 ἅλωσιν
1284 2265 1361 2309 22,
1391 2261 1572 2301 Modesto
1596 2276 1690 2301 vero
1714 2277 1786 2301 an-

339 2333 439 2357 num
461 2320 482 2359 1
498 2349 508 2368 ,
539 2317 807 2371 Theophanes
829 2318 1044 2356 Zachariae
1066 2331 1189 2355 annos
1209 2320 1252 2354 in
1271 2325 1400 2356 totum
1418 2321 1496 2366 22,
1538 2317 1717 2358 Modesto
1737 2321 1784 2368 23

339 2375 527 2427 idemque
557 2375 727 2413 Modesti
755 2375 914 2412 initium
948 2375 1099 2413 confert
1127 2376 1170 2411 in
1198 2387 1348 2411 annum
1374 2376 1546 2413 Heraclii
1577 2377 1655 2424 22,
1694 2388 1785 2413 cum

339 2438 474 2469 tamen
497 2431 545 2469 de
567 2434 650 2470 eius
673 2433 866 2469 creatione
888 2445 924 2468 a.
950 2433 1001 2471 19
1021 2432 1266 2469 mentionem
1282 2431 1432 2468 fecerit.
1468 2431 1785 2470 Alexandrinum

339 2486 563 2526 Chronicon
589 2501 627 2526 a.
654 2486 812 2526 Phocae
835 2490 882 2536 7,
921 2487 1062 2525 Indict.
1095 2488 1146 2527 12
1169 2489 1293 2524 Isacio
1312 2488 1676 2539 Hierosolymorum
1697 2489 1784 2540 epi-

335 2556 457 2595 scopo
477 2551 630 2582 mortuo
652 2543 862 2581 suffectum
881 2557 965 2582 esse
981 2542 1214 2581 Zachariam
1233 2544 1378 2591 scribit,
1409 2543 1638 2595 Cpolitanae
1657 2545 1785 2583 eccle-

341 2600 423 2638 siae
452 2601 726 2652 presbyterum
759 2607 797 2637 et
823 2612 1008 2638 vasorum
1043 2599 1260 2638 custodem.
1320 2606 1378 2636 est
1399 2598 1464 2637 hic
1495 2613 1530 2638 a.
1560 2602 1604 2639 C.
1626 2601 1730 2649 609,
1761 2614 1783 2639 a

341 2668 421 2707 quo
437 2655 487 2692 ad
508 2668 544 2693 a.
560 2659 642 2698 680
660 2658 752 2693 anni
767 2663 859 2694 sunt
876 2660 952 2705 223
974 2670 1053 2709 quo
1078 2669 1203 2694 annus
1222 2656 1394 2693 Heraclii
1414 2658 1544 2709 coepit
1562 2658 1632 2698 22.
1663 2670 1783 2710 quare

340 2709 572 2760 Zacharias,
609 2719 819 2765 postquam
839 2714 880 2750 in
902 2713 1038 2751 sedem
1058 2713 1257 2750 restitutus
1282 2719 1360 2760 est,
1391 2725 1516 2751 annos
1538 2712 1566 2753 4
1583 2714 1649 2751 vel
1669 2716 1695 2754 5
1713 2726 1784 2751 su-

338 2774 488 2820 perstes
505 2768 602 2817 fuit3
634 2769 858 2822 falsumque
876 2771 1036 2808 omnino
1056 2775 1116 2807 est
1135 2765 1346 2820 Nicephori
1364 2767 1602 2807 Chronicon.

451 2823 504 2862 ib.
527 2837 566 2863 v.
595 2824 657 2866 15.
710 2824 965 2879 ὑψωθέντων
984 2824 1028 2867 δὲ
1049 2822 1199 2877 αὐτῶν]
1230 2825 1427 2876 sig-nificat
1449 2839 1470 2863 e
1494 2827 1660 2878 vestigio
1676 2825 1782 2878 Opo-
