1890 3224
275 182 368 232 134
859 184 1133 239 QUERCIUS

269 298 351 334 lem
374 301 560 348 putarunt
586 300 759 342 veteres,
796 301 1021 346 penetrasse
1041 295 1269 332 Heraclium
1287 294 1502 346 significet3
1544 295 1587 334 id
1608 294 1716 348 quod

270 355 442 404 apertius
462 352 649 402 exprimit
670 352 713 388 in
731 350 967 388 Heracliad.
993 352 1015 390 1
1048 350 1142 392 156.

380 409 476 450 255.
531 414 658 445 mater
686 408 880 455 Heraclii,
917 414 1017 445 teste
1042 405 1289 458 Theophane
1301 420 1349 457 p.
1373 406 1476 456 250‚
1504 407 1717 446 vocabatur

266 462 504 515 Epiphania.
563 477 609 501 ea
629 464 742 514 cpoli
770 462 958 515 degebat,
1006 476 1096 500 cum
1122 462 1226 501 filius
1247 463 1452 501 Heraclius
1473 465 1645 514 primum
1664 476 1717 501 ex

265 521 398 558 Africa
415 521 654 571 Byzantium
673 521 801 569 venit,
843 527 886 557 ut
906 518 1083 557 Phocam
1101 526 1314 571 tyrannum
1335 532 1456 570 regno
1475 521 1716 558 exturbaret.

264 575 398 614 Phoca
417 589 510 614 vero
527 583 696 614 matrem
717 590 808 614 cum
823 575 1001 614 Eudocia
1019 589 1144 614 uxore
1163 577 1335 613 Heraclii
1354 577 1396 613 in
1415 576 1613 627 imperiali
1626 589 1718 614 mo-

265 634 434 670 nasterio
453 635 586 670 Novae
606 634 877 670 Poenitentiae
908 631 1117 684 diligenter
1142 630 1405 671 adservandas
1424 633 1596 670 inclusit.
1651 633 1717 670 ni-

266 687 482 726 hilominus
503 690 639 726 multis
665 688 795 727 adhuc
820 690 932 727 annis
950 687 1218 740 Epiphaniam
1237 690 1386 728 vixisse
1403 701 1477 726 nos
1493 695 1629 726 monet
1647 689 1718 725 Pi-

266 744 366 782 sida.
426 746 575 784 similes
596 759 732 784 versus
751 747 884 797 legere
903 752 961 784 est
979 747 1022 783 in
1037 744 1260 783 Heracliad.
1282 748 1302 787 1
1329 744 1407 786 165
1430 751 1469 782 et
1491 743 1540 782 de
1560 744 1718 796 Exped.

381 855 476 898 258.
533 857 667 908 plures
694 858 777 895 iam
803 857 906 896 filios
936 871 989 895 ex
1017 856 1194 895 Eudocia
1221 857 1394 908 primum
1422 869 1467 895 ac
1496 855 1639 895 deinde
1666 870 1720 894 ex

267 914 436 950 Martina
464 921 689 966 susceperat
715 915 943 963 Heraclius,
1000 927 1091 951 cum
1119 915 1162 951 in
1192 915 1393 952 Orientem
1422 914 1622 965 profectus
1647 919 1719 962 est,

268 982 368 1021 quos
385 976 520 1007 tamen
542 971 655 1021 Cpoli
677 971 911 1008 remansisse
929 969 1061 1022 prodit
1083 969 1305 1008 Chronicon
1324 969 1465 1008 Pasch.
1482 984 1530 1021 p.
1551 968 1648 1010 714.

381 1027 477 1066 266.
537 1025 586 1063 de
604 1025 713 1064 hisce
733 1027 875 1064 litteris
893 1027 1004 1064 nulla
1023 1028 1173 1064 mentio
1196 1025 1303 1077 apud
1329 1022 1476 1064 ceteros
1499 1025 1719 1064 historicos.

381 1083 477 1122 273.
533 1083 636 1120 inter
671 1096 805 1121 muros
841 1083 948 1121 urbis
977 1083 1054 1120 fuit
1086 1084 1155 1135 qui
1182 1084 1318 1119 Murus
1347 1084 1480 1120 Novus
1511 1081 1719 1120 diceretur.

269 1135 442 1175 eundem
472 1151 557 1175 esse
588 1152 633 1176 ac
664 1138 1004 1187 Theodosiacum,
1045 1141 1115 1191 qui
1139 1151 1162 1176 a
1182 1137 1411 1177 Theodosio
1440 1140 1593 1176 iuniore
1615 1151 1718 1176 anno

269 1192 350 1235 413
372 1199 591 1232 exstructus
611 1202 669 1232 est
690 1202 729 1232 et
745 1202 882 1246 postea
898 1196 1047 1246 pluries
1066 1197 1317 1243 instauratus,
1339 1193 1479 1233 suadet
1496 1194 1721 1233 Chronicon

266 1248 460 1288 Paschale
476 1264 523 1300 p.
545 1253 626 1292 717
648 1264 812 1288 narrans
843 1252 886 1288 in
916 1250 1088 1288 adventu
1109 1249 1288 1301 Chagani
1313 1252 1465 1302 equites
1488 1250 1720 1303 peditesque

270 1304 390 1345 ἔνδον
406 1305 594 1359 γενέσθαι
613 1310 688 1346 τοῦ
702 1306 796 1346 νέου
818 1307 1088 1347 Θεοδοσιακοῦ
1106 1306 1256 1358 τείχους
1274 1308 1346 1346 τοῦ
1365 1303 1510 1358 ταύτης
1525 1310 1596 1358 τῆς
1613 1308 1722 1358 βασι-

267 1362 377 1409 λίδος
393 1357 557 1409 πόλεως.
614 1361 706 1400 vide
722 1363 837 1414 plura
858 1363 901 1399 in
925 1362 1039 1412 Cpoli
1060 1362 1204 1400 Christ.
1223 1361 1294 1399 lib.
1321 1365 1340 1403 1
1354 1376 1403 1412 p.
1427 1361 1494 1403 40.
1552 1361 1624 1400 sed
1638 1363 1722 1400 for-

267 1430 340 1455 san
358 1416 457 1455 haec
475 1418 647 1468 intelligi
665 1426 832 1470 possunt
849 1417 898 1455 de
918 1419 1101 1468 muroab
1123 1419 1305 1456 Heraclio
1325 1417 1377 1455 ad
1395 1417 1635 1457 Blachernas
1655 1420 1723 1455 in—

269 1480 430 1522 structo,
452 1481 496 1511 ut
515 1481 647 1512 contra
665 1475 850 1513 barbaros
871 1482 977 1518 esset·
990 1476 1130 1526 templi
1148 1476 1377 1512 munimen:
1406 1488 1501 1512 nam
1519 1477 1562 1513 in
1581 1475 1723 1514 eodem

212 1561 218 1570 .
269 1528 463 1568 Chronico
492 1529 701 1568 Paschali:
745 1533 804 1586 τῷ
830 1529 864 1571 ιέ
895 1530 970 1572 ἔτει
998 1532 1199 1583 βασιλείας
1228 1527 1459 1584 Ἡρακλείου
1488 1531 1652 1584 ἐκτίσθη
1680 1529 1724 1573 τὸ

270 1589 396 1637 τεῖχος
416 1586 566 1635 ἔξωθεν
583 1589 662 1627 τῶν
679 1588 915 1639 βλαχερνῶν.
973 1586 1129 1628 πλέκειν
1151 1587 1256 1638 τείχη
1279 1600 1365 1625 esse
1384 1589 1524 1638 opinor
1543 1590 1599 1626 ita
1617 1601 1724 1625 moe-

267 1643 337 1679 nia
365 1644 518 1680 munire
543 1649 587 1680 ut
610 1641 817 1681 hostilium
840 1649 1126 1681 tormentorum
1148 1642 1501 1696 machinarumque
1531 1645 1632 1683 ictus
1656 1658 1722 1682 re-

266 1697 379 1735 tundi
397 1700 563 1750 possint.

382 1757 478 1796 278.
536 1755 742 1793 Heraclius
770 1757 951 1808 quamvis
979 1769 1002 1793 a
1027 1761 1151 1793 matre
1180 1761 1219 1793 et
1246 1755 1397 1793 civibus
1418 1755 1590 1793 multum
1610 1756 1723 1794 solli-

271 1811 346 1848 cite
365 1817 582 1859 revocatus,
615 1818 659 1848 ut
673 1812 781 1849 urbis
797 1813 971 1863 periculo
993 1818 1247 1860 succurreret,
1266 1812 1393 1849 noluit
1411 1825 1431 1849 e
1447 1811 1608 1849 Perside
1627 1826 1722 1864 pro-

269 1867 413 1915 ficisci,
453 1880 503 1904 ne
525 1866 698 1905 Chosroa
721 1870 824 1906 vires
845 1875 1073 1906 resumeret.
1131 1867 1240 1905 idem
1258 1867 1460 1906 confirmat
1476 1867 1612 1906 Pisida
1632 1870 1722 1906 He-

267 1920 437 1960 racliad.
465 1925 484 1963 1
520 1922 614 1964 165.
1601 1953 1604 1957 .

380 1981 476 2021 280.
535 1992 588 2016 ex
607 1977 800 2018 Chronico
815 1978 999 2019 Paschali
1014 1980 1238 2031 colligimus
1257 1979 1309 2018 ad
1325 1981 1432 2020 urbis
1450 1979 1722 2020 defensionem

271 2042 425 2085 reperta
446 2035 589 2084 fuisse,
621 2050 711 2074 cum
733 2035 943 2088 Chaganus
964 2035 1012 2074 de
1031 2050 1077 2074 ea
1094 2036 1284 2075 vastanda
1303 2040 1512 2089 cogitaret,
1542 2040 1721 2091 equitum

271 2089 481 2129 duodecim
499 2093 639 2130 millia.

384 2150 481 2190 281.
537 2144 626 2188 κατ’
659 2144 795 2190 αὐταῖν
825 2157 920 2201 puto
954 2148 1103 2187 dictum
1126 2162 1196 2200 pro
1225 2145 1315 2190 κατ’
1342 2144 1488 2198 αὐτοῦ,
1526 2157 1570 2187 ut
1604 2163 1722 2203 saepe

269 2201 377 2256 ’ὑμᾶς
397 2214 467 2255 p'ro
486 2202 551 2253 σε’,
580 2217 671 2241 00111
685 2205 820 2243 Pisida
835 2207 1010 2258 loquitur
1029 2205 1078 2243 de
1093 2206 1289 2243 Heraclio.
1359 2217 1361 2219 ’

382 2259 478 2302 295.
538 2268 751 2298 consonant
777 2260 875 2299 haec
907 2275 997 2299 cum
1022 2263 1071 2299 iis
1097 2275 1197 2315 quae
1222 2262 1409 2313 leguntur
1432 2263 1475 2300 in
1498 2263 1722 2301 narratione

270 2313 319 2352 de
339 2316 445 2354 bello
464 2316 631 2354 Abarico
653 2316 758 2354 edita
783 2331 805 2354 a
822 2317 1070 2356 Combefisio.

381 2373 478 2413 298.
537 2371 663 2410 codex
679 2372 798 2411 habet
818 2370 1038 2425 τοσούτων,
1069 2373 1140 2413 sed
1162 2388 1280 2427 super
1305 2390 1336 2416 ω
1358 2375 1583 2428 appositum
1601 2382 1660 2414 est
1684 2390 1722 2418 ο.

380 2428 476 2470 301.
534 2428 721 2467 mandata
739 2437 821 2467 tam
840 2430 1013 2469 studiose
1034 2431 1310 2483 perficiebant,
1348 2439 1393 2470 ut
1415 2433 1617 2470 exsecutio
1642 2433 1722 2469 im-

270 2485 416 2535 peratis
436 2482 488 2521 ad
510 2487 700 2524 amussim
715 2486 983 2538 responderet.

383 2542 478 2582 308.
535 2540 578 2578 id
604 2544 798 2594 praestitit
822 2545 864 2580 in
892 2545 1101 2595 poematiis
1131 2544 1180 2582 de
1206 2543 1359 2595 Erped.
1391 2544 1578 2582 Heraclii
1610 2550 1647 2580 et
1679 2544 1723 2581 in

270 2595 526 2634 Heracliade.

383 2655 478 2694 313.
536 2651 729 2707 ἄρχοντας
753 2651 979 2708 ὑπηκόους,
1016 2656 1155 2708 Sergio
1178 2656 1373 2694 subiectos
1396 2656 1560 2708 eiusque
1576 2668 1723 2707 paren-

271 2714 330 2746 tes
349 2707 464 2757 dicto,
491 2712 665 2762 appellat
683 2713 873 2750 militares
893 2712 1024 2761 duces,
1039 2719 1245 2764 propterea
1263 2711 1371 2765 quod
1387 2714 1519 2763 ipsum
1538 2713 1723 2764 Sergium

271 2766 419 2858 pli-imas
439 2767 542 2804 inter
562 2781 698 2807 omues
718 2770 912 2818 tenuisse,
949 2776 1139 2822 tanquam
1161 2782 1299 2806 verum
1315 2769 1410 2806 belli
1429 2770 1721 2820 imperatorem,

303 2828 527 2860 emonstret.
