1838 3210
523 164 855 208 DESCRIPTIO
890 165 934 208 S.
967 164 1214 210 SOPHIAE.
1504 163 1597 229 ,1⁰1

151 276 336 323 Latinos,
380 276 550 313 Francos
577 274 767 313 nimirum
785 274 1002 312 Germanos
1021 272 1173 325 Auglos
1199 280 1238 312 et
1263 272 1383 321 alios,
1426 273 1470 309 in
1489 270 1598 310 hisce

152 331 421 369 occasionibus
441 332 543 369 inter
558 331 643 382 ipsa
661 343 771 369 sacra
788 332 934 370 missae
953 331 1132 369 solennia
1153 342 1292 381 regum
1313 329 1507 380 capitibus
1529 342 1599 366 co·-

152 401 247 425 rona
266 387 542 438 imponebatur
561 388 609 424 ab
629 385 934 438 archiepiscopis
954 394 1021 424 aut
1039 389 1244 438 episcopis,
1274 393 1319 424 ut
1338 398 1391 423 ex
1406 385 1598 422 Anselmo

150 445 334 494 episcopo
360 445 401 480 in
424 445 536 494 epist.
566 443 617 481 ad
634 441 886 494 Ernulphum
903 444 1096 494 priorem,
1138 442 1335 480 Eadmero
1356 443 1385 479 1.
1403 440 1430 482 4
1451 443 1600 478 Histor-

149 502 348 537 Novorum
364 513 402 550 p.
426 500 528 548 105,
557 502 678 537 Inone
696 500 854 537 Carnot.
876 501 989 550 epist.
1011 501 1085 547 66,
1115 500 1169 540 67
1196 506 1234 536 et
1259 497 1332 547 84,
1363 504 1401 535 et
1416 496 1599 534 Baldrico

149 554 293 593 Chron.
315 557 512 595 camerac.
532 558 556 599 3
577 556 631 598 55
653 556 862 607 colligitur,
883 557 938 593 ita
954 553 1060 607 apud
1079 555 1319 608 Byzantinos
1338 566 1361 591 a
1379 551 1602 605 patriarcha.

148 613 190 649 in
211 611 307 650 aede
328 610 550 663 Sophiana,
587 608 651 652 ὅτε
680 609 897 664 δημοτελής
924 612 991 652 καὶ
1014 607 1162 664 μεγάλη
1184 607 1369 664 ἐτύγχανε
1388 605 1601 661 δεσποτική

148 665 266 719 ἑορτή
276 699 286 718 ‚
318 669 603 705 coronabantur
618 669 874 720 imperatores
894 667 1027 720 aliqua
1049 668 1164 706 exiis
1184 667 1340 705 corollis
1363 679 1463 719 quae
1481 677 1602 716 supra

149 737 301 762 sacram
319 737 504 764 mensam.
520 723 759 776 pendebant,
790 737 891 776 quae
909 730 1072 775 peracta.
1088 724 1322 762 solennitate
1339 723 1381 759 in
1400 734 1518 760 suum
1534 735 1600 759 re·-

148 781 378 820 mittebatur
390 781 545 827 locum,
580 786 624 817 ut
641 781 821 832 pluribus
840 786 974 819 narrat
993 780 1271 817 Constantinus
1292 777 1601 830 Porphyrogen-

148 843 240 875 neta
258 838 328 874 lib.
352 835 400 874 de
419 835 580 877 Admin.
602 838 746 887 Imper.
773 849 805 872 c.
831 837 908 883 133
940 836 1055 872 cuius
1070 836 1167 873 ritus
1191 837 1386 885 originem
1405 836 1603 874 Constan-

148 894 231 930 tino
250 894 395 944 Magno
415 891 619 930 adscribit.
673 905 804 944 neque
835 898 947 930 extra
980 893 1074 929 istas
1102 893 1365 938 ceremonias,
1409 904 1463 928 ex
1491 891 1602 929 illius

147 947 276 988 edicto
289 979 301 998 ,
339 950 400 987 fas
423 955 505 986 erat
524 950 755 999 imperatori
776 960 962 987 coronam
981 948 1057 985 sibi
1077 948 1280 999 imponere
1299 947 1364 986 vel
1384 953 1487 984 certe
1506 944 1602 983 inde

145 1005 323 1054 auferre,
362 1004 461 1043 adeo
488 1011 533 1042 ut
561 1007 739 1042 Leonem
767 1005 1007 1055 Copronymi
1036 1003 1163 1040 filium
1191 1003 1461 1042 miserabilem
1491 1003 1596 1041 vitae

145 1063 300 1101 exitum
319 1075 371 1099 ex
391 1059 590 1102 eiusmodi
603 1062 738 1100 statuti
756 1061 1064 1111 transgressione
1085 1061 1294 1098 incurrisse
1313 1058 1471 1099 tradant
1487 1057 1598 1095 idem

143 1116 533 1170 Porphyrogenneta‚
562 1115 844 1169 Theophanes,
875 1115 1094 1165 cedrenus,
1121 1116 1276 1167 Glycn,
1306 1115 1539 1166 Sigebertus
1559 1120 1599 1152 et

143 1174 226 1214 alii-
283 1175 387 1213 inter
407 1173 480 1212 has
500 1180 634 1212 autem
654 1174 832 1221 corollas,
860 1185 962 1225 quae
983 1185 1116 1211 sacrae
1137 1184 1300 1209 mensae
1322 1171 1598 1219 imminebant,

140 1243 237 1283 prae
258 1232 396 1269 ceteris
417 1237 454 1268 et
471 1231 600 1282 operis
617 1230 814 1281 elegantia
837 1236 876 1267 et
892 1229 1120 1280 lapillorum
1140 1229 1271 1279 pretio
1287 1229 1498 1280 conspicua
1522 1227 1600 1266 fnit

142 1287 213 1324 illa
244 1300 364 1339 quam
395 1300 417 1323 a
444 1287 699 1325 Constantino
729 1287 882 1337 Magno„
897 1284 1120 1324 dedicatam
1140 1285 1282 1331 fuisse,
1321 1290 1478 1335 praeter
1495 1284 1600 1321 Por-

141 1341 499 1394 phyrogennetam,
533 1343 653 1380 refert
668 1344 824 1380 Nicetas
844 1342 887 1378 in
905 1340 1130 1380 Andronico
1150 1341 1356 1378 Comneno
1371 1340 1400 1377 l.
1422 1341 1448 1379 2
1470 1352 1512 1376 n.
1530 1341 1597 1387 11,

142 1412 392 1451 quamquam,
407 1398 451 1436 id
470 1405 772 1436 controversum
784 1397 914 1435 video.
974 1399 1121 1450 quippe
1139 1397 1320 1448 plerique
1347 1409 1370 1432 e
1394 1395 1598 1446 scriptori-

141 1456 217 1493 bus
237 1457 466 1506 Byzantinis
483 1453 676 1506 Sophiam
695 1467 748 1491 ex
762 1455 912 1493 Iustino
928 1455 1110 1504 Augusto
1131 1452 1307 1501 viduam,
1338 1458 1377 1488 et
1400 1446 1598 1489 Constan-

142 1514 267 1549 tinam
286 1512 440 1548 Tiberii
460 1511 584 1550 filiam
598 1540 608 1558 ,
651 1511 832 1548 Maurioii
850 1511 1020 1560 Augusti
1040 1510 1270 1559 coniugem,
1310 1509 1388 1558 ipsi
1405 1507 1596 1547 Mauricio

142 1570 279 1618 magni
304 1569 421 1619 pretii
449 1579 636 1604 coronam
664 1566 853 1605 obtulisse
880 1571 1063 1613 narrant,
1101 1578 1225 1617 quam
1239 1564 1307 1600 ille
1324 1566 1368 1602 in
1387 1563 1597 1600 ecclesiam

141 1625 335 1676 perlatam
358 1623 434 1663 deo
456 1623 710 1660 consecravit.
767 1623 822 1659 ita
843 1619 1135 1672 Theophanes,
1165 1622 1351 1667 Zonaras,
1382 1618 1596 1667 Cedrenus,

140 1682 373 1719 Anastasius
392 1687 430 1717 et
446 1679 595 1716 Paulus
612 1679 810 1715 Diaconus
836 1676 887 1714 ad
908 1679 958 1718 19
983 1690 1019 1714 a.
1041 1677 1233 1714 Mauricii.
1267 1674 1378 1712 addit
1391 1681 1595 1726 praeterea

141 1736 343 1778 cedrenus
367 1748 553 1774 coronam
570 1735 763 1782 Heraclii,
803 1746 903 1786 quae
928 1734 985 1773 70
1002 1733 1114 1773 libris
1136 1739 1194 1770 est
1212 1734 1417 1769 aestimata
1429 1760 1444 1779 ,
1471 1743 1494 1767 a
1511 1730 1594 1767 filio

141 1795 387 1831 Heracleona
406 1794 448 1828 in
466 1790 607 1828 aedem
627 1789 872 1841 Sophianam
892 1789 1066 1836 illatam,
1089 1789 1159 1827 ubi
1176 1788 1276 1825 aliae
1298 1793 1500 1839 praeterea
1521 1799 1594 1837 ap·-

140 1863 288 1902 pensae
311 1855 420 1886 erant
441 1847 609 1884 corollae
622 1876 632 1894 ,
669 1853 713 1883 ut
727 1845 835 1883 idem
855 1841 1012 1883 Nicetes
1029 1843 1150 1882 tradit
1168 1844 1209 1880 in
1227 1844 1372 1880 Alexio
1394 1843 1422 1879 l.
1443 1842 1470 1881 3
1493 1855 1534 1878 n.
1553 1844 1594 1882 6.

142 1920 197 1944 ex
227 1906 369 1958 quibus
397 1905 650 1956 perspicuum
679 1902 724 1940 fit
751 1914 912 1939 coronas
947 1913 974 1937 a,
997 1899 1242 1951 principibus
1271 1905 1310 1935 et
1342 1897 1594 1949 magnatibus

140 1963 302 2013 templis
333 1963 429 2000 olim
462 1960 611 1999 oblatas
642 1965 681 1997 et
703 1970 822 2009 supra
845 1969 997 1995 sacram
1017 1968 1199 1993 mensam
1217 1966 1431 2006 appensas3
1475 1965 1596 2005 quem

140 2032 295 2059 morem
322 2032 344 2055 e
362 2018 515 2069 Latinis
544 2017 708 2066 attigere
737 2020 893 2066 praeter
918 2014 1172 2051 Anastasium
1202 2012 1394 2049 Domnizo
1432 2008 1480 2046 de
1507 2009 1598 2048 Vita

141 2073 346 2114 mathildis
364 2074 583 2113 comitissae
606 2073 633 2113 1·
659 2074 715 2120 2,
747 2076 883 2108 auctor
900 2069 1117 2107 Relationis
1145 2067 1195 2105 de
1217 2066 1403 2105 thesauro
1425 2066 1599 2102 Canusi-—
1616 2071 1644 2105 P
1669 2070 1737 2105 556

139 2145 217 2170 nae
238 2132 439 2178 ecclesiae,
467 2131 549 2168 Leo
569 2129 737 2167 Ostiens.
758 2125 903 2164 Chron.
921 2123 1096 2166 Casin.'3‚
1117 2137 1150 2161 c.
1171 2124 1257 2171 ult„
1287 2124 1428 2160 Petrus
1447 2122 1595 2159 Diaco-

140 2202 220 2226 nus
240 2186 419 2226 eiusdem
437 2183 626 2224 Chronici
642 2183 669 2224 4
698 2185 766 2231 90,
797 2189 836 2220 et
854 2182 1020 2233 epistola
1038 2179 1120 2221 345
1139 2193 1192 2217 ex
1210 2181 1258 2217 iis
1278 2192 1378 2231 quae
1399 2177 1596 2214 habentur
1616 2222 1621 2225 Α

141 2253 239 2282 tom.
260 2244 286 2285 4
311 2243 506 2281 Historiae
524 2242 777 2278 Francorum.
818 2237 1142 2290 appendebantur
1158 2242 1292 2273 autem
1311 2241 1355 2272 ut
1378 2235 1595 2286 plurimum

141 2301 310 2339 corollae
329 2302 427 2338 istae
448 2297 499 2336 ad
517 2298 683 2344 ciboria3
704 2294 811 2333 unde
827 2307 945 2346 supra
964 2305 1116 2332 sacram
1134 2304 1321 2330 mensam
1335 2291 1429 2328 illas
1441 2302 1595 2341 pepen-

141 2357 247 2396 disse
267 2358 415 2408 passim
430 2356 614 2405 legimus.
647 2353 881 2391 Anastasius
901 2352 948 2389 in
959 2352 1093 2388 Leone
1108 2347 1136 2389 4
1154 2359 1281 2400 papa:
1315 2360 1410 2384 nam
1428 2353 1466 2384 et
1477 2359 1595 2396 super

141 2413 332 2451 ciborium
351 2411 494 2450 obtulit
510 2423 674 2448 coronas
693 2415 878 2460 quattuor
892 2414 930 2444 et
949 2406 1095 2444 calices
1110 2406 1275 2444 sedecim
1293 2417 1338 2440 ex
1354 2416 1453 2440 auro
1475 2415 1594 2438 mun-

140 2471 322 2508 ‹lis-simo„
375 2467 578 2506 Hariulfus
599 2465 745 2504 Chron.
762 2464 917 2502 centul.
939 2466 963 2505 3
977 2475 992 2500 ι
1018 2475 1136 2512 super
1157 2461 1232 2498 illa
1252 2461 1329 2496 tria
1346 2458 1496 2495 altaria
1517 2457 1593 2494 luz-

143 2525 282 2562 hentur
301 2526 378 2563 tria
398 2523 547 2561 ciboria
569 2536 614 2559 ex
640 2527 804 2572 argento
836 2526 874 2556 et
893 2532 993 2556 auro
1006 2525 1176 2569 parata,
1206 2518 1248 2553 in
1267 2514 1410 2567 quibus
1430 2521 1505 2550 tres
1526 2513 1595 2550 de—

138 2582 313 2633 pendent
329 2593 516 2626 coronae,
539 2577 723 2630 singulae
746 2590 822 2627 per
849 2574 1012 2627 singula
1030 2588 1075 2611 ex
1092 2587 1190 2612 auro
1205 2573 1450 2624 gemmasque
1462 2583 1595 2620 para-

142 2646 224 2682 tae,
253 2651 343 2674 cum
361 2637 492 2675 aureis
510 2633 720 2673 cruciculis
736 2632 905 2684 aliisque
919 2631 1083 2669 diversis
1097 2628 1350 2669 ornamentis.
1413 2633 1451 2663 et
1467 2623 1594 2662 Chro-

144 2696 261 2732 uicon
276 2692 455 2731 Trudon.
474 2693 504 2729 l.
523 2692 570 2732 1:
610 2691 653 2728 in
671 2689 797 2727 medio
814 2687 956 2725 ciborio
969 2686 1207 2738 pendentem
1230 2696 1415 2721 coronam
1437 2693 1593 2718 aeream

143 2756 307 2801 ‹za-genta
322 2755 527 2800 paratam.
588 2745 783 2784 eiusmodi
805 2757 966 2782 coronas
992 2743 1105 2781 altari
1123 2742 1376 2779 imminentes
1393 2735 1594 2787 sparteoli·

146 2814 227 2845 stas
258 2818 327 2845 seu
357 2803 691 2851 ἐπανωκλείστους
725 2808 764 2840 et
799 2814 924 2852 regna
956 2813 1038 2839 non
1066 2798 1191 2837 semel
1223 2801 1333 2835 vocat
1362 2792 1592 2832 Anastasius
