1838 3210
477 200 812 246 DESCRIPTIO
846 200 901 245 S:
928 199 1179 245 SOPHIAE.
1526 199 1559 246 9

243 318 282 362 οἶ
301 317 375 369 τὰς
395 312 530 367 πόλεις
546 313 776 367 τάττοντες,
805 315 844 357 οἳ
863 315 938 366 τὰς
952 311 1068 370 ἧνιάς

244 388 348 430 ὅλων
366 386 519 440 ἔχοντες
536 387 603 428 καὶ
623 382 753 440 λόγων
771 386 839 426 καὶ
860 381 1119 441 πραγμάτων.

135 459 215 500 130
249 451 320 513 ἆρ’
345 451 415 497 οὖν
439 454 507 497 ἐπ’
532 454 678 504 αὐτοὺς
691 453 773 510 χρὴ
794 454 970 506 βαδίζειν
986 451 1082 502 τοὺς
1099 450 1259 504 στίχους

245 523 655 579 ἕκδημαγωγηθέντας
669 525 726 572 εἷς
740 522 993 578 παρρησιάν,·

238 593 320 648 χρὴ
341 596 459 635 τοῦτο
482 589 681 647 πράττειν,
717 590 840 640 αὐτὸς
859 586 1190 646 ἇντιφθέγξομαι,

247 661 382 718 ὥσπερ
404 677 464 710 τις
483 659 569 714 ἠχὼ
591 663 670 702 τῶν
690 659 796 712 ἐμῶν
817 659 955 715 φανεὶς
976 654 1117 712 λόγων.

246 729 392 773 οὐκοῦν
410 727 589 782 ἐπάνειμι
611 726 714 784 πρὸς
731 727 903 780 βασιλέα
926 725 995 768 τὸν
1016 724 1156 780 μέγαν.

132 930 214 975 135
310 926 496 989 ,Σήμερον
517 927 564 973 οὗ
588 925 742 972 σακέων
757 943 808 983 με
831 926 942 985 φέρει
961 922 1123 977 κτύπος,
1152 922 1248 968 οὐδ’
1273 923 1337 966 ἐπὶ
1359 924 1469 981 νίκην

248 997 415 1057 ἕσπερον
435 999 484 1054 ἠὲ
502 999 726 1053 Λιβυσσαν
744 998 963 1054 ἐπείγομαι,
998 995 1093 1038 οὐδὲ
1111 993 1317 1052 τροπαίοις

249 1067 358 1126 ἀμφὶ
379 1066 692 1126 τυραννοφόνοις
713 1065 976 1121 καναχήποδα
996 1062 1158 1119 ῥυθμὸν
1174 1061 1364 1120 ἄράσσω·

251 1135 519 1194 Μηδοφόνων
538 1134 695 1191 ἅβόητα
715 1135 829 1190 μένοι
847 1135 943 1178 κλέα
959 1132 1135 1190 σήμερον
1154 1131 1293 1190 ἔργων.

251 1203 385 1263 εἲρήνη
406 1203 605 1259 πολύολβε
615 1236 628 1256 ,
662 1202 924 1260 τιθηνήτειρα
946 1201 1122 1257 πολήων,
1543 1205 1566 1239 5

136 1272 218 1317 140
249 1273 301 1329 ἣν
320 1274 438 1317 πλέον
458 1273 680 1329 εὖπήληκος
699 1272 801 1323 ἅναξ
822 1269 1053 1328 ἠγκάσσατο
1070 1271 1202 1323 νίκης,

249 1344 390 1399 δεῦρο,
420 1341 745 1397 πολισσούχοισιν
762 1340 1058 1396 ἐπαυχήσαντες
1075 1338 1242 1387 ἀέθλοις
1249 1367 1264 1389 ,

247 1410 398 1461 παντὸς
415 1409 713 1468 ὕπερκῦὁανῐος
730 1408 946 1468 ’ὑπέρτερον
964 1406 1072 1450 οἷκον
1092 1407 1246 1462 ἀγῶνος

249 1478 416 1534 εὗιὲροις
432 1478 616 1531 ὕμνοισιν
638 1477 834 1532 ἆείσομεν,
870 1472 904 1535 ᾧ
923 1475 1002 1518 ὑπὸ
1022 1473 1162 1531 μούνῳ

246 1551 327 1588 πᾶν
347 1546 460 1594 κλέος
481 1543 715 1601 ὑψορόφοιο
737 1543 970 1585 κατώκλασε
988 1544 1183 1583 θέσκελον
1203 1539 1336 1595 ἔργον.
1530 1548 1574 1583 10

134 1612 215 1657 145
308 1613 432 1657 Ἀλλὰ
455 1610 504 1655 σύ
526 1628 597 1666 μοι
617 1615 798 1666 βασιλῆα
820 1610 1046 1669 φερέσβιον,
1082 1608 1233 1663 &panna
1247 1605 1384 1663 ς,Ροῦμη
1394 1639 1409 1661 ,

249 1682 401 1737 στέψον
419 1674 675 1738 ἀκῇρασίοισι
694 1679 824 1734 χύδην
845 1678 1100 1733 καταειμένον
1117 1676 1259 1731 ὕμνοις
1267 1708 1281 1728 ,
1397 1688 1404 1696 “

252 1750 327 1805 οὐχ
348 1749 408 1793 ὅτι
433 1749 506 1793 σόν
529 1746 1024 1806 ζυγόδεσμονὲφήρμοσεν
1043 1745 1177 1788 ἔθνεσι
1197 1746 1327 1801 γαίης,

207 1837 290 1880 post
314 1845 352 1867 v.
379 1833 444 1868 134
467 1833 566 1867 omisi
586 1833 743 1867 titulum=
768 1830 922 1866 Παύλου
946 1830 1216 1872 Σιλεντιαρίου,
1238 1829 1326 1864 υἱοῦ
1348 1827 1490 1875 Κύρου,
1514 1828 1574 1865 ἔκ-

208 1889 344 1924 φρασις
363 1878 431 1922 τῆς
450 1875 607 1923 μεγάλης
629 1875 828 1922 ἐκκλησίας.
1027 1878 1093 1912 137
1116 1874 1268 1920 ῥυθμὸν
1292 1877 1328 1910 G
1346 1876 1403 1911 vel
1425 1877 1574 1920 μῦθονε

207 1970 320 2006 codex
346 1967 484 2013 θυμόν.
666 1981 722 2013 γρ.
754 1963 879 2010 ἀράξω
910 1968 1034 2002 codex.
1220 1965 1286 2002 144
1316 1933 1422 2011 ἔργῖῗι
1446 1969 1571 2003 codex.

208 2016 274 2052 145
298 2013 503 2058 Βυζαντιὰς
523 2011 640 2059 Ῥώμη
663 2015 701 2049 in
723 2014 864 2049 Anthol.
885 2015 951 2048 Gr.
970 2014 994 2048 4
1015 2012 1061 2049 24
1082 2026 1119 2059 p.
1138 2013 1230 2058 299,
1252 2013 1320 2048 300
1344 2019 1413 2048 etc.
1459 2014 1574 2048 Roma

207 2062 393 2107 Cpolitana
409 2062 447 2095 in
469 2062 671 2106 quibusdam
691 2061 791 2095 codd.
815 2059 989 2093 Prisciani
1012 2066 1092 2104 post
1110 2058 1172 2092 lib.
1192 2061 1213 2094 8
1234 2063 1270 2091 et
1286 2059 1309 2093 9
1332 2065 1369 2092 et
1389 2071 1409 2092 a
1435 2060 1482 2094 ud
1502 2060 1570 2094 Se—

209 2113 283 2143 nat.
308 2109 352 2142 de
373 2107 543 2152 Orthogr.
570 2119 603 2141 c.
630 2108 685 2141 1⁶2.
732 2103 809 2140 ἑοόοι
828 2102 947 2149 Ῥώμη
969 2104 1164 2139 Themistio
1189 2109 1278 2138 orat.
1304 2104 1360 2139 15.
1440 2116 1500 2139 uc.

118 2182 188 2222 tur,
212 2176 274 2222 qui
295 2177 402 2211 nrbes
423 2180 550 2220 regunt
571 2175 788 2219 omniumque
811 2178 849 2208 et
868 2184 983 2208 rerum
1007 2178 1044 2207 et
1064 2172 1258 2207 orationum
1280 2172 1433 2206 habenas
1450 2173 1570 2207 mode-

119 2229 253 2260 rantur.
300 2223 401 2266 (130)
423 2221 544 2256 horum
566 2221 676 2266 igitur
697 2219 869 2255 demereri
893 2219 1041 2264 gratiam
1064 2225 1102 2253 et.
1129 2219 1174 2253 ad
1204 2218 1268 2252 hos
1297 2218 1396 2252 adire
1418 2218 1572 2253 carmina

119 2281 198 2304 mea
219 2273 376 2315 oportet3
398 2267 505 2313 idque
527 2268 742 2302 confidenter
765 2266 934 2310 agendum
958 2270 1024 2299 est.
1073 2277 1138 2309 ego
1162 2276 1248 2298 vero
1270 2264 1348 2308 ipse
1370 2264 1469 2308 quasi
1489 2276 1574 2298 ver-

118 2318 242 2352 borum
263 2325 416 2350 meorum
437 2313 523 2349 echo
544 2313 729 2349 resonabo.
763 2312 872 2347 redeo
894 2311 1002 2356 igitur
1023 2310 1069 2345 ad
1087 2321 1248 2356 magnum
1269 2309 1527 2356 imperatorem.

210 2449 292 2485 Non
305 2449 492 2494 clipeorum
514 2448 620 2484 hodie
640 2459 696 2483 me
713 2448 834 2493 fragor
854 2445 1012 2492 impellit,
1036 2447 1098 2480 aut
1114 2445 1159 2480 ad
1177 2445 1409 2481 occidentales
1431 2444 1491 2480 vel
1506 2445 1574 2480 Li-

121 2497 229 2542 bycas
252 2496 476 2532 celebrandas
498 2495 665 2529 victorias
688 2495 806 2536 feror3
831 2504 944 2538 neque
965 2491 1192 2527 decantandis
1213 2492 1368 2571 trplpaeis
1382 2518 1392 2535 ‚
1417 2503 1506 2537 quae
1529 2493 1576 2525 de

57 2571 60 2574 Δ
123 2542 234 2576 caesis
252 2541 412 2586 tyrannis
434 2540 546 2576 relata
568 2546 669 2585 sunt,
694 2541 846 2574 ferocem
865 2539 1012 2573 animum
1033 2538 1206 2583 fatigabo.
1252 2538 1261 2546 '
1288 2539 1416 2572 audata
1438 2542 1575 2571 maneat

60 2610 63 2613 -
122 2587 227 2621 hodie
253 2592 430 2633 partarum
463 2587 508 2621 de
535 2586 653 2621 Medis
687 2585 911 2621 victoriarum
934 2584 1058 2628 gloria.
1107 2584 1162 2627 (5)
1185 2585 1291 2618 beata
1311 2584 1404 2626 Pax,
1436 2584 1575 2617 urbium

123 2633 252 2676 nutrix,
277 2644 378 2679 quam
395 2632 560 2678 princeps
581 2631 739 2677 galeatae
762 2631 865 2676 longe
883 2632 1042 2675 praefert
1062 2629 1256 2673 victoriae,
1281 2630 1348 2663 huc
1371 2641 1455 2674 age,
1478 2629 1576 2663 urbis

123 2679 214 2713 bono
232 2678 405 2723 impensos
425 2678 665 2724 praedicemus
682 2677 830 2721 labores,
855 2681 892 2710 et
908 2675 1061 2720 glorioso
1080 2675 1172 2710 omni
1190 2675 1479 2721 praestantiorem
1498 2685 1575 2707 cer-

122 2722 253 2758 tamine
274 2725 394 2758 aedem
414 2724 522 2759 sacris
546 2723 684 2769 hymnis
707 2722 939 2767 celebremus,
970 2733 1057 2768 prae
1088 2733 1157 2767 qua
1176 2721 1279 2756 unica
1305 2722 1384 2765 (10)
1408 2719 1575 2766 quicquid

123 2773 181 2804 est
203 2768 332 2802 excelsi
353 2769 468 2815 operis
491 2770 727 2805 admirandum
749 2768 898 2803 fatiscit.

216 2814 275 2848 Tu
304 2826 414 2859 vero,
450 2815 540 2850 alma
567 2817 702 2859 Roma,
737 2819 912 2849 auctorem
943 2812 1066 2848 salutis
1094 2816 1177 2848 tuae
1208 2811 1402 2858 principem
1433 2820 1574 2853 corona,

125 2859 273 2895 sinceris
302 2859 462 2896 laudibus
495 2861 632 2896 abunde
664 2860 893 2905 cumulatum,
938 2870 1009 2894 non
1039 2859 1133 2905 quod
1161 2858 1278 2904 iugum
1311 2862 1406 2892 tuum
1435 2853 1573 2901 populis
