1890 3224
310 163 376 210 96
921 162 1145 208 PETAVII

419 269 734 313 SYNOPSIS
792 271 1286 312 CHRONOLOGICA
1341 272 1647 314 HERACLII

644 354 650 359 ⁷
817 341 1124 380 ANNORUM
1182 343 1257 384 18.

525 427 650 466 Anno
677 427 829 467 domini
856 430 959 479 610,
1002 430 1150 469 Indict.
1185 433 1261 482 13,
1304 430 1464 470 Phocae
1492 433 1542 480 8,

768 485 876 537 cyclo
905 487 1024 525 lunae
1052 490 1099 537 3,
1133 488 1227 526 solis
1254 489 1295 528 3.

418 552 505 590 Hoc
534 564 637 590 anno
664 552 826 605 Sergius
851 554 1074 607 patriarcha
1102 556 1332 608 Cpolitanus
1355 561 1508 593 creatur
1522 553 1670 607 Aprilis
1690 554 1757 603 18,

309 608 471 648 sabbato
491 621 652 659 magno.

421 666 626 703 Heraclius
646 677 670 702 a
689 666 825 718 Crispo
843 665 1002 706 Phocae
1020 680 1164 719 genero
1186 674 1225 706 et
1246 674 1386 707 senatu
1407 667 1612 720 Cpolitano
1632 665 1758 704 literis

309 727 491 760 evocatus
513 734 565 759 ex
582 722 715 760 Africa
736 722 911 761 Phocam
930 726 1136 776 opprimit,
1167 731 1206 762 et
1223 738 1276 762 ex
1293 737 1330 762 a.
1355 723 1394 762 d.
1412 737 1506 763 non.
1528 724 1612 762 Oct.
1627 723 1760 773 impe-

309 780 413 816 rium
430 780 651 829 auspicatus
670 786 741 828 est,
770 779 912 818 Indict.
931 782 1045 833 Cpoli
1067 781 1116 823 14
1132 782 1213 819 iam
1228 780 1427 820 inchoata.
1483 792 1658 832 moxque
1673 780 1760 816 Eu-

310 834 465 873 dociam
484 837 704 886 Augustam
723 849 891 875 uxorem
911 836 1031 875 ducit.

420 891 463 929 S.
484 894 650 929 Ioannes
669 893 864 932 Eleemon
882 892 1150 932 Alexandriae
1173 893 1379 946 episcopus
1400 894 1543 932 saltem
1559 890 1637 931 hoc
1655 903 1759 930 anno

308 954 460 987 creatus
482 954 656 1000 putatur.

580 1035 641 1075 A.
684 1037 725 1076 d.
765 1039 870 1087 611,
911 1038 1057 1076 Indict.
1099 1036 1172 1086 14,
1212 1038 1399 1076 Heraclii
1437 1040 1486 1088 1,

771 1094 879 1145 cyclo
908 1094 1028 1132 lunae
1055 1094 1106 1143 4,
1135 1094 1229 1131 solis
1256 1093 1298 1134 4.

418 1160 623 1198 Heraclius
644 1162 815 1198 Ianuarii
838 1160 891 1201 14
911 1160 975 1197 die
998 1161 1248 1198 consulatum
1268 1160 1358 1197 init.

417 1217 561 1254 Persae
576 1218 682 1255 Maio
698 1229 836 1255 mense
852 1217 1011 1269 Syriam
1032 1217 1243 1265 infestant,
1272 1218 1493 1268 Apameam
1511 1221 1550 1252 et
1568 1213 1759 1253 Edessam

305 1279 510 1323 occupant.

416 1326 641 1380 EpiphanIa
669 1329 844 1367 Heraclii
866 1329 912 1367 F.
938 1329 1114 1367 nascitur
1132 1328 1226 1367 Iulii
1243 1331 1271 1371 7
1280 1357 1292 1378 ‚
1321 1328 1398 1366 fer.
1414 1327 1464 1378 4;
1494 1341 1596 1381 quae
1620 1325 1760 1366 eadem

306 1384 483 1424 Eudocia
504 1384 623 1423 dicta.

608 1467 668 1511 A,
702 1472 744 1512 d.
775 1475 878 1522 612,
911 1473 1057 1512 Indict.
1093 1472 1168 1524 15,
1196 1473 1384 1512 Heraclii
1408 1475 1457 1523 2,

473 1537 568 1582 post
606 1530 794 1568 Heraclii
833 1530 1111 1576 consulatum,
1152 1531 1260 1582 cyclo
1302 1530 1507 1582 utrobique
1543 1529 1586 1572 5.

416 1598 620 1635 Heraclius
639 1598 783 1646 iunior,
814 1599 883 1648 qui
902 1605 940 1635 et
961 1598 1252 1647 Constantinus,
1281 1599 1455 1636 nascitur
1473 1599 1517 1635 in
1533 1598 1757 1636 suburbano

307 1652 599 1706 Sophianorum
618 1654 715 1690 Maii
734 1656 758 1693 3
771 1682 782 1701 ‚
811 1654 911 1690 feria
929 1652 969 1693 4.

419 1708 595 1748 Eudocia
613 1709 785 1746 Heraclii
802 1722 907 1746 uxor
922 1709 1087 1747 moritur
1102 1710 1206 1759 Aug.
1230 1709 1281 1749 13
1293 1736 1304 1757 ,
1335 1707 1549 1748 dominica.

417 1764 642 1817 Epiphania
659 1765 831 1802 Heraclii
847 1766 893 1803 F.
912 1766 955 1802 in
972 1765 1120 1817 palatio
1140 1772 1347 1803 coronatur
1364 1778 1387 1803 a
1403 1766 1542 1818 Sergio
1561 1766 1696 1805 Octob.
1715 1763 1756 1816 4,

304 1821 447 1882 Indict,
469 1824 492 1863 1
516 1822 735 1874 cpolitana.

618 1910 677 1948 A.
711 1911 752 1949 d.
786 1912 893 1959 613,
923 1910 1069 1948 Indiet.
1103 1911 1150 1960 1,
1178 1910 1367 1948 Heraclii
1393 1915 1443 1961 3,

355 1973 451 2019 post
489 1967 571 2004 eius
608 1981 685 2004 cos.
717 1970 767 2017 2,
809 1968 912 2005 Her.
946 1968 1031 2005 iun.
1066 1970 1086 2009 1
1101 1996 1112 2017 ‚
1155 1967 1264 2019 cyclo
1303 1967 1398 2006 solis
1435 1975 1472 2005 et
1505 1967 1625 2006 lunae
1658 1971 1701 2012 6.

418 2034 624 2073 Heraclius
645 2035 775 2073 iunior
794 2036 967 2073 Ianuarii
986 2037 1062 2085 22,
1091 2035 1191 2073 feria
1211 2037 1239 2076 2
1266 2042 1485 2074 coronatur.

189 2128 217 2162 P
239 2126 283 2162 56
565 2125 624 2162 A.
659 2124 699 2162 d.
729 2123 832 2173 614,
863 2125 1010 2163 Indict.
1041 2127 1090 2173 2,
1118 2125 1306 2162 Heraclii
1329 2138 1411 2162 sen.
1443 2127 1491 2173 7,

359 2187 452 2231 post
487 2194 563 2218 cos.
606 2184 654 2229 3,
703 2181 891 2218 Heraclii
925 2183 1010 2218 iun.
1055 2184 1105 2229 2,
1152 2180 1260 2232 cyclo
1299 2180 1419 2218 lunae
1455 2180 1625 2232 solisque
1657 2180 1700 2220 7.

420 2248 625 2285 Heraclius
646 2249 856 2285 Martinam
878 2249 1019 2286 sororis
1042 2247 1167 2285 filiam
1187 2246 1294 2286 ducit
1312 2260 1494 2288 uxorem.

416 2306 560 2342 Persae
580 2305 820 2341 Damascum
840 2310 1083 2356 expugnant.

565 2392 624 2430 A.
658 2392 697 2431 d.
732 2392 833 2441 615,
866 2393 1012 2431 Indict.
1044 2396 1095 2443 3,
1123 2393 1310 2431 Heraclii
1333 2407 1414 2431 sen.
1446 2393 1498 2442 5,

462 2455 556 2499 post
584 2463 660 2486 cos.
694 2447 741 2498 4,
770 2449 956 2487 Heraclii
982 2450 1067 2487 iun.
1100 2452 1147 2499 3,
1178 2450 1286 2501 cyclo
1314 2449 1518 2501 utrobique
1545 2450 1587 2490 9.

415 2516 558 2554 Persae
583 2515 770 2553 Iudaeam
787 2517 830 2553 in
851 2524 1086 2568 potestatem
1106 2516 1312 2568 redigunt,
1343 2517 1660 2568 Hierosolymam
1685 2527 1754 2553 ca-

306 2570 434 2622 piunt,
455 2579 630 2609 sanctam
650 2585 694 2610 ac
713 2572 908 2611 vivificam
927 2586 1082 2611 crucem
1097 2575 1139 2611 in
1157 2572 1361 2611 Persidem
1379 2573 1617 2610 transferunt
1639 2573 1752 2609 Iunio

306 2639 457 2665 mense.
515 2627 824 2667 Christianorum
857 2632 911 2671 90
939 2631 1051 2667 milia
1076 2631 1295 2682 perimunt,
1324 2627 1558 2667 Zachariam
1582 2629 1752 2680 patriar-

243 2688 246 2692 ’
309 2682 425 2721 cham
450 2682 662 2721 abducunt.

419 2740 696 2778 Constantinus
727 2740 825 2779 alter
854 2753 907 2779 ex
935 2742 1103 2780 Martina
1130 2740 1302 2780 nascitur
1331 2745 1369 2778 et
1397 2739 1439 2777 in
1469 2736 1700 2778 Blachernis
1727 2750 1749 2776 a

307 2796 445 2847 Sergio
467 2795 697 2848 baptizatur.
