1890 3224
357 190 435 233 DE
469 189 648 234 REBUS
680 191 826 235 POST
856 192 1173 238 MAUmcIUM
1206 193 1412 240 GESTIS.
1545 199 1608 244 83

288 300 377 346 ’Ἐτι
407 304 454 347 δὲ
479 304 606 348 πνέων
634 305 738 349 κατὰ
758 310 830 362 τῆς
849 305 1051 362 εὔσεβείας
1072 308 1117 351 τὸ
1141 307 1244 367 ἱερὸν
1264 314 1344 352 τῶν
1365 312 1607 368 Ναζηραίων

164 374 302 426 σχῆμα
322 372 583 430 καθύβρισεν.
636 374 761 425 εὐθὺς
777 375 854 432 γὰρ
874 376 1010 431 ἀγῶνα
1027 376 1186 420 ἱππικὸν
1204 378 1384 430 ἐπετέλει,
1413 381 1486 422 καί
1498 398 1607 431 τινας

163 439 314 483 τούτων
339 442 533 499 ἐπιτρέπει
560 443 601 485 ἓν
616 444 727 501 με’σῳ
751 449 808 502 τῷ
834 442 997 503 θεάτρῳ
1023 447 1251 488 διέλκεσθαι
1272 449 1339 489 καὶ
1361 447 1492 491 αὐτῶν
1510 449 1606 492 ἕκα-

163 524 258 550 στον
284 516 451 564 γυναῖκα
481 509 728 567 μονάστριαν
753 511 864 570 παρὰ
884 520 1003 570 χεῖρα
1032 514 1187 572 φέρειν·
1232 519 1390 559 πολλῶν
1420 534 1462 559 τε
1494 518 1607 575 παρὰ

132 582 155 618 5
165 575 350 631 πλήθους
364 582 444 620 τῶν
459 580 673 632 θεωμένων
685 579 841 637 ὕβρεων
862 581 998 632 αῧτοῖς
1014 583 1080 624 καὶ
1097 582 1403 638 ἓμπτυσμάτων,
1430 582 1496 627 οἷα
1516 588 1606 643 περὶ

162 645 208 686 τὸ
238 645 411 699 ὀχλῶδες
438 648 504 688 καὶ
532 647 714 703 ἀγελαῖον
744 651 977 703 συμβαίνειν
997 650 1138 709 εἴωθε,
1173 654 1479 707 καταχυθέντων
1499 654 1605 697 οὕτω

160 711 231 754 τὸν
256 712 438 768 ἄθεσμον
467 717 610 759 ε’κεΐνον
644 718 711 759 καὶ
741 716 946 772 αἴσχιστον
973 717 1165 774 διήνυσαν
1192 722 1368 763 δίαυλον.
1435 722 1537 776 μετὰ
1559 723 1604 766 δὲ
1624 729 1657 765 D

160 784 290 823 ταῦτα
319 781 469 840 ἄνδρας
498 784 609 835 τινὰς
637 790 717 827 τῶν
746 787 787 828 ἓν
817 784 1032 844 ὑπεροχαῖς
1052 790 1119 830 καὶ
1142 787 1365 842 ἀξιώμασιν
1385 789 1606 845 ἐγκλήμασι

160 848 405 906 βαρυτάτοις
423 858 688 910 συκοφαντῶν
704 851 846 910 ὖπάγει
864 853 920 906 ὥς
937 858 992 906 εἷς
1008 855 1081 911 τὴν
1098 856 1225 914 ἀρχὴν
1243 857 1354 916 αὐτῷ
1371 858 1606 912 ἐπιβουλεύ-

107 926 152 962 10
163 933 245 959 σειν
266 920 544 976 πειρωμένους.
611 920 763 965 τούτων
792 923 836 965 δ’
869 917 920 978 ἦν
945 924 1143 979 Ἀντίοχος
1161 926 1234 979 μὲν
1257 923 1278 968 ὅ
1300 930 1380 969 τῶν
1403 928 1606 981 δημοσίων

159 985 407 1041 πραγμάτων
436 989 511 1038 τὰς
538 987 778 1044 ὖπομνήσεις
807 990 917 1048 αὐτῷ
947 994 1186 1047 διακομίζων
1203 995 1443 1049 (λογοθέτην
1467 995 1512 1037 δὲ
1532 999 1608 1038 τοῦ

159 1052 314 1110 δρόμου
336 1055 409 1109 τὴν
428 1056 543 1106 ἀξίαν
563 1057 602 1098 οἶ
620 1059 709 1115 περὶ
729 1058 779 1100 τὰ
798 1061 986 1111 βασίλεια
1006 1062 1216 1115 καλοῦσι),
1255 1061 1541 1119 Θεοφύλακτος
1562 1064 1607 1105 δὲ

160 1122 202 1163 ἓν
218 1129 301 1172 τοῖς
318 1126 538 1179 πατρικίοις
554 1126 621 1166 καὶ
639 1134 874 1183 στρατηγοῖς
891 1129 1103 1180 διατελῶν,
1130 1127 1186 1171 ἔτι
1207 1128 1290 1183 μὴν
1307 1132 1374 1171 καὶ
1396 1129 1510 1172 ἄλλοι
1527 1135 1606 1179 τῶν

159 1191 249 1247 περὶ
273 1190 393 1233 αὐτὸν
411 1190 701 1250 ἀσπιδηφόρων
721 1195 788 1235 καὶ
807 1193 1046 1252 δορυφόρων
1062 1194 1333 1251 τυγχάνοντες,
1356 1197 1457 1254 πρὸς
1476 1199 1521 1239 δὲ
1538 1200 1607 1240 καὶ

106 1267 149 1303 15
160 1256 312 1300 τούτων
328 1259 440 1309 ἓκτὸς
458 1260 598 1317 ἕτεροι.
664 1261 756 1315 μετ’
783 1261 830 1304 οὗ
847 1262 949 1304 πολὺ
970 1262 1042 1317 τὴν
1058 1260 1202 1317 ὁμοίαν
1224 1265 1410 1307 ἐπιτελῶν
1434 1264 1607 1319 ἅμιλλαν

159 1325 369 1381 δεσμώτας
394 1328 573 1371 ἐνταῦθα
599 1328 857 1386 περιελκύσας
878 1329 1144 1387 ἐθριάμβευε,
1189 1333 1256 1373 καὶ
1286 1337 1336 1389 τῇ
1365 1330 1456 1387 ἑξῆς
1480 1335 1600 1376 Κων-
1622 1339 1652 1374 P
1676 1339 1722 1375 48

158 1402 364 1438 σταντῖνον
379 1396 452 1449 μὲν
470 1398 536 1439 καὶ
548 1396 794 1454 Στρατήγιον
811 1398 1012 1455 ἀδελφοὺς
1027 1398 1282 1457 ὑπάρχοντας
1301 1399 1469 1459 θανάτῳ
1489 1419 1607 1445 κατε-

159 1464 296 1506 δίκασε
304 1495 318 1515 ,
353 1466 420 1506 καὶ
439 1463 517 1519 ἤδη
536 1463 688 1508 τούτων
704 1466 779 1516 τὰς
796 1466 976 1523 κεφαλὰς
997 1468 1039 1510 ἕν
1057 1472 1115 1526 τῷ
1137 1469 1333 1526 λεγομένῳ
1359 1473 1431 1524 τῆς
1454 1468 1607 1521 πόλεως

158 1533 330 1590 κυνηγίῳ
356 1532 557 1586 ἀπέτεμεν,
592 1532 725 1576 ἄλλων
746 1535 790 1577 δὲ
807 1529 860 1576 αὖ
878 1533 974 1585 τοὺς
990 1535 1234 1592 ὄφθαλμοῦς
1256 1538 1432 1591 ἐξέκοψε.
1470 1539 1536 1579 καὶ
1555 1543 1605 1595 τῇ

103 1597 350 1658 Ξθῧστεραίᾳ
375 1599 667 1656 παρασκευάζει
694 1606 774 1645 τῶν
804 1604 958 1645 οἰκείων
984 1604 1095 1654 τινὰς
1116 1606 1420 1648 Κωνσταντίνου
1443 1610 1515 1648 τοῦ
1533 1611 1606 1660 τῆς

158 1666 310 1718 πόλεως
337 1667 549 1724 ἀρχιερέως
576 1667 695 1725 ὅρκον
725 1670 818 1711 κατ’
852 1670 978 1713 αὐτοῦ
1004 1672 1198 1729 ἓξυφῆναι
1222 1675 1462 1730 κατηγορίαν
1470 1705 1484 1725 ,
1520 1676 1604 1716 διε-

158 1736 286 1790 λε’γχει
308 1736 353 1777 δὲ
377 1740 561 1793 φανερῶς
587 1734 642 1786 ὡς
660 1736 759 1793 παρ’
784 1736 909 1780 αὐτοῦ
935 1738 1145 1793 ἀκηκοέναι
1165 1739 1295 1783 πάντα
1316 1740 1366 1782 τὰ
1388 1741 1499 1797 παρὰ
1525 1745 1605 1784 τῶν

160 1805 249 1862 περὶ
276 1803 474 1858 Ἀντίοχον
495 1806 561 1846 καὶ
589 1804 875 1861 Θεοφύλακτον
893 1805 1158 1861 μελετώμενα.
1229 1810 1295 1850 καὶ
1315 1807 1440 1858 εὐθὺς
1459 1809 1606 1851 ἐκεῖνον

250 1943 270 1978 1
294 1938 461 1987 ἀσεβείας
484 1942 514 1976 P
652 1943 695 1980 15
719 1939 787 1985 οὓς
806 1942 922 1989 μετἺ
1059 1945 1103 1981 19
1126 1941 1267 1987 αὐτοὺς
1286 1945 1317 1980 Ρ
1430 1947 1474 1982 21
1500 1944 1618 1993 ἔνορ-ἱ

246 1999 313 2024 κον
328 1988 510 2034 Petavius.

246 2111 388 2149 Exinde
410 2112 572 2148 fervente
598 2113 709 2149 adhuc
730 2113 910 2160 religionis
933 2113 1013 2149 odio
1035 2124 1169 2149 sacrum
1195 2114 1454 2150 Nazaraeorum
1475 2116 1603 2152 cultum

156 2158 402 2193 contumeliose
422 2159 555 2193 habuit.
601 2160 810 2195 commodum
830 2166 993 2205 equestre
1016 2166 1188 2194 certamen
1208 2161 1365 2204 dederat,
1387 2173 1462 2196 cum
1485 2174 1528 2196 ex
1544 2162 1604 2197 illo

157 2209 402 2248 grege-certos
424 2204 578 2240 homines
599 2206 738 2241 traduci
761 2217 826 2252 per
846 2206 1119 2252 Hippodromum
1142 2205 1258 2250 iubet,
1295 2206 1458 2241 adiuncta
1478 2207 1533 2241 cui
1560 2219 1605 2242 ue

157 2249 301 2284 muliere
322 2249 507 2292 monacha,
535 2263 635 2296 quam
660 2252 834 2297 prehensa
853 2263 954 2286 manu
978 2251 1262 2286 circumduceret.
1310 2258 1415 2297 atque
1437 2252 1464 2286 ii
1488 2220 1604 2288 miiitis

157 2307 180 2329 a
197 2299 377 2340 spectante
399 2295 527 2339 populo
553 2297 767 2332 contumeliis
802 2310 844 2332 ac
873 2297 985 2343 sputis
1011 2297 1114 2332 etiam
1142 2298 1382 2341 dehonestati,
1411 2298 1603 2334 cuiusmodi

157 2342 202 2375 ab
226 2340 403 2374 incondita
422 2341 623 2387 forensique
643 2343 747 2388 plebe
770 2355 834 2389 par
855 2350 910 2378 est
929 2343 1026 2388 fieri,
1056 2343 1200 2377 infando
1222 2342 1280 2377 illo
1305 2355 1347 2377 ac
1368 2344 1463 2389 turpi
1490 2343 1602 2378 curri-

158 2385 235 2420 culo
264 2385 440 2431 perfuncti
467 2391 560 2421 suut.
607 2389 671 2422 sub
694 2388 781 2423 haec
804 2389 985 2434 primarios
1009 2390 1172 2434 quosdam
1196 2399 1237 2423 ac
1259 2388 1523 2434 praecipuarum
1545 2389 1602 2424 di-

157 2432 327 2476 gnitatum
344 2431 498 2466 homines
516 2433 739 2468 atrocissimis
758 2434 958 2482 criminibus
974 2447 1038 2480 per
1058 2434 1258 2469 calumniam
1276 2434 1489 2479 aggreditur,
1513 2436 1603 2470 affe-

158 2483 288 2512 ctatum
310 2479 354 2512 ab
376 2477 421 2512 iis
443 2477 624 2522 imperium
650 2484 829 2523 causatus,
862 2491 970 2525 seque
989 2480 1124 2514 illorum
1146 2479 1283 2513 insidiis
1305 2480 1510 2524 appetitum.
1558 2493 1603 2516 ex

156 2523 202 2557 iis
230 2522 420 2557 Antiochus
445 2524 610 2568 magister
637 2524 822 2559 memoriae
844 2526 962 2570 (quem
984 2526 1221 2571 magistratum
1244 2524 1454 2569 logothetam
1481 2537 1604 2561 cursus

159 2568 335 2622 appellare
357 2568 486 2613 solent)
510 2581 645 2604 necnon
667 2570 952 2615 Theophylactus
975 2572 1043 2606 dux
1067 2577 1103 2606 et
1122 2570 1304 2616 patricius,
1326 2581 1403 2605 cum
1424 2571 1502 2606 aliis
1526 2571 1602 2616 ple-

159 2624 279 2659 nsque
315 2625 336 2648 e
362 2620 571 2650 scutatorum
600 2622 637 2650 et
664 2621 896 2661 protectorum
926 2628 1067 2651 numero
1100 2622 1205 2660 atque
1234 2627 1278 2649 ex
1308 2615 1387 2651 aliis
1407 2616 1602 2652 ordinibus.

159 2670 246 2704 quos
274 2670 392 2694 omnes
409 2660 533 2695 iisdem
550 2662 774 2696 Circensibus
797 2662 1002 2707 spectaculis
1021 2662 1157 2696 vinctos
1181 2661 1417 2697 circumduxit.
1465 2668 1606 2707 postera

157 2704 236 2739 luce
258 2705 520 2740 Constantinum
544 2712 581 2742 et
603 2707 814 2751 Strategium
836 2708 963 2742 fratres
985 2714 1096 2742 morte
1115 2707 1308 2752 damnavit,
1332 2719 1374 2742 ac
1394 2708 1542 2742 subinde
1566 2707 1605 2741 in

161 2750 342 2795 Cynegio,
363 2750 440 2785 loco
457 2752 556 2786 urbis
577 2753 629 2788 ita
648 2753 742 2789 dicto
756 2779 766 2797 ,
800 2759 905 2798 caput
925 2753 993 2788 illis
1014 2752 1149 2788 abscidi
1167 2752 1286 2794 iussit3
1321 2753 1463 2787 aliorum
1487 2752 1604 2786 oculos

160 2795 264 2830 eruit.
311 2796 480 2841 postridie
501 2797 727 2833 Constantino
755 2799 974 2844 patriarchae
1004 2803 1223 2833 accusatores
1246 2799 1417 2839 ,subornat
1439 2798 1605 2843 quosdam

161 2853 206 2877 ex
228 2841 303 2877 eius
327 2841 567 2890 familiaribus,
591 2845 652 2891 qui
669 2844 832 2881 Antiochi
850 2855 891 2880 ac
908 2843 1166 2891 Theophylacti
1188 2843 1331 2880 consilia
1348 2843 1487 2879 audisse
1504 2855 1542 2878 se
1561 2843 1605 2878 de
