1838 3210
575 156 908 232 Descmrilo
943 188 987 232 S.
1011 186 1273 234 εοΡΗιΑΕ.
1555 185 1646 232 131

195 295 346 336 concha
374 309 579 337 consessus
607 297 750 336 absida
776 299 923 350 pariter
953 296 1081 337 dictus
1112 299 1279 350 legitur,
1321 296 1387 335 vel
1405 302 1508 334 certe
1533 295 1649 335 sedes

195 356 282 407 ipsa
313 355 547 406 episcopalis
581 362 648 392 aut
677 354 963 407 patriarchalis.
1033 357 1180 408 quippe
1210 356 1252 393 iu
1289 355 1415 392 veteri
1447 354 1648 391 Glossario

193 411 336 448 absida
357 410 464 449 sedes
482 413 750 463 episcoporum
770 425 855 449 esse
876 411 1040 461 dicitur,
1078 419 1122 450 ut
1143 419 1181 449 et
1200 410 1306 463 apud
1323 411 1510 461 Papiam,
1541 409 1650 461 apud

195 480 316 520 quem
334 465 433 504 haec
451 467 667 506 habentur.
712 469 853 506 exedra
864 467 1038 513 absida,
1068 469 1115 506 id
1136 476 1193 506 est
1214 469 1325 506 loeus
1355 466 1645 504 subselliorum.

193 537 325 576 neque
355 524 432 561 alia
461 525 620 563 videtur
647 516 932 576 significatione
959 538 1170 577 usurpasse
1200 525 1244 563 S.
1264 525 1508 575 Augustinus
1531 525 1648 575 epist.

193 581 301 621 225:
338 580 398 618 ad
423 589 557 619 nostra
584 581 773 619 subsellia
796 582 936 619 relicta
955 582 1073 619 turba
1093 582 1288 620 redieram
1306 603 1364 610 ——·
1381 580 1559 618 dicebam
1579 593 1651 631 ego

195 636 340 687 quibus
350 644 551 687 poteram,
581 640 654 690 qui
668 639 727 676 ad
738 652 809 676 nos
825 640 868 676 in
885 638 1069 677 absidam
1086 638 1352 677 honoratiores
1371 637 1645 674 ascenderant.

193 692 303 730 idem
323 695 436 744 epist.
456 697 557 736 203:
588 695 783 746 insutum
805 695 952 733 Christi
964 696 1110 733 iudicio
1124 709 1255 747 neque
1273 694 1436 733 absidae
1449 693 1650 745 gradatae

194 763 265 786 nec
288 750 498 788 cathedrae
523 751 679 788 velatae
698 751 990 789 adhibebuntur
1006 753 1065 792 ad
1084 751 1361 804 defensionem.
1423 764 1476 788 ex
1503 750 1648 802 quibus

191 808 446 858 perspicuum
468 807 511 844 fit
537 821 606 845 cur
630 807 805 859 synodus
832 807 1078 847 Sardiceusis
1106 822 1192 846 can.
1225 810 1277 850 10
1308 806 1454 845 dixerit
1485 808 1542 854 εἷς
1573 803 1650 857 τὴν

193 861 327 913 ἁψῖδα
353 865 426 915 τῆς
453 862 675 914 ἐπισκοπῆς
702 865 912 916 διαβῆναι,
954 878 1026 916 pro
1046 864 1106 902 ad
1127 858 1387 916 episcopalem
1413 864 1650 914 dignitatem

192 919 259 965 vel
276 918 461 957 thronum
471 921 697 970 pervenire,
726 934 817 959 cum
841 922 883 959 in
907 920 1057 960 absidis
1078 934 1149 959 seu
1169 920 1362 958 conchis
1351 934 1393 956 ιιι
1416 920 1650 961 excelsiori-

190 975 267 1013 bus
289 975 488 1014 subselliis
515 989 561 1014 ac
587 976 760 1028 gradatis
785 977 970 1016 sederent
991 979 1179 1029 episcopi.
1239 990 1285 1014 ea
1304 984 1437 1013 autem
1454 989 1536 1013 ιιοιι
1554 989 1652 1026 pre-

190 1032 303 1070 tiosis
331 1031 524 1071 duntaxat
541 1034 642 1072 velis
669 1040 708 1071 et
725 1035 874 1072 aulaeis
896 1034 1152 1085 tegebantur,
1195 1040 1240 1071 ut
1267 1040 1327 1070 est
1348 1031 1454 1084 apud
1477 1031 1652 1069 eundem

190 1090 479 1139 Augustinum,
527 1089 600 1127 sed
640 1092 777 1128 ceteris
815 1092 935 1128 etiam
964 1091 1133 1128 aliorum
1158 1091 1348 1127 ecclesiae
1377 1090 1649 1126 ministrorum

191 1144 352 1183 sedibus
373 1146 590 1183 excelsiora
613 1154 744 1195 erant,
781 1149 840 1184 uti
855 1148 985 1184 innuit
1002 1148 1089 1185 loco
1107 1148 1223 1184 citato
1245 1146 1461 1193 Eusebius,
1493 1151 1531 1182 et
1551 1158 1648 1182 cau-

189 1208 278 1239 tum
296 1202 443 1252 legitur
460 1204 502 1239 iu
523 1201 675 1254 synodo
697 1201 881 1254 Carthag.
903 1202 929 1243 4-
951 1216 1036 1240 can.
1061 1203 1114 1245 35
1135 1210 1181 1240 ut
1202 1204 1405 1253 episcopm
1423 1203 1467 1239 in
1487 1201 1651 1238 ecelesia

191 1265 228 1295 et
255 1259 299 1294 in
326 1271 506 1296 consessu
531 1258 846 1309 presbyterorum
874 1259 1082 1297 sublimior
1102 1260 1248 1297 sedeat.
1308 1257 1416 1296 huuc
1436 1271 1589 1295 morem
1606 1259 1651 1294 in

192 1315 367 1352 ecclesiis
389 1314 700 1353 Christianorum
727 1317 977 1354 observatum
1005 1317 1169 1366 attigere
1198 1321 1401 1366 praeterea
1433 1315 1612 1352 Urbanus
1633 1326 1651 1350 1

190 1372 234 1408 in
258 1372 372 1422 epist.
398 1384 431 1408 c.
450 1371 499 1420 4,
539 1373 582 1410 S.
605 1373 838 1410 Ambrosius
866 1373 967 1410 libro
993 1371 1042 1410 de
1058 1374 1261 1423 Dignitate
1283 1369 1444 1409 Sacerd.
1465 1384 1498 1408 c.
1518 1373 1562 1418 6,
1602 1370 1648 1408 S.

190 1428 437 1477 Augustinus
456 1429 496 1464 in
513 1429 661 1466 Psalm.
682 1430 775 1476 126,
803 1430 1030 1467 Amalarius
1049 1428 1098 1466 de
1114 1429 1211 1467 Reb.
1235 1428 1329 1465 eccl.
1346 1427 1379 1467 3
1413 1428 1476 1475 10,
1507 1433 1546 1463 et
1563 1428 1651 1463 Ho-

191 1485 326 1521 norius
343 1483 565 1534 Augustod.
596 1486 619 1524 1
655 1488 704 1525 13
738 1492 776 1522 et
809 1486 872 1526 15.
915 1486 1148 1536 praesertim
1166 1498 1259 1523 vero
1283 1483 1470 1521 cathedra
1494 1484 1651 1534 episco-

191 1540 294 1592 palis
316 1553 387 1577 seu
406 1539 678 1591 patriarchalis
705 1538 862 1592 θρόνου
881 1555 977 1579 voce
998 1541 1167 1579 donatur
1183 1542 1333 1592 passim
1355 1539 1461 1591 apud
1480 1541 1650 1590 scripto-

191 1609 255 1634 res
272 1598 527 1647 Byzantinos.
571 1599 805 1648 Anonymus
828 1596 877 1635 de
897 1599 995 1635 locis
1018 1600 1212 1635 Hierosol.
1237 1611 1269 1634 c.
1289 1598 1327 1645 3,
1358 1596 1650 1647 Hierosolymi-

191 1659 308 1691 tanae
327 1653 370 1691 S.
388 1654 559 1705 sepulcri
578 1654 766 1691 ecclesiae
789 1654 906 1691 bema
926 1653 1174 1703 describens,
1216 1654 1298 1695 ἐκεῖ
1322 1649 1424 1693 εἶναι
1449 1669 1470 1693 ο
1499 1648 1652 1705 θρόνος

190 1712 265 1750 τοῦ
284 1706 539 1761 πατριάρχου.
597 1717 715 1762 atque
744 1709 838 1748 inde
865 1711 1016 1748 factum
1045 1718 1103 1749 est
1128 1718 1172 1748 ut
1192 1724 1214 1748 a
1234 1708 1400 1758 throno,
1446 1708 1650 1759 dignitatis
1688 1746 1702 1752 ,

192 1779 348 1804 summo
369 1766 548 1816 fastigio,
588 1767 777 1804 ecclesiae
802 1768 1153 1818 compellarentur,
1195 1774 1233 1804 et
1262 1766 1393 1802 throni
1413 1765 1649 1814 dicerentur,

193 1823 337 1874 quibus
354 1820 599 1872 patriarchae
624 1829 663 1859 et
683 1824 856 1873 episcopi
877 1822 1178 1874 praesidebant,
1210 1820 1549 1875 quemadmodum
1566 1823 1650 1858 La-

190 1879 285 1916 tinis
302 1879 410 1915 sedes
428 1878 620 1929 appellari
638 1886 938 1916 consueverunt.
976 1881 1058 1916 iam
1075 1892 1168 1916 vero
1191 1891 1282 1916 cum
1303 1876 1476 1916 conchae
1492 1876 1649 1914 mediae

191 1947 368 1972 recessus
394 1936 499 1972 imus
521 1935 719 1973 subselliis
747 1936 795 1972 ab
819 1942 984 1987 utraque
1013 1942 1124 1987 parte
1151 1941 1190 1973 et
1215 1933 1394 1986 undique
1415 1936 1650 1985 cingeretur,

190 1989 324 2029 throni
345 1989 657 2042 patriarcharum
680 1998 719 2029 et
739 1994 1033 2043 episcoporum,
1072 2004 1172 2044 quos
1194 1987 1464 2044 μυστιπόλους
1483 1986 1652 2037 θωκους

192 2061 264 2086 seu
283 2046 546 2085 sacerdotales
565 2047 679 2085 sedes
694 2055 807 2085 vocat
827 2049 1090 2096 Silentiarius,
1122 2048 1172 2085 ad
1196 2047 1380 2085 dextram
1400 2048 1534 2084 altaris
1554 2059 1649 2097 par-

192 2111 276 2142 tem
300 2103 485 2141 videntur
512 2106 723 2142 exstitisse.
764 2105 986 2174 Scylitzes
999 2106 1041 2141 in
1068 2105 1292 2143 Stratiotico
1323 2103 1372 2141 de
1402 2101 1648 2154 patriarcha:

192 2157 437 2201 κατελθόντα
458 2158 547 2228 γοῖρ
553 2161 705 2201 ἐκεῖνον
729 2157 884 2209 εὐθέως
903 2162 945 2202 οἰ
960 2157 1134 2201 οἷνᾰνιται
1151 2164 1224 2201 τοῦ
1246 2156 1432 2211 πλήθους
1458 2163 1652 2211 παρειλη-

193 2215 332 2286 φότεςρ,
374 2216 442 2257 καὶ
469 2214 624 2283 θρόνον
652 2215 898 2269 ἐνεγκόντες,
942 2217 1007 2259 ἐπὶ
1027 2221 1100 2258 τοῦ
1121 2219 1255 2266 δεξιοῦ
1272 2215 1417 2268 μέρους
1435 2218 1650 2263 καθίζουσι

193 2276 266 2315 τοῦ
296 2271 412 2325 αγίου
440 2270 630 2325 βήματος.
687 2274 729 2311 id
762 2276 880 2312 etiam
913 2274 1064 2311 indicat
1097 2273 1191 2312 ordo
1221 2276 1443 2311 Romanus.
1489 2272 1650 2310 tandem

194 2332 398 2381 episcopus
414 2330 618 2367 osculatur
636 2331 889 2382 evangelium
916 2338 954 2367 et
977 2331 1122 2376 altare,
1165 2338 1201 2367 et
1224 2332 1363 2381 pergit
1389 2329 1450 2367 ad
1470 2329 1651 2366 dextram

194 2387 336 2439 altaris
352 2386 410 2423 ad
427 2387 555 2424 sedem
571 2401 700 2424 suam.
760 2386 804 2424 id
826 2388 1031 2426 observare
1056 2394 1114 2425 est
1132 2394 1333 2438 praeterea
1350 2399 1402 2424 ex
1418 2386 1650 2423 Marcellino

195 2445 370 2491 Comite,
411 2442 506 2480 dum
535 2451 667 2480 narrat
689 2446 879 2481 Ioannem
898 2446 1124 2481 Romanum
1142 2444 1389 2494 pontificem,
1430 2455 1520 2479 cum
1546 2454 1650 2479 anno

195 2499 276 2539 525
300 2500 455 2550 Cpolim
472 2502 716 2551 pervenisset
729 2530 739 2548 ,
778 2502 877 2537 miro
895 2500 1039 2537 honore
1058 2513 1080 2536 a
1098 2501 1246 2538 Iustino
1268 2501 1503 2550 imperatore
1528 2511 1650 2535 exce-
1671 2497 1701 2531 P
1725 2497 1793 2533 579
1822 2525 1827 2532 .

195 2562 309 2606 ptum
326 2557 469 2603 fuisse,
509 2563 547 2594 et
568 2557 747 2593 dextrum
767 2557 898 2593 dextro
921 2557 1103 2594 ecclesiae
1123 2557 1310 2593 insedisse
1327 2555 1441 2601 solio,
1471 2555 1652 2606 diemque

196 2611 347 2648 domini
372 2614 495 2649 nostri
522 2614 813 2650 resurrectionis
837 2613 963 2663 plena
992 2626 1084 2650 voce
1109 2613 1306 2650 Romanis
1328 2610 1517 2662 precibus
1549 2610 1650 2647 eele-

199 2666 344 2704 brasse.
418 2669 561 2720 quibus
590 2670 720 2707 verbis
745 2670 875 2707 innuit
900 2670 1154 2707 Marcellinus
1179 2671 1369 2706 Ioannem
1398 2670 1440 2705 iu
1466 2679 1650 2704 consessu

197 2721 462 2774 patriarcham
482 2726 544 2762 ΟΡ
563 2727 842 2776 Ριειεοοεείεεε,
878 2725 1107 2778 sedisseque
1138 2724 1188 2762 ad
1216 2726 1325 2762 illius
1353 2724 1548 2761 dextram.
1610 2728 1651 2758 at

198 2781 350 2817 Goarus
376 2781 418 2816 in
443 2780 575 2818 medio
601 2789 640 2819 et
666 2783 806 2819 intimo
833 2781 1005 2820 conchae
1032 2794 1190 2819 recessu
1214 2779 1516 2832 patriarchicum
1535 2777 1649 2815 thro—

196 2849 296 2874 num
316 2836 472 2886 statuit,
512 2849 633 2889 quem
655 2839 909 2877 circumstant
937 2837 1033 2877 hinc
1059 2836 1154 2876 inde
1181 2839 1456 2890 episcoporum
1486 2835 1551 2873 vel
1579 2835 1649 2887 qui
