1890 3224
239 182 305 230 94
565 187 814 240 QUERCIU
815 186 844 230 S
877 187 938 230 IN
970 187 1370 232 EXPEDITIONIS

240 294 506 347 gratissimam
544 294 715 334 hostiam
749 297 1023 335 immolabant.
1101 310 1260 335 causam
1309 296 1490 349 adsignat
1527 297 1693 337 Ovidius

240 351 351 388 Fast.
389 352 412 390 1
455 353 548 391 386.
624 351 717 390 vide
744 354 992 391 Brissonium
1021 352 1070 390 de
1100 367 1184 404 reg.
1213 356 1325 392 Pers.
1350 355 1516 405 princip.
1543 356 1614 392 lib.
1649 358 1692 396 2.

239 420 358 444 nemo
386 413 544 456 tamen,
576 407 685 459 quod
713 410 856 458 sciam,
891 409 993 449 dixit
1023 409 1132 462 quod
1161 408 1297 448 Pisida
1327 410 1515 458 affirmat,
1545 423 1694 463 equum

243 462 350 514 apud
390 464 531 500 Persas
572 462 754 502 habitum
797 479 882 503 esse
924 465 1058 503 deum.
1111 465 1347 504 'Herodotus
1377 465 1541 518 quidem
1569 466 1639 504 lib.
1665 470 1692 508 7

236 533 285 568 p.
311 517 389 558 401
424 531 547 569 equos
571 519 765 571 quosdam
784 523 870 559 Iovi
888 535 1018 560 sacros
1037 524 1080 559 in
1096 521 1258 560 Perside
1276 523 1399 560 fuisse
1419 529 1563 559 narrat.
1619 536 1694 559 nec

243 574 291 610 ab
322 573 521 611 Herodoto
554 574 735 614 dissentit
764 579 961 627 Iustinus,
992 580 1063 631 qui
1089 579 1160 616 lib.
1191 580 1214 619 1
1246 580 1299 619 10
1327 577 1352 619 5
1383 591 1505 630 equos
1531 578 1605 616 soli
1628 591 1696 615 sa-

244 636 368 667 cratos
394 628 581 670 habuisse
611 635 753 672 Persas
780 641 958 672 testatur.
1016 633 1088 672 sed
1116 648 1208 672 cum
1229 633 1366 672 Pisida
1385 635 1467 672 fere
1486 633 1697 672 concordat

244 686 421 734 Curtius,
453 689 522 738 qui
552 690 576 728 3
607 692 632 730 3
662 703 852 742 pompam
880 697 919 728 et
949 689 1147 739 ordinem,
1186 704 1264 742 quo
1292 704 1437 741 agmen
1462 691 1573 727 Darii
1601 703 1696 741 pro-

243 740 426 790 cedebat,
459 742 683 783 describens
711 748 788 784 ait:
824 761 987 784 currum
1017 747 1158 784 deinde
1183 747 1273 784 lom·
1295 754 1497 784 sacratum
1524 745 1698 783 albentes

243 796 438 835 vehebant
453 800 556 850 equi.
618 801 689 839 hos
707 804 872 840 eximiae
892 803 1182 855 magnitudinis
1201 817 1323 855 equas
1331 831 1349 850 ,
1379 816 1495 855 quem
1509 802 1603 839 solis·
1620 815 1698 852 ap·-

236 853 465 903 pellabant,
493 857 741 907 sequebatur.

354 913 423 951 26.
481 925 532 949 ne
558 912 676 952 huius
706 914 871 967 quidem
897 917 994 954 ritus
1022 917 1152 953 ullum
1180 916 1317 953 inveni
1343 915 1568 966 vestigium.
1625 926 1698 951 ve-

243 979 333 1003 rum
360 968 394 1003 si
423 967 581 1007 Pisidae
611 973 928 1010 auctoritas-non
957 979 1016 1010 est
1045 974 1205 1010 omnino
1235 970 1547 1018 contemnenda,
1578 981 1699 1020 quem

244 1035 377 1058 rerum
405 1024 467 1060 sui
494 1028 683 1076 temporis
711 1029 896 1078 ignarum
922 1041 1130 1079 nunquam
1156 1026 1318 1075 dixero,
1347 1026 1391 1064 id
1416 1029 1471 1064 ita
1500 1026 1701 1076 accipien—

244 1076 341 1114 dum
359 1085 454 1129 puto
478 1087 522 1117 ut
542 1095 689 1133 equum
710 1085 878 1132 Persae,
909 1086 943 1121 si
964 1084 1064 1121 bene
1087 1085 1143 1120 eis
1167 1096 1230 1119 res
1253 1085 1449 1130 eveniret,
1477 1080 1701 1129 adorarent,

245 1134 279 1171 si
298 1147 390 1172 vero
411 1136 537 1184 male,
568 1139 691 1187 virg-Is
713 1139 936 1174 caederent.

357 1193 426 1231 32.
483 1193 621 1241 ignem
655 1199 694 1229 et
723 1206 868 1245 aquam
901 1191 953 1230 ad
976 1191 1076 1229 haec
1096 1204 1223 1243 usque
1242 1198 1422 1242 tempora
1441 1194 1582 1230 Persas
1603 1190 1703 1230 ado-

247 1259 333 1283 rare
366 1253 580 1296 testantur,
631 1249 700 1299 qui
733 1247 783 1286 de
809 1251 1021 1286 Persarum
1052 1249 1227 1285 moribus
1253 1249 1297 1284 in
1325 1249 1405 1285 suis
1435 1244 1706 1301 ὅδοιπορικοῒς

248 1303 499 1352 scripserunt.
560 1316 682 1355 quam
708 1311 842 1342 autem
871 1306 1044 1356 antiquis
1064 1305 1219 1354 legibus
1242 1317 1289 1340 ea
1311 1310 1413 1341 esset
1433 1305 1536 1341 inter
1554 1317 1621 1341 eos
1638 1317 1705 1342 re-

248 1363 361 1408 cepta
379 1364 417 1394 et
434 1360 644 1397 constituta
658 1361 811 1412 religio,
840 1368 996 1412 praeter
1012 1359 1259 1398 Herodotum
1276 1366 1315 1397 et
1331 1360 1567 1398 Strabonem
1583 1360 1706 1398 alios-

249 1426 326 1464 que
358 1420 511 1452 veteres
541 1418 773 1467 scriptores,
802 1417 963 1455 tradunt
993 1417 1219 1455 Brissonius
1251 1416 1326 1452 loc.
1361 1417 1426 1453 cit.
1459 1422 1499 1453 et
1527 1413 1706 1454 Thomas

248 1467 365 1520 Hyde
385 1470 433 1507 cle
453 1478 528 1508 vet.
553 1473 666 1510 Pers.
691 1473 807 1524 relig.
831 1488 865 1512 c.
892 1476 932 1515 8.
991 1475 1061 1525 qui
1086 1481 1222 1510 tamen
1245 1485 1327 1509 non
1348 1479 1406 1510 est
1427 1470 1646 1510 audiendus
1662 1473 1705 1509 in

250 1538 297 1562 eo
311 1554 321 1572 ,
352 1526 460 1577 quod
492 1531 656 1566 assumit
682 1537 836 1567 veteres
864 1532 1006 1567 Persas
1024 1541 1078 1566 ex
1094 1527 1298 1567 Abraham
1318 1541 1455 1565 veram
1471 1529 1707 1578 religionem

248 1582 423 1633 petiisse,
439 1583 603 1635 ignique
627 1592 666 1621 et
687 1586 764 1622 soli
784 1587 943 1622 civilem
963 1592 1121 1622 tantum
1146 1585 1297 1622 cultum
1320 1582 1572 1632 exhibuisse3
1604 1596 1715 1636 quae

251 1639 446 1675 sententia
475 1646 519 1675 ut
546 1653 649 1677 nova
677 1647 716 1677 et
743 1642 846 1689 falsa
875 1640 1131 1678 disertissime
1159 1641 1352 1678 refutatur
1369 1653 1392 1677 a
1411 1641 1708 1678 Montfauconio

249 1691 454 1744 Antiquit.
483 1694 628 1736 illustr.
658 1703 749 1734 tom.
780 1700 807 1737 2
830 1704 941 1747 part.
970 1699 998 1737 2
1022 1711 1070 1747 p.
1098 1696 1194 1738 395.
1252 1697 1370 1733 facile
1404 1697 1512 1733 enim
1541 1695 1706 1747 Hydaeo

251 1751 559 1788 concesserimus
582 1753 700 1789 unius
730 1754 1012 1804 omnipotentis
1033 1752 1097 1790 dei
1116 1754 1382 1803 cognitionem
1403 1750 1590 1790 habuisse
1608 1754 1708 1789 Per—

251 1818 332 1853 sas,
365 1804 582 1844 dummodo
599 1809 684 1858 ipse
704 1815 858 1857 contra,
888 1810 1204 1860 superstitiosum
1219 1810 1342 1846 fuisse
1360 1809 1510 1846 cultum
1526 1821 1604 1860 quo
1623 1809 1708 1846 eius

251 1862 501 1899 maiestatem
522 1865 883 1916 prosequebantur,
913 1878 995 1903 non
1015 1864 1198 1916 deneget.
1256 1878 1373 1913 nam,
1403 1871 1447 1902 ut
1467 1865 1708 1902 aiebatCle-

251 1930 365 1954 meus
383 1919 503 1955 Alex·
520 1920 676 1957 Cohort.
685 1935 732 1971 p-
748 1922 820 1969 57,
851 1917 1059 1974 ἀγάλματα
1079 1919 1152 1973 μὲν
1172 1923 1276 1961 θεοῦ
1295 1917 1344 1961 οὔ
1367 1918 1463 1970 ξύλα
1482 1920 1549 1960 καὶ
1565 1920 1710 1967 λίθους

252 1969 528 2026 ὑπειλήφασιν
552 1972 903 2029 ὥσπερ”Έλληνες,
934 1973 1028 2018 οὐδὲ
1048 1975 1129 2029 μὴν
1147 1977 1279 2030 ἴβιδας
1298 1976 1363 2017 καὶ
1381 1973 1619 2030 ἰχνεύμονας
1635 1991 1710 2016 κα-

253 2025 388 2081 θάπερ
407 2027 642 2083 Αἰγύπτιοι,
674 2029 773 2073 nimo?
788 2036 869 2087 πῦρ
884 2049 925 2074 τε
944 2033 1012 2074 καὶ
1030 2030 1141 2085 ὕδωρ
1165 2033 1219 2081 οἷς
1236 2031 1466 2083 φιλόσοφοι.
1525 2045 1626 2084 quae
1644 2045 1709 2069 es-

254 2090 313 2121 set
336 2087 547 2124 Persarum
566 2089 706 2139 religio
719 2118 730 2137 ,
759 2092 895 2140 paucis
915 2091 1100 2140 exposuit
1119 2088 1343 2127 Herodotus
1363 2091 1385 2129 1
1418 2091 1512 2130 131.

364 2140 433 2181 41.
493 2143 591 2195 quid
609 2143 676 2181 hic
693 2153 784 2196 agat
806 2147 976 2184 Celticus
994 2145 1179 2193 Rhenus,
1207 2146 1326 2196 plane
1352 2158 1434 2182 non
1458 2143 1589 2184 viden.
1648 2150 1710 2181 at·-

223 2198 232 2209 ⁸
255 2209 332 2247 que
363 2210 437 2248 ego
467 2212 561 2236 sane
589 2201 775 2248 mallem,
806 2201 905 2253 quid
935 2203 1104 2239 voluerit
1127 2201 1286 2250 Pisida,
1314 2214 1381 2238 me
1404 2202 1557 2238 nescire
1578 2200 1708 2248 faterI,

254 2265 376 2303 quam
398 2255 582 2293 inanibus
600 2258 832 2295 coniecturis
853 2265 892 2295 te
912 2256 1101 2295 detinere.
1159 2271 1298 2295 verum
1316 2271 1367 2294 ne
1386 2259 1482 2295 vitio
1498 2255 1600 2294 mihi
1617 2269 1710 2294 ver—

252 2314 335 2356 tas,
369 2308 477 2360 quod
503 2312 680 2363 alioquin
708 2313 889 2363 garrulus
913 2312 979 2350 hic
1003 2314 1295 2362 obmutescam,
1325 2315 1380 2351 ita
1408 2314 1566 2351 ariolor.
1586 2312 1710 2350 Celti-

254 2376 345 2401 cum
371 2363 557 2403 Rhenum
584 2370 795 2406 nominans
823 2369 959 2407 Pisida
986 2370 1188 2408 funestam
1218 2372 1333 2407 illam
1363 2369 1517 2407 cladem
1543 2369 1709 2406 fortasse

254 2417 458 2470 designat,
487 2435 608 2474 quam
635 2425 883 2475 Sigebertus,
913 2424 1053 2464 Rheno
1083 2428 1245 2464 traiecto
1272 2427 1428 2464 Hunnis
1444 2427 1487 2463 in
1502 2426 1710 2462 Franciam

254 2476 470 2527 irrumpere
490 2481 720 2519 conantibus
737 2482 873 2519 intulit
893 2483 996 2520 circa
1014 2496 1164 2520 annum
1184 2481 1277 2520 Chr.
1298 2482 1394 2524 570.
1451 2480 1544 2519 vide
1571 2480 1619 2518 de
1647 2493 1711 2517 re-

255 2529 328 2568 bus
355 2533 501 2571 stane.
563 2538 794 2588 scriptores,
826 2539 895 2590 qui
927 2540 1093 2576 relatam
1120 2552 1144 2577 a
1175 2539 1382 2590 Sigeberto
1405 2539 1604 2588 insignem
1627 2537 1710 2574 cla—

256 2585 349 2624 dem
377 2587 617 2629 describunt.
674 2594 809 2646 itaque
830 2596 959 2645 magis
983 2602 1141 2633 strenue
1162 2602 1297 2632 contra
1316 2596 1457 2632 Persas
1477 2607 1519 2631 se
1540 2594 1710 2644 gessisse

254 2644 485 2682 Heraclium
512 2649 555 2684 in
584 2649 742 2687 Oriente
763 2662 884 2702 quam
902 2659 1036 2689 contra
1052 2652 1241 2689 barbaros
1261 2651 1511 2701 Sigebertum.
1531 2651 1575 2686 in
1595 2650 1710 2687 Occi·-

255 2697 373 2738 dente
401 2701 536 2740 forsan
567 2704 696 2743 innuit
719 2710 860 2757 poetat,
895 2709 974 2744 nisi
998 2709 1119 2745 etiam
1145 2708 1261 2745 malis
1287 2720 1369 2744 non
1391 2705 1443 2744 ad
1459 2705 1711 2756 Sigebertum

255 2754 327 2792 sed
348 2755 401 2794 ad
415 2759 685 2809 Dagobertum
702 2764 891 2800 Franciae
914 2776 1051 2814 regem
1071 2764 1292 2815 respexisse
1304 2792 1315 2811 ,
1346 2764 1415 2815 qui
1434 2775 1513 2814 quo
1531 2768 1710 2811 tempore

255 2813 461 2852 Heraclius
480 2828 571 2854 cum
586 2819 718 2856 Persis
734 2819 956 2872 pugnabat,
986 2820 1167 2858 Saxones
1184 2821 1358 2872 primum
1375 2825 1414 2857 et
1434 2816 1577 2858 deinde
1596 2816 1709 2855 Scla-
