1890 3224
228 184 292 231 66
705 183 940 229 GEORGII
977 185 1119 229 PISID
1125 187 1187 229 ΔΕ

443 299 569 341 πνέων
590 315 631 340 τε
653 297 805 355 πυρσὸν
826 299 868 340 ἔκ
891 297 1018 355 λόγων
1033 297 1290 357 πυρεκβόλων

443 364 692 422 άπῃθάλωτο
715 365 923 421 συντόμως
941 366 961 409 ὃ
981 366 1214 425 βάρβαρος·

441 434 557 490 ἄφνω
581 435 624 476 δὲ
642 434 771 492 τέφρα
793 434 1036 492 προσφόρως
1056 437 1232 492 ἓγι’νετο,.

442 500 497 551 ὡς
517 506 597 559 πῦρ
624 501 789 556 ἆνάψας
812 505 868 553 εἷς
890 504 1107 559 ἀνέγκλητα
1131 503 1245 554 ξύλα.

327 569 408 611 480
444 569 565 620 ἄλλος
586 569 662 627 γὰρ
683 570 806 612 ἄλλον
825 572 1036 626 ἐξέπεμπεν
1056 572 1219 628 ἄγγελον

445 638 642 695 φέροντας
663 638 774 697 αὐτῷ
793 639 1083 697 συμφορὰς-ὥς
1102 639 1314 697 δράγματα
1326 673 1338 691 ,

444 707 487 748 ἐκ
511 710 583 762 γῆς
603 707 677 760 μὲν
702 709 757 757 εἷς
779 707 1013 760 θάλατταν,
1056 711 1112 758 εἷς
1133 710 1175 750 δὲ
1193 713 1267 764 γῆν
1287 709 1408 750 πάλιν

442 775 485 816 ἐκ
506 779 578 829 τῆς
601 773 811 830 θαλάττης
832 775 1150 831 δυστυχημάτων
1170 775 1307 819 σάλον.
1363 804 1367 807 ι

447 841 551 884 οὕτω
571 844 644 897 μὲν
663 838 734 885 οὖν
753 843 898 898 ἔπασχε
920 845 990 886 τὸν
1010 845 1147 886 καινὸν
1168 843 1304 886 σάλον.

331 909 411 952 485
448 912 503 960 εἷς
519 915 593 966 γῆν
613 912 796 965 νομίζων,
823 916 1107 966 κυματοῦσθαι
1130 912 1203 963 τὰς
1226 913 1387 969 φρένας.

445 977 501 1028 ὥς
521 977 710 1032 κυμάτων
733 979 810 1036 γὰρ
838 978 1151 1037 ἅντισύνδρομον
1172 979 1307 1035 μάχην

446 1049 502 1095 εἰς
524 1047 564 1088 ἕν
583 1064 620 1089 τι
642 1047 769 1103 ῥεῦμα
789 1053 1012 1104 συμφορῶν
1029 1049 1271 1104 ἀφιγμένων.

446 1118 504 1169 πῇ
523 1115 597 1167 μὲν
614 1115 690 1171 γὰρ
711 1113 737 1168 ἡ
758 1119 810 1169 γῆ
831 1119 911 1157 τῶν
930 1113 1129 1156 ἀθάπτων
1149 1113 1373 1170 βαρβάρων
1402 1120 1405 1123 ”

441 1180 542 1236 ’ὕλην
561 1180 866 1238 παρεβλάστησε
888 1185 968 1223 τῶν
988 1182 1163 1238 δένδρων
1179 1182 1311 1232 πλέον,

328 1248 410 1291 490
445 1253 501 1305 πῇ
523 1249 564 1290 δ’
586 1247 612 1303 ἢ
631 1247 822 1291 θάλαττα
842 1253 893 1305 τῇ
915 1252 1026 1307 φορᾷ
1046 1253 1127 1291 τῶν
1147 1247 1349 1303 λειψάνων

443 1316 665 1371 ὂχλουμένη
685 1334 726 1358 τε
747 1318 814 1358 καὶ
834 1316 1172 1373 κατεστορέσμένη

441 1384 484 1434 ἒξ
504 1382 746 1441 ἀλλοφύλων
772 1383 954 1438 αἱμάτων
977 1386 1246 1441 φοινίσσεται·

443 1453 509 1493 καὶ
530 1456 601 1513 νῦν
616 1452 802 1509 Ἐρυθρὰ
822 1453 969 1509 κυρίως
989 1451 1190 1503 ἀκούεται,

443 1524 577 1569 καλῶς
591 1524 772 1576 βαφεΐσα
791 1525 842 1577 τῇ
860 1524 979 1576 βαφῇ
995 1524 1075 1563 τῶν
1092 1517 1329 1576 βαρβάρων.

326 1588 407 1631 495
444 1586 521 1629 ἴδει
547 1585 648 1644 γάρ,
680 1585 815 1641 οἶμαι,
847 1587 918 1629 τὸν
940 1588 1099 1643 Φαραὼ
1122 1587 1192 1628 τὸν
1213 1585 1396 1643 δεύτερον

442 1655 672 1709 βλέπουσαν
696 1654 822 1708 αὐτὴν
843 1657 910 1696 καὶ
930 1655 1017 1696 νέον
1039 1672 1082 1697 σε
1105 1654 1280 1705 Μωσέα,

443 1723 517 1772 τὰς
537 1726 609 1777 τῆς
621 1723 829 1779 Ἐρυθρᾶς
851 1723 1048 1773 εἴκονίζειν
1069 1720 1282 1779 ἐμφάσεις·

445 1792 512 1832 καὶ
531 1794 602 1832 νῦν
620 1789 778 1844 ἔχουσιν
797 1793 852 1840 εἷς
872 1790 1019 1846 σοροὺς
1039 1790 1090 1831 τα
1111 1788 1271 1844 κύματα

419 1900 421 1903 ,
444 1855 606 1913 μνήμην
630 1857 794 1914 ἴνυγρον
817 1859 885 1900 καὶ
908 1858 1043 1914 ταφὴν
1064 1859 1306 1913 Αἰγυπτίαν.

330 1928 412 1971 500
447 1926 520 1968 οὖκ
542 1921 593 1980 ἦν
612 1925 690 1983 γὰρ
715 1925 818 1975 εἲκὸς
835 1926 1086 1983 ἐνδεεστέραν
1103 1927 1262 1980 βλέπειν

446 1993 547 2051 πρὸς
566 1994 640 2049 τὴν
659 1993 836 2036 παλαιὰν
856 1994 930 2048 τὴν
945 1994 1038 2036 νέαν
1056 1995 1264 2050 τιμωρίαν.

443 2061 605 2121 ᾆσωμεν
624 2057 695 2104 οὗν
715 2062 783 2104 τὸν
800 2062 927 2116 ὕμνον
946 2062 1017 2104 οὐκ
1038 2063 1079 2104 ἔν’
1097 2059 1316 2115 τυμπάνοις

226 2181 287 2203 ore
301 2197 311 2213 ‚
335 2168 445 2213 ignem
461 2179 503 2202 ex
518 2168 635 2203 iaculis
646 2194 658 2211 ,
692 2169 885 2203 combustus
901 2169 954 2202 est
967 2170 1108 2213 repente
1122 2167 1286 2201 barbarus
1297 2192 1307 2208 ,
1330 2164 1512 2209 statimque
1529 2163 1612 2198 cinis
1628 2165 1681 2199 fa-

225 2220 301 2248 ctus
318 2220 370 2248 est
384 2213 531 2257 utiliter,
566 2219 606 2247 ut
631 2214 719 2258 ignis
742 2214 800 2258 qui
815 2214 905 2258 ligna
919 2213 1129 2247 immerentia
1148 2213 1386 2246 combusserat.
1433 2212 1535 2252 (480)
1557 2210 1613 2255 qui
1639 2221 1682 2255 pe

224 2260 310 2293 alius
325 2262 400 2304 post
416 2258 516 2292 alium
533 2258 690 2293 mittebat
703 2259 851 2301 nuntios,
867 2259 924 2303 qui
940 2259 984 2291 ad
1000 2270 1074 2292 eum
1089 2258 1254 2292 afferrent
1267 2257 1354 2291 mala
1369 2256 1463 2290 velut
1477 2255 1611 2300 manipu
1625 2266 1680 2289 os:

224 2316 246 2338 a
261 2308 354 2338 terra
370 2304 455 2338 enim
472 2303 516 2338 ad
533 2315 637 2346 mare,
661 2307 696 2337 et
712 2304 756 2337 ad
775 2308 900 2337 terram
917 2304 1045 2349 pariter
1063 2315 1084 2338 a
1098 2303 1193 2346 mari,
1218 2307 1294 2337 erat
1309 2302 1534 2336 calamitatum
1552 2304 1680 2346 tempe-

223 2354 307 2384 stas.
353 2349 402 2383 ita
416 2349 520 2393 igitur
532 2359 654 2393 passus
669 2351 721 2383 est
735 2360 856 2383 novam
872 2352 1107 2393 tempestatem
1125 2349 1227 2394 (485)
1245 2349 1277 2382 in
1293 2353 1388 2382 terra
1402 2351 1497 2381 ratus
1513 2346 1682 2380 fluctuare

223 2401 362 2429 mentes,
410 2406 476 2428 non
497 2395 594 2429 aliter
609 2406 709 2439 quam
725 2405 839 2429 secum
859 2394 1145 2439 depraeliantibus
1164 2395 1261 2428 undis
1278 2394 1313 2427 in
1331 2404 1429 2427 unam
1443 2391 1580 2425 tandem
1623 2401 1681 2424 ar—

222 2444 291 2474 tem
307 2439 514 2474 calamitates
530 2440 712 2473 confluunt.
741 2439 810 2474 illic
826 2440 914 2473 enim
929 2445 1023 2474 terra
1039 2452 1080 2474 ex
1094 2440 1272 2474 inhumatis
1289 2438 1444 2473 barbaris
1458 2437 1575 2470 silvam
1606 2446 1680 2470 ere-

221 2485 282 2519 bat
308 2485 383 2529 plus
409 2496 508 2530 quam
528 2497 570 2519 ex
589 2485 786 2519 arboribus:
822 2484 924 2529 (490)
943 2485 996 2518 hic
1011 2490 1122 2519 autem
1137 2496 1230 2519 mare
1245 2486 1346 2519 dorso
1361 2487 1499 2528 gestans
1513 2481 1681 2515 cadavera

222 2541 331 2576 nuper
347 2531 584 2564 conturbatum
599 2535 635 2565 et
651 2542 741 2566 nunc
756 2530 907 2564 sedatum
934 2542 975 2564 ex
996 2531 1255 2575 alienigenarum
1273 2527 1490 2576 purpurascit
1504 2526 1678 2570 sanguine.

223 2579 260 2609 et
283 2587 372 2609 nunc
396 2587 479 2610 vere
498 2579 533 2610 et
548 2576 686 2622 proprie
701 2575 839 2610 rubrum
854 2575 966 2620 audit,
1000 2580 1070 2609 tam
1090 2577 1176 2610 bene
1193 2576 1332 2610 tinctum
1350 2574 1499 2608 tinctura
1515 2573 1680 2606 barbaro-

223 2632 304 2655 rum.
359 2621 458 2666 (495)
478 2622 660 2667 oportebat
675 2622 783 2662 enim,
806 2626 844 2655 ut
863 2626 959 2666 puto,
983 2622 1193 2655 Pharaonem
1209 2621 1351 2655 alterum
1367 2629 1460 2652 mare
1478 2618 1586 2663 ipsum
1605 2627 1678 2651 cun

223 2666 367 2710 videret,
389 2671 490 2711 teque
505 2679 628 2702 novum
644 2667 786 2709 Mosem,
810 2671 850 2700 ut
865 2666 975 2700 vivam
990 2667 1178 2710 Erythraei
1194 2667 1338 2700 referret
1351 2663 1518 2710 speciem3
1541 2666 1577 2696 et
1591 2673 1678 2696 nune

223 2711 258 2745 bi
273 2722 406 2757 quoque
422 2712 545 2746 babent
561 2724 621 2757 pro
641 2712 774 2747 tumulis
791 2711 896 2745 undas
909 2737 920 2755 ,
954 2712 1088 2745 humida
1111 2714 1321 2746 monumenta
1339 2714 1375 2744 et
1393 2708 1548 2754 sepulcra
1562 2708 1678 2752 Aegy-

223 2757 309 2802 ptia.
363 2757 465 2801 (500)
484 2768 626 2802 aequum
650 2758 736 2792 enim
757 2769 826 2791 non
848 2761 922 2791 erat
944 2761 983 2790 ut
1005 2761 1096 2791 esset
1110 2757 1249 2791 inferior
1262 2756 1319 2790 illa
1333 2754 1472 2799 antiqua
1490 2754 1572 2787 haec
1590 2762 1678 2786 nova

225 2802 317 2838 ultio.
366 2814 516 2837 canamus
530 2803 634 2848 igitur
648 2805 824 2848 hymnum,
859 2814 926 2837 non
946 2814 1019 2837 cum
1037 2802 1208 2848 tympanis
1226 2800 1397 2836 incondita
1416 2800 1678 2844 perstrepentes,
