1838 3210
537 174 872 227 DESCRII'TIO
908 174 951 219 S.
985 174 1235 220 SOPHIAE.
1523 175 1619 221 127

168 285 460 337 indulgentiam
480 286 754 335 omnipotentis
774 284 862 330 dei,
891 292 937 321 ut
946 285 1174 335 postpositis
1193 283 1620 336 humanaefiugiZita-

169 345 220 380 tis
237 343 438 388 admissis,
481 349 686 379 consuetae
702 342 992 378 misericordiae
1010 354 1105 378 suae
1122 354 1305 386 munera,
1341 340 1416 377 hoc
1433 342 1619 390 reposito-

167 401 272 436 rium
290 400 414 437 sacris
429 398 566 436 usibus
579 405 867 448 praeparatum
877 411 955 447 per
973 399 1223 449 unigenitum
1239 395 1419 443 verbum,
1437 399 1620 434 virtutem

167 456 317 494 scilicet
345 462 382 493 et
405 456 640 505 sapientiam
658 468 791 500 suam,
827 455 872 491 in
893 456 1036 504 spiritu
1054 454 1380 502 sanctificationis
1398 467 1623 491 consecrare

167 512 366 563 dignetur.
401 511 508 563 quod
526 524 618 550 vero
635 512 678 548 in
703 524 749 548 ea
768 511 1011 562 praefatione
1030 512 1303 561 repositorium
1324 518 1496 559 vocatur,
1527 524 1623 555 con-7

167 569 355 606 clitorium
380 582 583 605 sacrorum
603 569 823 619 pignorum
850 568 1071 619 appellatur
1098 568 1141 604 in
1170 568 1480 616 consecratione,
1521 579 1623 619 quae

167 626 454 676 praefationem
473 625 751 676 subsequitur,
784 624 1045 662 conditorium
1065 622 1173 661 nude
1198 621 1275 662 hoc
1295 624 1407 661 loco:
1437 630 1533 660 tune
1557 624 1623 660 in-

168 681 315 719 clinato
343 683 472 731 capite
493 682 677 732 pontifex
704 680 772 719 vel
793 681 984 718 duze-onus
1008 680 1160 718 salutat
1179 687 1338 726 sancta,
1378 687 1423 716 ut
1444 682 1481 716 si
1490 680 1624 731 suerit

166 737 514 788 superabundans,
528 738 755 788 praecipiat
769 744 815 773 ut
825 745 1005 787 ponatur
1023 738 1067 774 in
1084 736 1311 774 conditorio.
1346 734 1489 774 dicitur
1506 749 1624 788 porro

168 794 360 831 ciborium
375 795 508 831 minus·
529 801 567 831 et
587 795 832 830 itinerarium
850 792 902 830 ad
921 791 1132 831 discrimen
1150 794 1312 831 maioris
1333 793 1482 841 ciborii,
1514 791 1623 845 quod

167 849 447 888 umbraculum
471 849 614 887 altaris·
632 857 746 888 vocat
764 848 874 886 idem
896 848 992 887 ordo
1016 851 1239 887 Romanus:
1277 850 1523 886 itinerarium
1548 862 1622 886 au-

168 913 272 955 tem,
311 905 353 943 id
374 913 432 943 est
445 906 654 956 portatile,
695 905 1032 958 quemadmodum
1049 906 1153 943 infra
1170 905 1320 942 ibidem
1344 904 1484 942 tabula
1504 907 1622 942 itine-

166 964 279 1000 raria
301 969 550 1013 nuncupatur
573 961 681 1014 quod
699 963 819 1013 vulgo
837 963 966 999 altare
985 962 1174 1012 portatile
1193 962 1451 1014 appellamus.
1510 962 1622 998 cibo-

167 1020 272 1056 rium
286 1018 393 1056 istud
410 1020 542 1056 minus
567 1020 838 1069 repositorium
861 1017 1025 1070 perinde
1044 1026 1293 1069 nuncupatur
1318 1020 1361 1055 in
1386 1024 1620 1056 testamento

166 1076 354 1126 Perpetui
371 1077 546 1126 episcopi
563 1076 716 1113 Turon.
734 1082 764 1112 t.
782 1075 807 1115 5
824 1075 1031 1126 Spicilegii
1040 1073 1265 1123 Acheriani,
1287 1073 1469 1126 illudque
1482 1075 1623 1111 Graeci

165 1133 311 1180 πυξίον
329 1138 483 1180 vocant,
516 1138 561 1168 ut
581 1132 767 1182 colligere
788 1138 847 1169 est
868 1144 921 1168 ex
937 1130 1181 1183 Pachymere
1199 1131 1228 1168 l.
1250 1135 1276 1173 7
1301 1138 1340 1168 et
1361 1131 1522 1168 Nicolao
1544 1132 1623 1168 ca-

167 1188 344 1226 sulorum
361 1189 543 1239 episcopo
562 1189 606 1224 in
625 1189 794 1240 Typico,
832 1189 1070 1225 recentiores
1092 1200 1184 1225 vero
1204 1183 1457 1239 μηξόμηλον,
1487 1200 1622 1224 corru-

166 1251 250 1296 pto,
281 1251 324 1281 ut
340 1257 413 1295 par
431 1251 489 1282 est
508 1243 680 1293 credere,
710 1244 901 1282 vocabulo
926 1257 980 1282 ex
998 1240 1246 1296 πυξόμηλον,
1267 1244 1525 1295 quamobrem
1542 1257 1624 1281 non

168 1300 311 1338 desunt
330 1302 399 1352 qui
417 1297 647 1352 μυξόμηλον
664 1300 773 1338 idem
792 1313 876 1338 esse
895 1294 1107 1352 opinantur
1128 1299 1236 1353 quod
1259 1296 1518 1353 ἄρτοφόριον.
1556 1312 1624 1338 sa-

168 1370 277 1394 cram
294 1370 387 1394 vero
411 1356 607 1408 pyxidem
635 1370 753 1408 supra
782 1358 905 1394 altare
934 1369 1151 1408 appensam
1179 1357 1302 1394 fuisse
1329 1357 1536 1394 observare
1566 1363 1626 1394 est

168 1425 222 1450 ex
253 1414 421 1464 Hugone
454 1414 743 1451 Flaviniacensi
774 1414 818 1450 in
850 1411 996 1451 Chron.
1024 1413 1191 1451 Virdun.
1221 1420 1322 1464 part.
1351 1414 1399 1452 2:
1434 1413 1626 1463 pyxidem

169 1483 293 1507 unam
316 1469 364 1506 cle
392 1468 616 1519 Onychino,
651 1470 695 1507 in
723 1483 804 1521 qua
829 1477 1010 1507 servatur
1027 1483 1170 1520 corpus
1189 1470 1449 1515 dominicum,
1478 1470 1626 1519 depen-

167 1526 266 1562 dens
285 1539 403 1576 super
419 1525 560 1562 altare.
621 1527 702 1563 Leo
731 1527 814 1563 Ost.
843 1524 936 1563 Chr.
964 1527 1095 1563 Oasin.
1123 1529 1148 1567 3
1177 1539 1210 1564 c.
1231 1526 1329 1563 ult-2
1361 1527 1481 1576 pyxis
1501 1539 1626 1563 aurea

169 1595 260 1619 cum
276 1581 430 1618 smaltis
441 1595 517 1632 pro
537 1595 695 1632 corpore
711 1581 874 1618 domini.
909 1588 948 1619 et
967 1583 1049 1620 Leo
1071 1594 1118 1620 lv
1142 1583 1207 1620 PP
1228 1580 1278 1619 de
1301 1595 1393 1620 cura
1405 1583 1600 1620 Pastorali
1612 1594 1625 1619 τ

167 1651 288 1688 super
306 1637 435 1675 altare
450 1637 557 1675 nihil
563 1646 743 1688 ponatur
761 1639 842 1675 nis-i
858 1652 1002 1688 capsae
1021 1652 1112 1676 cum
1129 1638 1309 1689 reliquiis
1321 1646 1556 1680 sanctorum
1568 1661 1626 1667 —

167 1701 242 1731 aut
245 1695 364 1744 pyxis
371 1708 462 1731 cum
471 1708 628 1744 corpore
637 1695 789 1732 domini
797 1695 856 1731 ad
860 1696 1052 1732 viaticum
1058 1708 1134 1745 pro
1144 1696 1328 1743 infirmis.
1353 1693 1494 1732 eadem
1503 1695 1625 1733 verba

167 1748 290 1788 habet
307 1749 516 1801 Ratherius
533 1752 771 1788 Veronensis
786 1752 828 1787 in
847 1749 1047 1802 Synodica
1065 1750 1117 1788 ad
1135 1751 1396 1802 presbyteros,
1420 1752 1500 1789 nisi
1516 1751 1624 1804 quod

170 1819 242 1857 pro
259 1807 379 1856 pyxis
397 1805 517 1843 habet
534 1805 699 1853 buxida;
740 1819 818 1857 qua
844 1814 1042 1856 postrema
1070 1821 1167 1846 voce
1192 1808 1317 1844 utitur
1335 1809 1455 1844 etiam
1473 1808 1624 1846 Paulus

171 1863 369 1900 Diaconus
391 1863 435 1898 in
454 1863 534 1899 vita
552 1862 594 1900 S.
614 1863 794 1912 Gregorii
812 1863 868 1899 M.
886 1864 951 1899 PP
974 1875 1006 1899 c.
1027 1863 1092 1902 19.
1151 1876 1220 1900 eae
1237 1870 1370 1900 autem
1387 1862 1559 1914 pyxides
1580 1865 1625 1901 in

172 1919 316 1970 quibus
333 1931 442 1956 sacra
462 1916 696 1956 eucharistia
715 1917 765 1955 ad
783 1918 958 1956 infirmos
977 1917 1173 1966 defertur,
1211 1932 1264 1956 ex
1283 1920 1399 1957 ebore
1418 1932 1488 1957 seu
1507 1919 1625 1957 ebur-

172 1988 270 2012 neae
293 1987 378 2012 esse
397 1975 594 2022 iubentur,
616 1981 782 2025 propter
799 1988 953 2021 casum,
982 1976 1024 2012 in
1043 1976 1208 2014 statutis
1228 1975 1496 2027 Synodalibus
1514 1975 1625 2014 Odo-

171 2033 235 2068 nis
258 2033 432 2082 episcopi
448 2032 681 2069 Parisiensis
707 2044 740 2068 c.
760 2030 784 2070 5
808 2044 850 2069 n.
872 2031 898 2072 5
916 2038 955 2068 et
977 2045 1010 2069 c.
1031 2032 1101 2069 ult.
1120 2045 1160 2069 n.
1181 2032 1235 2072 35
1258 2031 1366 2084 quod
1382 2030 1539 2069 videtur
1556 2033 1623 2070 in-

172 2086 436 2138 telligendum
462 2101 543 2125 nou
575 2086 623 2124 de
648 2089 859 2138 praecipua
875 2087 1026 2139 pyxide
1048 2100 1149 2139 quae
1168 2100 1191 2124 a
1211 2089 1393 2126 columba
1409 2087 1622 2139 pendebat,

170 2142 244 2182 sed
262 2142 310 2181 de
330 2145 502 2191 minore,
547 2145 589 2180 iu
614 2157 736 2196 quam
757 2157 809 2181 ex
827 2146 971 2182 maiori
988 2157 1098 2183 sacra
1118 2142 1355 2182 eucharistia
1378 2144 1430 2182 ad
1445 2145 1623 2183 infirmos

172 2198 386 2237 deferenda
405 2199 700 2238 refundebatur.

284 2255 352 2296 64.
407 2258 494 2293 Iam
521 2270 614 2294 vero
643 2255 751 2308 quod
777 2270 916 2308 corpus
948 2256 1192 2295 dominicum
1218 2258 1290 2295 sub
1321 2270 1435 2295 cruce
1464 2258 1623 2302 velsub

173 2313 298 2349 crucis
318 2312 443 2362 figura
460 2315 596 2364 reponi
612 2315 773 2351 solitum
789 2314 912 2351 fuisse
930 2315 971 2351 in
990 2315 1137 2352 ciborio
1159 2313 1347 2362 diximus,
1376 2314 1554 2351 firmatur
1573 2327 1625 2352 ex

174 2369 339 2406 concilio
356 2370 582 2407 Turonensi
601 2383 634 2407 11
656 2383 742 2407 can.
760 2372 808 2418 3,
851 2383 929 2422 quo
957 2373 1140 2408 statuitur
1172 2378 1218 2408 ut
1244 2384 1387 2421 corpus
1414 2371 1568 2408 domini
1583 2373 1626 2408 in

171 2424 297 2461 altari
317 2438 396 2462 non
413 2426 456 2462 in
475 2427 713 2477 imaginario
731 2426 884 2472 ordine,
904 2427 975 2464 sed
989 2427 1061 2464 sub
1074 2428 1202 2464 crucis
1222 2427 1336 2464 titulo
1349 2434 1623 2477 componatur.-

171 2479 216 2517 id
235 2488 306 2528 est,
334 2494 415 2519 non
432 2483 473 2518 in
495 2483 582 2533 ipso
604 2483 750 2521 ciborio
773 2483 849 2531 vel,
870 2485 930 2520 uti
947 2485 1209 2535 appellamus,
1228 2484 1495 2531 tabernaculo,
1518 2482 1626 2535 quod

172 2538 438 2587 imaginarius
452 2538 546 2575 ordo
565 2537 719 2587 dicitur,
748 2551 819 2576 seu
834 2541 876 2576 iu
894 2553 1010 2578 aureo
1034 2547 1245 2591 argentove
1265 2539 1464 2577 elaborato
1484 2541 1626 2577 variis-

175 2604 253 2642 que
271 2593 405 2643 figuris
428 2607 474 2631 ac
492 2596 732 2646 imaginibus
753 2594 942 2634 adornato
964 2610 1096 2648 opere.
1138 2595 1243 2634 unde
1269 2596 1472 2634 conficitur
1491 2609 1625 2634 sacro—

174 2655 351 2685 sanctam
372 2649 649 2689 eucharistiam
668 2651 720 2690 ad
741 2653 949 2701 viaticum,
986 2666 1067 2691 non
1085 2655 1127 2690 iu
1146 2654 1234 2703 ipso
1256 2653 1402 2691 ciborio
1423 2652 1493 2690 sed
1513 2659 1625 2689 extra

175 2704 367 2741 ciborium
380 2714 620 2745 asservatam
638 2709 682 2745 in
698 2707 862 2760 pyxide,
878 2709 1115 2760 pependisse
1129 2709 1201 2746 sub
1216 2722 1342 2756 cruce,
1358 2707 1467 2761 quod
1482 2709 1625 2745 etiam-

173 2772 272 2796 num
291 2761 333 2796 in
351 2761 550 2814 plerisque
570 2766 828 2814 nostratibus,
866 2767 1099 2816 praesertim
1130 2763 1420 2803 cathedralibus
1451 2764 1624 2802 ecclesiis

175 2816 417 2855 observatur.
473 2818 672 2869 pendebat
689 2828 824 2860 autem
840 2834 952 2861 sacra
970 2824 1090 2874 pyxis
1109 2834 1161 2860 ex
1179 2822 1377 2872 columba,
1407 2833 1487 2873 qua
1505 2821 1623 2871 spiri-
