1890 3224
617 203 927 248 HERACLIAD
933 206 1004 250 OS
1033 206 1153 251 AcR.
1179 208 1214 250 I.
1582 209 1644 254 73

401 315 476 366 ἕως
494 315 631 367 ε’λαίας
651 317 869 374 ἠλεημὲνην
892 316 1042 362 κλάδον

400 385 538 438 λαβὼν
558 384 680 429 ἴσωσε
699 391 773 429 τοῦ
791 389 886 441 βίου
907 387 959 430 τὰ
977 389 1165 443 λείψανα.

455 455 552 495 Ποῦ
573 459 644 496 νῦν
657 454 871 510 Ἀπελλῆς,
900 460 980 498 ποῦ
1001 461 1135 499 λαλῶν
1153 457 1439 518 Δημοσθένης,

399 517 509 571 ὅπως
524 520 545 563 ὅ
564 523 639 576 μέν
656 540 730 566 σου
753 523 1007 578 σωματώσας
1030 525 1126 576 τούς
1149 524 1309 580 πόνους,

316 591 369 632 95
399 588 421 630 ὂ
442 590 484 630 (5²
511 585 565 632 αὖ
583 591 634 634 τὰ
658 595 780 650 νεῦρα
802 597 882 635 τῶν
907 597 1111 650 λογισμῶν
1135 592 1334 652 ἁρμόσας,

399 656 575 711 {januum
597 659 855 717 ἂναστῆσωσι
878 662 951 717 τὴν
968 662 1044 717 σὴν
1065 660 1223 718 εἰκόνας

448 721 501 768 Ὦ
520 730 731 783 Σκηπίων,
759 731 946 785 σίγησον·
987 729 1144 788 ἐγράφη
1167 730 1290 786 νόμος

397 794 492 844 τοὺς
511 802 765 850 σκηπιῶντας
779 796 1081 855 (Ηρακλείωνας
1103 800 1243 855 λέγειν.

395 862 527 905 κοινὸν
546 864 592 906 τὸ
616 863 770 920 δόγμα·
804 870 876 908 νῦν
895 865 1116 917 ἀκινδύνως
1133 866 1259 921 μόνον

282 932 363 972 100
397 929 525 981 ἔξεστι
546 930 708 983 δούλοις
726 938 961 987 νομοθετεῖν
984 935 1086 992 πρὸς
1110 935 1320 986 δεσπότας.

394 997 599 1056 κύρωσον,
635 996 669 1044 ὦ
691 1001 904 1058 κράτιστε,
938 1003 1009 1046 τὸν
1029 1001 1156 1057 νόμον
1176 1003 1303 1063 τύπῳ.

393 1065 495 1121 ἔχεις
517 1068 718 1122 συνειδός,
755 1070 829 1113 οὐκ
850 1069 953 1125 ἔχεις
976 1069 1185 1126 ὖποψίαν·

391 1134 494 1190 ἔχεις
514 1135 671 1194 ἄμετρα
690 1137 980 1195 μαρτυροῦντά
1002 1155 1067 1181 σοι
1084 1141 1201 1195 βέλη,

391 1202 493 1258 ’ἰύζεις
512 1205 729 1262 συνεργοὺς
751 1205 958 1263 ἐμφύτους
975 1206 1027 1249 τὰ
1047 1206 1277 1264 τραύματα,

275 1272 355 1314 105
391 1271 493 1326 ἔχεις
514 1272 674 1328 ἀγῶνας
696 1274 1198 1332 εὖφραδεῖςσυνηγόρους,

390 1339 491 1394 ἴχεις
513 1341 672 1397 ἀγῶνας
691 1342 859 1398 εὖγενεΐς
879 1342 1183 1400 ταχυγράφους,

391 1409 437 1451 οἳ
453 1409 522 1451 τὸν
540 1409 666 1464 νόμον
687 1409 919 1468 γράψουσιν
942 1412 990 1453 οὐ
1011 1417 1155 1470 γραφῇ
1171 1409 1286 1471 νόθῳ

387 1477 484 1519 ἀλλ’
509 1479 552 1529 ἐξ
571 1479 778 1536 ἓρυθμῶν,
814 1478 870 1530 ὥς
888 1478 1105 1537 προσήκει,
1141 1477 1394 1538 γραμμάτων
1407 1494 1420 1505 ·

385 1545 432 1588 τὸ
453 1545 526 1588 σὸν
543 1546 621 1604 γὰρ
643 1545 746 1601 αἷμα
765 1554 851 1598 τοῖς
869 1552 1094 1605 γραφεῦσιν
1111 1548 1283 1605 ἀρκέσει.

272 1615 355 1656 110
455 1613 715 1673 Πλούταρχε,
742 1617 836 1672 σίγα
861 1617 957 1667 τούς
979 1615 1268 1674 παραλλήλους
1284 1613 1464 1673 γράφων.

384 1684 428 1725 τί
444 1683 576 1726 πολλὰ
597 1683 761 1738 κάμνεις
779 1686 847 1726 καὶ
868 1685 1119 1742 στρατηγοὺς
1134 1686 1335 1741 συλλέγεις
1343 1703 1359 1738 ‚-

385 1751 455 1792 τὸν
478 1750 674 1806 δεσπότην
696 1751 888 1809 ἴκφραζε,
924 1754 992 1794 καὶ
1015 1751 1186 1810 γράφεις
1209 1751 1340 1801 ὅλους.

387 1817 468 1874 ἤδη
490 1818 568 1876 γὰρ
591 1817 612 1861 ὅ
628 1819 900 1877 Πλούταρχος
917 1821 1058 1877 ἐξᾶραι
1077 1821 1213 1862 θέλων

385 1887 456 1929 τὸν
474 1891 550 1929 τοῦ
568 1889 774 1930 Φιλίππου
795 1890 864 1930 καὶ
887 1888 990 1945 πρὸς
1011 1886 1121 1942 ὕψος
1144 1885 1340 1944 ἁρπάσαι,

272 1954 351 1997 115
386 1953 551 1998 ἔσπευδε
575 1958 706 2007 ὁεῖξαι
730 1961 853 1999 πᾶσιν
873 1955 928 2007 ὥς
948 1957 1123 1998 ἐναντίαι

385 2028 578 2080 κατεῖχον
588 2025 711 2068 αὐτὸν
734 2024 1072 2083 ἀντιπράττουσαι
1094 2021 1213 2077 τύχαι
1223 2037 1234 2048 ·

255 2144 302 2180 91
326 2140 554 2189 ἤλεημένηςΐ
691 2146 736 2181 97
760 2138 814 2191 ὦ]
839 2141 860 2180 ὁ
885 2143 929 2179 ed

166 2255 234 2280 vae
257 2256 350 2279 ramo
363 2273 374 2290 ‚
408 2256 430 2279 a
453 2256 520 2290 quo
542 2245 789 2291 misericordia,
822 2257 922 2281 manu
936 2248 1070 2301 sumpto
1084 2243 1238 2280 servavit
1250 2242 1344 2278 vitae
1358 2241 1528 2288 reliquias.
1574 2241 1634 2276 ubi

165 2291 424 2337 nunc-Apelles,
456 2291 516 2325 ubi
530 2292 695 2326 facundus
709 2292 982 2327 Demosthenes?
1013 2292 1071 2327 ille
1094 2291 1230 2346 quidem
1256 2294 1293 2323 ut
1318 2294 1396 2323 tuos
1415 2288 1632 2341 configurans

165 2336 320 2380 labores,
345 2338 426 2381 (95)
452 2336 508 2371 hic
531 2343 645 2372 autem
670 2342 750 2373 tuae
774 2339 893 2374 mentis
909 2338 1000 2372 vires
1016 2348 1209 2383 expnmens
1224 2336 1406 2381 spirantem
1422 2337 1632 2368 consumant

164 2388 258 2419 tuam
272 2383 462 2427 imaginem.
510 2382 626 2428 Scipio
641 2387 765 2418 taceto.
815 2385 946 2429 scripta
968 2384 1026 2418 lex
1050 2388 1120 2417 est:
1145 2382 1322 2428 Scipiades
1335 2379 1564 2433 Heraclionae
1577 2379 1631 2413 di-

165 2434 299 2464 cuntor.
347 2439 520 2463 commune
537 2433 590 2463 est
605 2428 797 2464 decretum:
821 2441 910 2464 nunc
923 2429 1034 2464 solum
1048 2432 1123 2463 tuto
1139 2430 1243 2474 (100)
1258 2427 1340 2460 licet
1353 2436 1463 2479 servgs
1476 2429 1632 2460 statuere

163 2473 276 2518 legem
289 2474 325 2509 in
340 2474 511 2520 despota&
558 2474 740 2518 confirma,
770 2487 791 2510 ο
806 2475 1005 2520 fortissime,
1040 2475 1150 2519 legem
1165 2478 1224 2508 tuo
1240 2477 1340 2517 typo.
1387 2471 1448 2506 filu
1462 2471 1558 2505 testis
1576 2477 1630 2504 est

166 2520 392 2563 conscientia,
422 2532 490 2554 non
506 2524 560 2555 est
573 2521 734 2566 suspicio.
780 2520 844 2556 tibi
868 2520 970 2556 fidem
993 2521 1190 2555 innumerae
1210 2519 1342 2553 faciunt
1363 2517 1531 2562 sagittam
1570 2516 1632 2570 tibi

166 2568 248 2600 sunt
259 2565 352 2600 insiti
366 2566 611 2609 suffragatores
627 2566 787 2610 vulnera3
810 2567 918 2611 (105)
932 2566 996 2601 tibi
1011 2571 1091 2600 sunt
1103 2576 1232 2610 agones
1248 2562 1366 2597 diserti
1381 2562 1518 2607 patroni
1530 2586 1542 2604 ,
1566 2562 1629 2595 tlbl

167 2615 248 2645 sunt
262 2610 388 2655 ag'ones
403 2612 531 2646 nobiles
546 2612 769 2657 tachygraphi
781 2640 792 2656 ‚
828 2613 884 2657 qui
901 2612 1007 2656 legem
1023 2612 1175 2646 scribent
1190 2609 1324 2644 ficticiis
1341 2608 1513 2662 coloribus
1525 2633 1534 2650 ,
1565 2607 1629 2660 sed

166 2656 370 2698 rubricatis,
392 2661 431 2691 ut
446 2662 500 2691 est
515 2658 737 2699 conveniens,
761 2658 903 2692 litterisz
934 2663 1014 2692 tuus
1028 2658 1116 2692 enim
1130 2654 1268 2700 sanguis
1282 2654 1432 2688 sufficiet
1446 2653 1629 2688 scribenti-

167 2701 245 2736 bus.
290 2702 399 2747 (110)
429 2702 550 2746 sileas,
580 2703 781 2745 Plutarche,
815 2703 1049 2749 parallelorum
1071 2702 1228 2748 scriptor.
1282 2710 1342 2733 cur
1362 2699 1516 2752 undique.
1530 2701 1628 2750 tanto

168 2747 282 2782 studio
296 2749 400 2782 duces
414 2748 571 2793 colligis?
607 2749 781 2795 despotam
798 2750 968 2794 eloquere,
992 2754 1028 2783 et
1042 2749 1085 2783 de
1101 2747 1254 2781 omnibus
1271 2745 1460 2791 scripseris.
1506 2743 1627 2777 iamdiu

167 2791 374 2828 Plutarchus
398 2805 473 2827 cum
495 2793 602 2828 vellet
623 2795 787 2830 extollere
811 2795 915 2830 filium
933 2794 1082 2840 Philippi
1105 2794 1282 2847 ipsumque
1303 2790 1339 2824 in
1362 2790 1467 2844 altum
1490 2788 1629 2828 efferre,

169 2839 270 2885 (115)
287 2839 459 2875 contendit
473 2839 626 2876 omnibus
639 2841 821 2876 ostendere
835 2840 926 2886 quod
940 2840 1087 2876 adversa
1102 2850 1134 2874 ex
1149 2849 1283 2883 semper
1297 2837 1464 2872 obsntent
1478 2834 1625 2868 fortuna.
