1890 3224
248 181 339 220 xxa
861 174 1090 229 QUERCII

250 287 385 319 tamen
403 280 503 320 mihi
524 283 687 334 contigit
710 296 776 323 eos
795 284 994 334 invenire5
1023 292 1068 327 ut
1084 285 1245 327 omuino
1266 283 1481 328 admirarer
1499 284 1605 327 unde
1622 284 1699 328 hoo

250 350 411 388 Nicetae
439 352 709 390 testimonium
736 351 934 392 hausisset
953 354 1137 396 Allatius.
1193 365 1320 405 nuper
1338 360 1473 396 autem
1496 368 1587 394 cum
1603 355 1700 396 Flo-

251 418 420 455 rentiam
449 418 579 456 fausto
603 420 901 462 clementissimi
919 423 1106 474 principis
1124 420 1297 462 adventu
1316 419 1611 463 nohonestatam
1626 435 1701 461 ve-

251 486 421 534 nissem,
452 483 630 526 codicem
655 487 918 527 bibliothecae
948 488 1432 530 Medico-Laurentianae
1449 487 1702 530 Thesaurum

251 553 412 592 Nicetae
431 555 700 595 continentem
721 555 931 608 diligenter
951 558 1094 606 evolvi,
1126 565 1164 597 et
1180 558 1327 597 librum
1345 557 1544 597 decimum
1561 560 1705 597 iterato

251 621 352 676 legi,
381 637 455 666 nec
484 625 642 676 uspiam
662 631 798 666 tamen
826 626 1037 664 memorari
1061 624 1239 664 Pisidam
1265 625 1522 679 deprehendi.
1581 639 1703 679 quare

253 692 421 744 suspicio
445 690 547 729 mihi
569 699 653 733 orta
673 700 731 731 est
744 723 754 742 ‚
785 694 828 730 in
851 696 897 732 eo
920 692 1054 731 codice
1073 693 1207 731 forsan
1228 694 1362 746 aliqua
1380 707 1465 732 esse
1485 695 1629 733 omissa
1648 707 1704 733 ex

252 764 302 800 iis
322 774 422 813 quae
439 762 482 801 iu
497 760 696 799 Allatiano
715 761 961 812 legebantur.
1017 760 1143 798 fatear
1160 763 1268 801 enim
1280 791 1290 811 ‚
1321 763 1437 800 sicuti
1457 765 1704 801 mentionem

254 828 412 867 Pisidae
438 830 604 880 ingessit
630 831 786 878 Niceta,
816 828 859 866 id
886 829 1005 880 plane
1030 829 1160 869 facere
1181 828 1318 868 debuit
1336 843 1382 867 eo
1403 831 1447 867 in
1463 831 1565 868 libro
1585 843 1705 882 quem

255 897 425 939 Allntius
455 894 658 948 designat:
685 898 742 936 ibi
770 898 877 935 enim
893 897 1067 935 multum
1083 897 1260 948 apposite
1279 898 1478 936 variorum
1499 905 1705 936 auctorum

251 962 305 1005 de
326 963 649 1017 Monophys'ismo
671 966 888 1005 sententiae
911 964 1148 1004 referuntur.

368 1035 408 1075 9-
464 1029 684 1087 Ἐγκῶμιον
718 1034 775 1081 εἰς
808 1030 878 1074 τὸν
925 1028 1106 1085 μάρτυροι
1148 1027 1432 1073 Ἀναστᾶσιονι
1486 1033 1708 1070 encomium

93 1115 130 1151 1).
149 1104 236 1141 XXI
259 1102 445 1152 maryris
469 1100 700 1147 Anasta-sii,
729 1098 837 1153 quod
865 1101 962 1139 olim
985 1100 1107 1137 fuisse
1134 1113 1196 1137 ms
1223 1101 1266 1137 in
1287 1098 1527 1138 bibliotheca
1543 1102 1709 1139 Antonii

257 1169 469 1220 Augustini
499 1175 665 1206 testatur
694 1169 878 1206 Allatius.
935 1180 1008 1205 nos
1036 1165 1104 1204 diu
1124 1168 1347 1219 quaesitum
1366 1166 1530 1206 tandem
1549 1170 1709 1207 inveni-,-

256 1249 347 1276 mus
377 1237 420 1273 in
450 1250 578 1287 nuper
605 1234 766 1273 laudata
791 1230 1033 1273 bibliotheca
1057 1233 1519 1273 Medico-Laurentiana
1547 1236 1661 1274 Pluc.
1681 1239 1709 1278 9

258 1317 298 1342 11.
311 1302 384 1343 14:
416 1302 488 1341 sed
505 1304 665 1341 nonnisi
680 1316 825 1354 magno
844 1305 969 1355 pretio
985 1303 1099 1340 nobis
1115 1303 1227 1340 licuit
1245 1304 1328 1341 eius
1346 1303 1621 1355 apographum
1636 1305 1711 1343 ob*

260 1372 384 1408 tinere
397 1399 408 1419 ‚
439 1378 477 1408 et
504 1369 612 1422 quod
633 1369 768 1409 durius
791 1378 849 1409 est
863 1401 873 1420 ‚
904 1384 1002 1423 opus
1026 1373 1146 1408 etiam
1163 1371 1239 1408 fuit
1256 1369 1359 1408 illud
1374 1372 1617 1410 Florentiam
1631 1374 1712 1413 ite„

247 1435 350 1478 *rum
377 1440 532 1477 mittere
559 1445 599 1476 et
626 1452 716 1477 cum
747 1438 990 1491 autographo
1012 1439 1210 1488 conferre,
1241 1446 1449 1490 propterea
1471 1439 1580 1491 quod
1599 1453 1713 1478 ama-2

260 1508 422 1545 uueusis
440 1507 572 1544 inutili
594 1519 638 1543 30
655 1507 774 1556 plane
795 1505 961 1545 ridicula
983 1505 1156 1558 quadam
1174 1505 1379 1557 diligentia
1402 1506 1546 1545 codicis
1569 1506 1712 1546 chara*-

263 1580 387 1613 oteres
416 1586 545 1612 nexus
571 1573 870 1625 litterarumque
893 1572 1031 1611 ductus
1055 1587 1191 1611 omnes
1211 1581 1372 1611 conatus
1388 1577 1632 1625 exprimere,
1663 1589 1711 1613 ea

262 1654 313 1679 ne
330 1641 412 1692 legi
430 1647 592 1692 possent
613 1640 809 1679 effecerat.
868 1653 921 1678 ex
937 1654 1014 1692 qua
1033 1654 1074 1678 re
1094 1642 1242 1678 mirum
1258 1647 1355 1693 quot
1375 1640 1477 1680 mihi
1493 1649 1585 1680 suut
1602 1650 1711 1680 ortae

263 1708 491 1747 molestiae:
520 1721 615 1745 nam
638 1710 811 1760 quinque
832 1709 978 1759 integri
998 1709 1090 1745 anni
1106 1707 1291 1760 deinceps
1313 1705 1438 1761 elaps'i
1454 1716 1566 1759 sunt,
1597 1717 1712 1748 ante-

263 1769 388 1828 quam¹
411 1773 487 1813 1100
511 1774 660 1826 grande
688 1777 893 1826 negotium
918 1764 1144 1813 absolutum
1170 1777 1400 1828 reciperem.
1459 1780 1628 1816 encomii
1647 1780 1713 1817 vel

264 1843 453 1881 orationis
482 1850 682 1881 auctorem
711 1857 796 1881 esse
825 1842 1003 1880 Pisidam
1030 1844 1201 1892 faciunt,
1240 1851 1285 1881 ut
1316 1843 1522 1883 credamus
1552 1852 1592 1883 et
1619 1854 1714 1884 nota

264 1911 453 1960 temporis
489 1916 528 1947 et
554 1924 687 1948 rerum
715 1911 885 1949 affinitas
907 1918 946 1948 et
969 1912 1050 1949 stili
1076 1924 1166 1949 cum
1184 1912 1275 1949 stilo
1295 1914 1430 1951 nativa
1449 1915 1712 1963 germanitas3

264 1987 368 2028 quae
392 1977 525 2016 omnia
539 2006 550 2026 ‚
579 1985 624 2015 ut
643 1979 756 2016 nobis
776 1977 938 2031 quidem
955 1977 1134 2027 videtur,
1165 1980 1259 2016 satis
1284 1986 1416 2030 aperte
1438 1978 1713 2018 demonstran-2

266 2049 344 2082 tur.
383 2050 557 2083 aeterum
573 2058 698 2083 unum
718 2044 795 2083 11οο
817 2053 947 2084 exstat
963 2045 1121 2084 Pisidae
1142 2046 1375 2096 opusculum
1392 2046 1520 2084 soluta
1536 2048 1713 2085 oratione

268 2111 482 2161 scriptum:
514 2125 609 2149 nam
638 2113 716 2151 alia
745 2111 907 2164 quidem
930 2112 1006 2151 hoc
1034 2112 1153 2151 modo
1179 2125 1271 2150 eum
1289 2113 1491 2164 scripsisse
1510 2127 1585 2151 nec
1604 2115 1714 2152 affir-

266 2190 376 2216 mare
402 2190 611 2228 possumus
642 2194 716 2219 nen
739 2193 899 2230 negare.
956 2179 1028 2219 sed
1043 2179 1120 2218 hoo
1139 2181 1272 2231 ipsum
1294 2194 1314 2217 e
1334 2181 1507 2219 tenebris
1524 2183 1568 2218 in
1582 2183 1714 2220 lucem

267 2257 373 2283 nunc
391 2244 548 2295 prodire
567 2247 700 2284 forsan
722 2246 951 2298 gaudebunt
967 2249 1042 2286 viri
1065 2246 1229 2296 eruditi,
1261 2246 1367 2298 apud
1387 2261 1487 2300 quos
1506 2258 1656 2288 certum
1674 2257 1715 2288 et

266 2312 546 2351 inconcussum
562 2314 645 2351 iam
664 2317 736 2352 erit
753 2314 897 2353 Suidae
920 2315 969 2353 de
992 2315 1127 2354 Pisida
1143 2316 1415 2354 testimonium
1435 2315 1599 2355 dicentis
1616 2318 1715 2356 scri-

267 2379 392 2431 psisse
418 2387 597 2419 nostrum
617 2382 772 2432 praeter
791 2389 918 2420 cetera
935 2378 1209 2437 καταλογάδην
1229 2380 1423 2437 ἕγκῶμιον
1444 2384 1502 2432 εἰς
1523 2382 1594 2426 τὸν
1610 2380 1715 2438 μάρ-

267 2462 366 2499 τυρα
393 2443 680 2498 Ἀναστάσιον,
718 2463 798 2487 11011
825 2457 958 2488 autem
982 2451 1039 2499 εἰς
1064 2448 1134 2492 τὸν
1162 2450 1285 2504 μέγαν
1305 2447 1577 2502 Ἀθανάσιονς
1606 2451 1716 2504 quod

267 2515 350 2552 iam
376 2523 532 2566 praeter
559 2523 707 2555 ceteros
735 2524 851 2555 antea
879 2517 1031 2556 viderat
1051 2519 1170 2559 Alex.
1188 2520 1339 2557 Politus
1364 2519 1407 2556 in
1424 2519 1714 2572 Martyrologio

269 2582 388 2619 Rom.
411 2583 557 2620 illustr.
573 2598 621 2634 p.
647 2587 747 2634 367,
779 2584 933 2624 dicens:
968 2587 1116 2624 »suidas
1132 2588 1234 2623 inter
1251 2587 1400 2636 scrzspta
1426 2585 1590 2637 Georgii
1603 2587 1714 2624 Pisa-

268 2649 343 2687 dae
357 2650 476 2701 νεξΙὲνί
498 2646 694 2705 ἐγκώμιον
712 2652 768 2700 εἰς
789 2650 860 2694 τᾶν
880 2650 1059 2709 μάρτυροι
1072 2650 1355 2704 ’Λναστᾶσιον,
1385 2667 1467 2704 qua
1485 2654 1533 2691 de
1551 2654 1714 2691 lectione

266 2731 346 2754 non
373 2726 456 2755 erac
483 2720 590 2770 quod
618 2721 829 2771 inquireret
856 2722 1065 2768 Καείενιιε,
1093 2721 1203 2773 quod
1224 2721 1369 2758 sciolus
1395 2723 1523 2759 nescio
1547 2722 1637 2773 quis
1656 2719 1715 2758 ibi

254 2786 414 2835 fecerat
433 2785 491 2835 εἰς
507 2783 577 2828 τόν
594 2786 717 2841 μέγαν
732 2784 996 2831 Ἀθανᾶσιον.
1026 2791 1183 2841 scripsit
1199 2790 1317 2826 etiam
1339 2789 1534 2840 Georgius
1550 2786 1710 2832 Pisida,
