1890 3224
769 180 1095 227 PRAEFATIO.
1608 199 1661 231 m

209 301 313 339 σεις,
343 284 555 342 φυλάττων
571 288 642 331 καὶ
658 286 707 331 τοὶ
726 290 862 348 δίκαια
879 294 961 334 τῶν
979 289 1264 347 εἶσερχομὲνων
1281 291 1340 342 εἷς
1356 290 1433 348 τήν
1447 293 1658 349 ἐκκλησίαν

209 354 276 397 διὰ
301 355 397 406 τούς
425 355 643 411 κληρικοῦς
670 356 783 412 μέχρι
801 362 876 400 τοῦ
896 359 1098 413 διανέμειν
1118 357 1258 409 αὐτοῖς
1275 362 1411 403 ταῦτα.
1468 363 1540 402 sed
1566 378 1658 403 cum

206 425 342 475 plures
371 431 467 463 tunc
493 432 624 464 essent
637 426 680 463 in
700 427 866 466 ecclesia
887 427 1090 480 Sophiana
1112 427 1417 481 scevophylaces
1444 431 1661 485 (quattuor¹

207 493 315 528 enim
335 498 446 530 erant
464 506 516 530 ex
530 494 656 544 ipsius
673 495 846 534 Heraclii
861 497 1103 548 praescripto
1120 497 1362 549 presbyted‚
1392 497 1550 538 diaconi
1567 511 1654 551 sex,

203 559 372 598 lectores
394 559 519 613 duo),
547 574 634 599 ‘non
654 559 873 600 admodum
890 564 1008 602 facile
1031 564 1120 616 quis
1142 564 1331 603 concedet
1347 566 1562 617 Georgium
1577 580 1654 605 no·-

204 634 331 666 strum
358 630 463 667 inter
495 642 582 678 eos,
612 630 682 682 qui
705 628 847 668 eadem
868 629 1063 682 dignitate·
1083 631 1218 670 donati
1240 640 1390 682 essent,
1418 635 1568 685 primas
1590 641 1654 672 te-

202 695 336 732 nuisse
348 724 359 743 ,
390 702 430 734 et
448 708 644 749 magnum
659 698 981 750 scevophylacem
997 712 1019 736 a
1037 699 1152 738 nobis
1167 700 1282 738 nullo·
1300 701 1404 739 bono
1419 702 1505 738 iure
1521 703 1654 740 vocari

202 761 425 804 contendet.
483 772 713 815 argumenta
741 766 861 817 plane
885 751 967 804 non
994 773 1229 819 suppetunt,
1260 769 1405 821 quibus
1430 768 1653 822 scevophy-

199 829 294 867 lacii
322 832 611 882 praefecturam
640 834 810 884 Georgia
840 846 1013 871 asserere
1038 836 1259 885 possimus,
1288 832 1361 873 sed
1386 837 1652 888 suspicionem

198 899 323 934 movit
340 905 429 936 tum
447 899 533 951 ipse
553 901 692 939 titulus
704 930 715 949 ‚
744 907 833 938 tum
851 914 897 938 ea
917 914 995 954 qua
1016 902 1202 953 Sergium
1222 910 1261 940 et
1282 904 1510 941 Heraclium
1528 907 1652 943 attin-

198 966 317 1016 gebat
343 980 499 1005 summa
525 966 790 1010 necessitudo.
844 981 940 1006 nam
958 970 1143 1021 Sergium
1165 968 1328 1022 quidem
1346 972 1403 1008 ita
1421 984 1540 1024 saepe
1560 974 1651 1011 lau-

198 1032 288 1083 dat,
321 1042 365 1072 ut
387 1036 423 1072 ei
441 1035 568 1073 multa
586 1036 857 1074 familiaritate
876 1038 1105 1076 coniunctus
1125 1037 1319 1079 videatur.
1376 1040 1652 1079 Hexae'meron

197 1101 234 1137 ei
255 1099 371 1151 dicat,
402 1101 524 1155 idque
542 1105 672 1155 operis
690 1105 777 1155 ipso
796 1111 984 1143 monente
1002 1118 1044 1143 se
1065 1107 1283 1158 suscepisse
1304 1105 1547 1148 demonstrat
1566 1117 1650 1149 sta-

194 1169 269 1206 tim
293 1171 336 1207 in
357 1172 557 1222 principio
574 1185 614 1209 ν.
638 1174 715 1213 32:
749 1168 836 1224 ἥκω
855 1172 991 1226 φέρων
1011 1186 1075 1214 σοι
1096 1176 1168 1226 τῆς
1190 1171 1343 1227 ἐρήμου
1361 1176 1530 1229 καρδίας
1547 1192 1650 1231 καρ-

192 1235 296 1286 ποΰς
316 1238 616 1292 γεωργηθέντας
635 1238 679 1280 ἐκ
696 1242 772 1291 τῆς
791 1242 865 1293 σῆς
885 1234 1046 1294 δρόσου.
1105 1248 1144 1279 et
1161 1242 1301 1294 paullo
1318 1250 1408 1294 post
1427 1257 1467 1281 ν.
1486 1243 1542 1286 49
1563 1246 1652 1284 eius

192 1305 329 1343 favore
356 1307 506 1344 fretum
532 1314 572 1345 et
600 1308 807 1345 incitatum
832 1309 1009 1346 stimulis
1030 1322 1129 1360 opus
1151 1308 1315 1360 aggredi
1336 1317 1522 1349 testatur:
1551 1310 1649 1366 πρὸς
1669 1327 1706 1363 p.
1731 1316 1763 1351 V

191 1368 260 1412 τὸν
281 1370 434 1414 σκοπὸν
451 1372 496 1415 vd
517 1377 678 1427 πνεῦμα
698 1375 904 1424 συντείνας
923 1375 997 1427 ἔχω
1014 1380 1099 1425 τοῖς
1117 1376 1204 1425 σοῖς
1221 1375 1431 1426 πεποιθώς
1447 1384 1651 1431 μυστικοῖς

191 1435 406 1488 α’κοντίοις.
462 1443 506 1479 in
538 1442 616 1480 fine
651 1449 783 1480 autem
807 1456 848 1480 v.
870 1443 979 1485 1879
998 1443 1266 1494 patriarcham
1282 1447 1415 1498 ipsum
1430 1459 1501 1498 pro
1521 1448 1650 1486 salute

189 1509 438 1559 imperatoris
470 1515 510 1546 et
540 1511 653 1561 reg-ni
680 1510 870 1547 felicitate
903 1510 1051 1548 multas
1086 1511 1292 1561 lacrimas,
1341 1526 1558 1568 precesque
1594 1514 1648 1553 ad

189 1573 311 1613 deum
330 1574 566 1614 fundentem
584 1590 627 1615 se
645 1575 793 1615 vidisse
819 1575 1023 1615 adfirmat:
1054 1576 1230 1632 ἔγνωμεν
1253 1575 1401 1630 ατῖτόν,
1433 1578 1513 1623 κᾶν
1536 1584 1651 1624 δοκεῖ

186 1642 412 1695 λεληθέναι.
469 1643 569 1697 quid
586 1645 718 1682 simile
738 1645 906 1682 occurrit
924 1645 968 1682 in
982 1644 1176 1683 Abarin-ie
1194 1645 1434 1697 legendum:
1463 1650 1521 1687 ibi
1538 1651 1647 1688 enlm

186 1723 227 1749 v.
247 1711 332 1753 285
353 1711 539 1762 Sergium
561 1719 695 1750 contra
713 1712 901 1750 barbaros
924 1713 1097 1751 lacrimis
1121 1720 1159 1751 et
1182 1715 1361 1766 suspiriis
1388 1714 1644 1755 dimicantem

186 1785 457 1830 repraesentat
489 1780 702 1829 Georgius,
734 1780 847 1831 quasi
870 1781 1050 1817 omnium
1066 1793 1200 1818 rerum
1220 1782 1307 1832 ipse
1326 1789 1430 1820 esset
1450 1785 1643 1834 conscius,

187 1858 290 1898 quae
306 1859 329 1883 a
343 1845 566 1897 patriarcha
582 1846 834 1897 gerebantur.
892 1845 1000 1898 quod
1014 1854 1149 1884 autem
1165 1846 1217 1884 ad
1234 1849 1463 1888 Heraclium
1477 1858 1641 1902 spectat,

186 1914 322 1966 aliqua
344 1921 450 1951 certe
468 1915 512 1952 in
534 1915 830 1952 existimatione
851 1911 959 1964 apud
981 1927 1074 1951 eum
1093 1914 1216 1951 fuisse
1234 1915 1451 1966 Georgium
1473 1916 1642 1956 demon-

185 1988 311 2019 strant
334 1981 535 2019 Acroases
562 1984 606 2020 in
637 1995 731 2020 eum
756 1982 924 2033 scriptae
953 1982 1068 2034 eique
1097 1980 1337 2021 confidenter
1357 1984 1527 2022 oblatae.
1583 1986 1640 2023 ita

184 2050 294 2087 enim
309 2048 484 2088 Amas,
508 2051 532 2090 1
562 2052 616 2091 37
645 2050 695 2088 de
709 2050 866 2100 Exped.
886 2051 1167 2102 imperatorem
1186 2049 1432 2102 adloquitur:
1461 2046 1551 2103 μετ’
1569 2047 1640 2093 εὕ-

183 2117 341 2170 μενείας
367 2115 462 2166 του“ς
491 2113 613 2170 ἐμούς
637 2116 753 2170 δέχου
777 2115 945 2172 λόγους·
974 2113 1183 2171 ἐλεύθεροι
1206 2113 1283 2172 γάρ
1311 2117 1412 2158 εἰσιν
1428 2116 1638 2158 ἔκθωπευ-

182 2181 342 2238 μάτων,
370 2184 414 2225 ἐκ
445 2187 522 2226 σοῦ
553 2182 757 2238 μαθόντες
781 2183 836 2239 μὴ
865 2189 999 2227 λαλεῖν
1016 2184 1239 2239 ὑποκρίσει.
1296 2183 1404 2237 quod
1424 2197 1522 2223 sane
1538 2198 1636 2222 con-

179 2253 311 2291 firmat
339 2252 516 2290 Acroas.
545 2256 571 2295 3
606 2251 691 2294 374
729 2251 889 2292 dicens:
928 2252 993 2294 σοὶ
1020 2250 1137 2294 τόνδε
1165 2248 1335 2293 πλεκτὸν
1366 2249 1565 2302 στέφανον
1594 2250 1636 2300 ἐξ

179 2317 386 2373 ἆκηράτου
404 2323 595 2373 λειμῶνος
614 2318 703 2374 ἄρτι
720 2323 790 2373 τῆς
808 2317 1003 2373 α’ληθείας
1020 2318 1143 2374 φέρω.
1199 2318 1244 2357 id
1274 2326 1408 2357 autem
1438 2326 1543 2357 recte
1563 2318 1637 2356 ad-

179 2388 347 2427 modum
365 2388 596 2426 adfirmabat
614 2389 796 2426 Heraclio
814 2388 972 2428 Pisida:
1001 2401 1083 2426 non
1100 2388 1207 2425 enim
1224 2386 1293 2424 ille
1313 2385 1362 2424 de
1379 2387 1496 2425 rebus
1514 2387 1635 2437 longe

180 2459 350 2508 peractis
383 2464 422 2494 et
449 2470 472 2494 a
501 2470 545 2495 se
570 2457 698 2494 multo
723 2459 911 2509 temporis
930 2457 997 2496 vel
1017 2456 1097 2494 loci
1116 2455 1325 2492 intervallo
1346 2456 1531 2503 semotis,
1561 2452 1634 2492 sed

183 2522 233 2560 de
256 2525 306 2562 iis
335 2537 505 2576 quorum
526 2526 612 2576 ipse
642 2525 772 2562 fuerat
792 2520 990 2577 αὐτόπτης
1010 2531 1050 2562 et
1071 2523 1253 2561 oculatus
1273 2523 1408 2570 testis,
1437 2521 1633 2573 loqueba-

181 2596 259 2627 tur.
317 2593 465 2643 quippe
491 2591 657 2630 dubium
685 2594 847 2631 omnino
869 2605 950 2631 non
973 2598 1031 2630 est
1049 2603 1141 2628 eum
1154 2591 1278 2628 fuisse
1299 2590 1483 2627 comitem
1502 2590 1630 2625 Hera-

180 2657 249 2693 clii
281 2657 324 2694 in
352 2660 481 2709 prima
511 2659 765 2711 expeditione
794 2667 926 2699 contra
955 2662 1120 2698 Persas:
1147 2659 1203 2695 ita
1223 2657 1328 2695 enim
1355 2669 1401 2694 ea
1425 2669 1527 2708 quae
1545 2661 1632 2692 acta

182 2729 274 2761 sunt
302 2733 456 2775 narrat,
485 2727 552 2765 vel
576 2728 707 2778 potius
736 2726 938 2776 describit,
968 2734 1012 2764 ut
1032 2725 1198 2776 singulis
1219 2724 1467 2772 interfuisse,
1498 2723 1630 2760 statim

180 2791 331 2842 legenti
355 2799 501 2842 pateat.
557 2793 630 2832 sed
659 2807 753 2839 eum
781 2796 914 2847 ipsum
940 2793 1078 2832 audire
1101 2793 1209 2830 iuvat
1241 2790 1292 2829 de
1315 2805 1358 2830 se
1385 2793 1629 2844 loquentem.
