1890 3224
290 199 320 245 8
772 197 1010 242 GEORGII
1036 197 1248 241 PISIDAE

397 315 476 356 110
505 314 584 354 τῶν
603 309 680 366 γὰρ
701 308 758 351 δι’
782 307 891 364 ἥμιῖς
909 311 1133 367 φροντίδων
1153 308 1179 366 ἧ
1201 307 1394 367 πυκνότης

506 379 549 421 ἔκ
569 381 644 420 σοῦ
662 376 731 419 τὸν
746 375 871 420 ῧπνον
890 376 1051 429 εἷκότως
1069 379 1304 436 ἀπέστρεφε.

503 447 646 488 πολλοὶ
671 446 714 487 δὲ
734 445 889 499 βουλὰς
906 447 974 488 καὶ
993 449 1234 504 στρατηγίας
1250 446 1398 501 νόμους

504 513 619 555 αὐτοὶ
641 513 744 555 καθ’
770 511 917 564 αὖτοὺς
941 514 1240 572 ζωγραφοῦντες
1256 515 1386 573 ἠρέμα

502 579 680 638 ἔφασκον
701 579 757 631 ὧς
772 581 854 638 χρὴ
876 581 921 624 τὸ
940 581 1087 638 κράτος
1103 584 1301 636 βασιλέως

388 651 467 692 115
501 650 542 691 ἓν
565 655 653 699 ταῖς
674 647 865 704 ἀνάγκαις
883 654 955 705 τῆς
971 648 1106 705 μάχης
1125 649 1384 707 παρεστάναι.

500 715 616 759 ἄλλοι
636 717 679 758 δὲ
698 716 839 769 πάλιν,
871 716 1003 775 ὥσπερ
1026 720 1069 760 ἐκ
1091 719 1320 761 τούναντίου
1332 750 1346 770 ,

501 783 841 842 ἀντεστρατήγουν
859 787 1155 840 δυσμαχοῦντες
1173 788 1214 828 ἓν
1233 785 1387 843 λόγοις,

500 853 719 910 ἐπισφαλὲς
736 853 913 908 λέγοντες
933 852 1030 895 εἶναι
1051 854 1097 896 τὸ
1118 852 1266 911 κράτος

499 920 602 978 πρὸς
623 920 697 971 τὰς
714 918 895 974 ἑτοίμους
914 922 1102 975 ἐμβαλεῖν
1120 920 1383 979 περιστάσεις.

387 992 467 1032 120
500 989 602 1038 τινὲς
619 990 664 1031 δὲ
683 990 751 1031 καὶ
770 986 974 1045 σύγκρισιν
991 990 1033 1040 ἐξ
1053 990 1206 1047 ἀμφοῖν
1225 991 1323 1043 μιάν

499 1057 540 1098 ἓν
561 1063 650 1106 ταῖς
672 1055 824 1098 ἑαυτῶν
847 1057 1105 1107 ἓκτυποῦντες
1126 1058 1310 1114 καρδίαις

499 1128 744 1181 σοφιστικῶς
766 1123 962 1181 ἔφραζον,
999 1123 1100 1167 ὥστε
1124 1127 1191 1167 καὶ
1213 1126 1343 1179 μένειν

498 1193 565 1233 καὶ
587 1198 675 1242 ταῖς
696 1193 908 1248 μερίμναις
932 1198 1015 1242 τοῖς
1038 1193 1163 1248 ἀγῶσι
1187 1193 1424 1250 συντρέχειν.

497 1259 592 1301 ἀλλ’
615 1254 665 1313 ἦν
684 1260 736 1301 τὰ
755 1260 869 1301 κοινὰ
889 1264 969 1302 τῶν
989 1258 1118 1315 λόγων
1138 1261 1319 1303 ἀναίτια·

383 1328 461 1371 125
497 1327 544 1368 οὗ
566 1327 643 1384 γὰρ
667 1327 841 1384 πονηρὸν
864 1325 968 1381 εἶχον
992 1328 1035 1369 αἱ
1054 1332 1209 1383 γνιῦμαι
1231 1326 1392 1385 τρόπον,

495 1395 546 1438 σύ
568 1395 635 1446 ὁέ,
670 1393 890 1452 στρατηγέ,
924 1397 990 1437 καὶ
1011 1396 1088 1452 γὰρ
1107 1391 1222 1451 ἦσθα
1244 1401 1323 1439 τῶν
1343 1395 1445 1438 ὅλων

494 1464 562 1505 καὶ
580 1466 709 1504 ταῦτα
729 1467 885 1516 μᾶλλον
907 1462 1030 1514 αὐτὸς
1048 1464 1320 1520 ἠκριβωμένος
1328 1495 1342 1516 ‚

494 1534 593 1572 πᾶσι
615 1530 800 1580 δεδωκώς
817 1534 889 1572 τοῦ
909 1534 1043 1572 λαλεῖν
1066 1532 1249 1581 ἐξουσίαν

491 1597 592 1640 θεὸν
615 1597 807 1652 δικαστὴν
824 1602 903 1640 τῶν
928 1596 1088 1652 ἀδήλων
1108 1597 1294 1655 εἲγράσω.

381 1670 461 1710 130
493 1664 594 1708 ὅπου
616 1666 660 1708 δὲ
680 1666 810 1715 πίστις
830 1666 1034 1722 παρθένος
1053 1667 1337 1723 προσέρχεται,

492 1733 636 1776 λευκην
658 1732 817 1775 ἄνωθεν
839 1733 981 1775 ἐλπίδα
1007 1736 1240 1786 στολίζεται.

540 1798 766 1857 (Εορτάσας
787 1801 832 1842 δὲ
850 1800 923 1855 τὴν
941 1802 1130 1857 μεγίστην
1151 1800 1318 1859 ἡμέραν,

491 1869 533 1910 ἓν
556 1862 583 1925 ᾗ
605 1867 650 1910 τὸ
670 1867 801 1910 κοινὸν
821 1868 1103 1924 ἐξανέστητοῦ
1122 1870 1259 1925 γένους

494 1937 551 1986 εἷς
571 1934 710 1978 {fia-92&
730 1953 771 1978 τε
793 1938 859 1979 καὶ
884 1937 977 1979 νέαν
999 1935 1236 1989 ἀνάπλασιν,

381 2002 461 2047 185
491 2003 616 2053 εὐθὺς
635 2004 725 2057 μετ’
751 2004 876 2059 αὐτὴν
898 2006 1094 2056 εἷκονίζων
1112 2005 1275 2047 Μωσέα

492 2078 830 2128 καταστρατηγεῖς
851 2071 1008 2129 Φαραὼ
1029 2076 1102 2114 τοῦ
1123 2073 1321 2128 δευτέρου,

365 2178 432 2216 110
451 2177 528 2212 τῶν
552 2177 604 2220 Ρ,
629 2177 704 2212 σῶν
726 2176 769 2211 ed

275 2277 428 2303 curarum
442 2266 617 2300 multitudo
633 2277 653 2301 a
667 2269 705 2301 te
719 2278 879 2311 somnum,
902 2270 940 2302 nt
954 2278 1017 2313 par
1032 2270 1097 2311 est,
1120 2268 1258 2302 avertit.
1304 2266 1397 2302 multi
1414 2268 1458 2302 de
1474 2267 1607 2302 ratione
1621 2271 1657 2302 et
1671 2268 1721 2302 lo-

272 2313 374 2358 gibus
390 2311 531 2346 ducendi
547 2312 714 2346 exercitus
730 2312 784 2346 alii
800 2318 879 2358 post
893 2313 976 2349 alios
992 2313 1196 2348 disserentes
1211 2313 1391 2359 subtiliter,
1400 2314 1559 2348 dicebant
1568 2317 1606 2347 ut
1617 2325 1720 2358 opor-

272 2362 347 2392 teat
367 2357 459 2402 regis
480 2357 688 2391 maiestatem
713 2358 814 2402 (115)
831 2358 864 2391 in
880 2359 1039 2403 periculis
1055 2359 1134 2393 belli
1148 2365 1285 2404 praesto
1302 2371 1388 2396 esse.
1436 2358 1493 2394 alii
1507 2370 1590 2394 vero
1604 2370 1722 2393 rursus

271 2403 367 2438 velut
381 2415 424 2436 ex
439 2403 595 2447 opposito
613 2408 729 2436 contra
744 2403 961 2447 insurgebant
975 2404 1168 2439 dimicantes
1182 2405 1402 2439 sermonibus.
1427 2405 1530 2438 minus
1545 2409 1652 2438 tutum
1669 2404 1721 2438 di-

270 2453 387 2482 centes
403 2459 477 2482 esse
491 2448 699 2482 maiestatem
713 2447 747 2481 in
763 2449 888 2493 apertis
904 2450 1111 2484 committere
1126 2450 1296 2496 periculis.
1343 2450 1449 2494 (120)
1472 2450 1619 2483 nonnulli
1634 2461 1720 2484 vero

271 2505 313 2528 ex
329 2493 481 2538 utrisque
496 2504 596 2527 unum
611 2493 768 2527 iudicium
789 2493 823 2527 in
846 2493 916 2528 suis
930 2495 994 2528 sibi
1010 2496 1208 2540 effingentes
1223 2496 1378 2530 cordibus
1388 2521 1398 2537 ,
1428 2495 1610 2540 sophistice
1624 2495 1720 2541 dice-

268 2539 355 2573 bant
373 2542 534 2584 oportere
555 2543 591 2573 et
605 2538 691 2573 domi
706 2549 842 2573 manere
857 2543 894 2574 et
909 2540 1047 2574 consilio
1061 2541 1095 2574 in
1111 2541 1291 2575 certamina
1305 2551 1494 2574 accurrere.
1547 2541 1610 2575 sed
1623 2549 1721 2576 erant

267 2584 326 2619 isti
342 2584 485 2618 omnium
499 2595 670 2619 sermones
683 2583 755 2618 sine
770 2584 889 2630 culpaz
922 2586 1022 2630 (125)
1046 2597 1111 2619 non
1125 2587 1212 2620 enim
1228 2598 1270 2620 ex
1285 2586 1371 2620 malo
1389 2585 1568 2631 prodibant
1583 2590 1719 2620 senten-

268 2629 338 2663 tiae
350 2630 495 2673 ingenio.
541 2634 579 2663 tu
596 2641 677 2664 vero
700 2629 766 2663 ‹lux
791 2630 949 2674 (omnium
966 2631 1051 2665 enim
1066 2632 1135 2665 dux
1149 2631 1252 2675 fuisti,
1272 2636 1307 2666 et
1323 2632 1407 2665 haec
1420 2631 1493 2677 ipsa
1508 2631 1631 2666 ceteris
1646 2643 1718 2666 me-

266 2674 332 2708 lius
348 2675 576 2719 cognoveras)
591 2675 742 2709 omnibus
755 2675 836 2710 data
849 2675 1004 2721 loquendi
1019 2681 1210 2722 potestate,
1241 2677 1338 2711 deum
1351 2677 1492 2711 iudicem
1510 2677 1716 2712 occultorum

266 2720 390 2762 fecisti,
413 2721 513 2764 (130)
529 2720 680 2755 nimirum
695 2720 806 2754 statim
822 2731 862 2754 ac
878 2722 961 2755 fides
977 2722 1072 2766 virgo
1087 2722 1304 2767 supervenit,
1327 2722 1501 2757 candidam
1514 2722 1572 2757 illa
1588 2733 1632 2757 ex
1646 2723 1717 2756 alto

266 2776 361 2810 spem
376 2765 529 2812 adornat.
576 2770 647 2800 tum
662 2766 833 2800 celebrata
847 2767 990 2801 maxima
1005 2767 1063 2801 illa
1076 2767 1130 2801 die
1142 2793 1154 2811 ‚
1191 2779 1257 2813 qua
1270 2771 1378 2802 totum
1394 2767 1586 2802 adsurrexit
1594 2767 1717 2802 huma-

264 2821 341 2846 num
362 2822 469 2857 genus
492 2811 537 2847 nd
558 2811 707 2848 divinam
721 2822 909 2858 novamque
923 2812 1214 2858 reformationem,
1249 2813 1354 2860 (135)
1378 2813 1489 2849 statim
1503 2817 1583 2859 post
1595 2811 1716 2859 ipsam,
