1838 3210
554 159 890 205 DESCRIPTIO
923 160 968 207 S.
1001 160 1252 205 SOPHIAE.
1528 160 1621 207 119

174 269 368 309 ciborium
389 270 445 308 ait
463 282 548 308 esse
568 270 707 321 poculi
720 283 867 322 genus,
895 271 940 308 in
956 270 1116 309 modum
1123 271 1319 322 soliorum
1341 269 1622 309 colocasiorum

161 327 341 379 sactum.
391 340 444 364 ex
467 327 611 378 quibus
626 325 782 365 videtur
800 327 991 364 ciborium
1012 329 1066 364 ita
1087 329 1329 379 appellatum
1347 327 1483 375 fuisse,
1513 326 1622 379 quod

174 397 344 435 superne
358 381 604 421 clauderetur
618 384 661 420 in
678 382 843 421 modum
859 383 1054 422 eiusmodi
1070 385 1303 435 poculorum
1318 396 1487 437 quorum
1503 397 1622 435 oper-

173 441 261 477 cula
281 442 322 477 in
340 439 511 477 formam
529 441 745 478 acutiorem
762 439 968 478 desinunt:
1008 453 1103 477 nam
1122 454 1168 478 ea
1184 441 1261 479 fuit
1282 441 1518 478 ciboriorum
1537 441 1624 478 for-

170 509 250 533 ma.
309 497 377 533 alii
396 509 418 533 a
434 496 548 548 κίβος
565 497 630 534 vel
646 494 814 548 κιβωτός
830 495 1042 544 deducunt,
1062 509 1163 550 quae
1181 510 1296 535 voces
1314 498 1471 535 Graecis
1491 510 1624 534 arcam

172 559 336 600 sonant,
380 559 419 589 et
441 553 497 590 ita
519 553 738 590 Germanus
761 553 952 591 ciborium
980 566 1063 591 non
1091 555 1216 592 semel
1246 561 1374 592 vocat.
1432 559 1472 590 at
1504 554 1625 591 ceteri

171 609 362 661 κιβωρίου
381 621 476 647 voce
498 616 542 647 ut
556 610 772 661 plurimum
786 616 962 647 utuntur.
992 608 1214 648 Chronicon
1229 608 1447 648 Alexandr.
1465 623 1505 661 p.
1520 610 1623 651 892:

172 662 220 704 τὰ
238 661 409 717 κιβώρια
427 663 496 706 καὶ
515 663 614 705 ἄλλα
633 663 817 717 κειμήλια
837 662 1062 717 ἀφείλοντο.
1118 662 1329 720 κιβοῦριον
1357 664 1476 704 habet
1505 667 1626 703 etiam

172 719 440 772 Theophanes
461 735 497 759 a.
517 722 572 763 32
594 723 813 760 Iustiniani.
844 729 1031 774 quattuor
1039 724 1291 775 potissimum
1303 723 1511 770 columnis,
1524 735 1627 774 quae

174 776 225 814 ad
245 790 377 815 sacrae
395 790 556 814 mensae
569 807 579 826 ‚
618 780 679 815 uti
695 784 859 827 vocant,
891 792 1035 817 cornua
1054 780 1321 831 exsurgebant
1343 792 1365 816 a
1386 780 1628 831 pavimento,

172 841 303 871 totum
322 834 458 871 ciborii
478 847 578 885 opus
595 835 829 882 insistebat3
860 836 916 872 ita
933 841 990 882 ut,
1020 836 1152 887 inquit
1170 837 1390 875 Germanus
1405 833 1627 887 patriarcha

173 891 251 938 ΟΡ,
283 888 390 941 quod
406 891 509 926 intra
528 903 620 927 eum
641 891 834 928 ambitum
852 890 1068 929 includitur
1086 905 1243 930 sacrum
1261 893 1434 943 spatium
1454 898 1493 928 et
1518 892 1628 929 cibo-

173 948 231 983 rio
264 943 433 998 desuper
456 946 583 984 veluti
611 947 720 984 caelo
750 948 925 998 operitur
946 954 986 984 et
1006 949 1247 999 contegitur,
1290 946 1392 984 illud
1410 949 1461 985 sit
1479 946 1529 985 de
1548 961 1627 1000 quo

172 1001 365 1054 propheta
390 1001 516 1051 dixit,
557 1011 742 1053 operatus
770 1011 826 1040 est
850 1003 1020 1041 salutem
1046 1006 1090 1041 in
1120 1005 1246 1042 medio
1275 1011 1400 1041 terrae
1418 1004 1527 1041 deus.
1589 1002 1633 1044 οἷ

173 1056 280 1110 ἅγιοι
305 1057 470 1111 πατέρες
501 1057 557 1106 αἷς
582 1054 760 1113 ου’ρανδν
787 1057 860 1112 μὲν
887 1057 932 1101 τό
962 1057 1178 1102 ἐπᾶνωθεν
1205 1063 1277 1113 τῆς
1305 1059 1422 1113 ἆγίας
1437 1058 1630 1113 τραπέζης

172 1111 346 1167 ὄρόφιον
369 1111 664 1169 ἄπαρτίζουσιν,
693 1114 748 1163 οἷς
768 1113 869 1168 ὅλην
889 1113 933 1156 δὲ
951 1119 1028 1170 γῆν
1047 1115 1247 1185 ὁρίζονται
1266 1114 1311 1157 τό
1328 1114 1412 1157 nimi
1428 1112 1631 1170 τεσσάρων

171 1168 320 1212 κιόνων
351 1173 424 1212 τοῦ
454 1171 664 1225 εἰρημένω
689 1173 884 1226 κιβωρίου
905 1176 1209 1226 συγκλειομενον
1238 1169 1268 1224 ἢ
1289 1170 1632 1227 περιγραφόμενον

175 1225 280 1279 ἱερὸν
301 1227 473 1279 ἔδαφος,
513 1227 558 1268 ἐν
588 1222 621 1283 ᾇ
650 1231 872 1282 πληροῦται
897 1228 966 1270 καὶ
992 1228 1018 1270 ὅ
1043 1226 1292 1282 προφητικδς
1319 1226 1435 1281 λόγος
1463 1229 1489 1270 o‘
1508 1228 1633 1282 λέγων

172 1281 404 1338 “εἰργοὶσατο
426 1284 625 1336 σωτηρίαν
646 1284 689 1325 έν
712 1284 816 1339 μέσῳ
837 1287 909 1337 τῆς
932 1288 1008 1338 γῆς
1022 1284 1043 1326 ὁ
1059 1282 1194 1335 θεός.”
1249 1284 1414 1336 pulchre
1438 1292 1571 1323 autem
1595 1291 1635 1322 et

174 1341 378 1391 eleganter
407 1339 644 1379 describitur
673 1341 866 1379 ciborium
895 1341 1145 1393 Sophianum
1177 1355 1199 1380 a
1226 1342 1452 1380 silentiario
1480 1349 1580 1394 part.
1605 1345 1634 1384 2

174 1409 213 1435 v.
236 1400 317 1439 303
334 1409 347 1434 :

391 1451 576 1504 χρυσείης
595 1449 636 1492 δ’
655 1447 866 1505 ἐφύπερθε
883 1449 1180 1506 παναχροῖντοιο
1198 1451 1393 1506 τραπέζης

390 1505 560 1556 ἄσπετος
578 1504 868 1562 εὖρυκέλευθον
888 1508 928 1557 ές
948 1504 1051 1561 ἠέρα
1070 1506 1225 1562 πύργος
1243 1505 1405 1562 ἐνέστη,

391 1561 648 1618 τετραπόροις
666 1563 813 1616 ᾰψῖσιν
830 1560 896 1605 ἐπ’
916 1561 1128 1620 ἆργυρέῃσι
1147 1561 1342 1618 βεβηκώς.

393 1621 501 1661 κίοσι
521 1615 565 1660 δ’
588 1617 840 1674 ἀργυρέοισιν
864 1616 1060 1673 ἀείρεται,
1089 1616 1147 1662 ὧν
1168 1620 1234 1662 ἐπὶ
1253 1617 1404 1674 κόρσης

395 1672 615 1731 ἀργυρέους
633 1677 773 1728 ἵδρυσε
789 1673 919 1725 πόδας
939 1674 1170 1730 τετράζυγος
1191 1676 1305 1728 ἆψίς.

177 1737 362 1784 quattuor
378 1732 502 1784 igitur
522 1733 740 1781 columnis,
779 1734 909 1785 iisque
930 1735 1127 1784 argenteis
1147 1740 1186 1771 et
1204 1733 1432 1785 ingentibus
1444 1760 1455 1781 ‚
1492 1733 1636 1784 quibus

179 1801 232 1826 ex
261 1786 402 1825 eodem
421 1789 584 1826 metallo
606 1795 792 1840 quattuor
812 1790 1085 1827 innitebantur
1101 1803 1237 1839 arcus,
1279 1796 1407 1828 totum
1426 1790 1637 1826 incumbe-

175 1844 399 1882 batciborii
414 1857 528 1894 opus.
587 1856 751 1881 arcuum
767 1851 903 1882 autem
921 1845 1059 1882 ciborii
1077 1858 1158 1882 non
1179 1847 1304 1883 semel
1323 1846 1506 1882 meminit
1525 1847 1638 1882 Ana-
1665 1851 1669 1854 ’

177 1901 333 1938 stasius.
365 1901 409 1937 in
429 1902 564 1938 Leone
585 1912 656 1938 111:
677 1900 783 1951 ficit
803 1908 841 1937 et
859 1902 903 1938 in
921 1902 1091 1938 circuitu
1109 1901 1268 1948 altaris,
1298 1900 1370 1938 abi
1391 1914 1532 1951 supra,
1551 1901 1638 1938 alia

175 1956 268 1994 vela
289 1955 388 1994 alba
402 1956 618 1995 holoserica
635 1964 786 2003 rosata,
815 1969 919 2008 qaae
930 1958 1110 2008 pendent
1125 1959 1169 1995 ιἰι
1184 1971 1284 1995 areu
1302 1957 1351 1995 de
1367 1956 1531 2003 ciborio,
1559 1971 1639 1994 nu-

177 2025 283 2051 mero
306 2019 506 2064 quattuor.
569 2012 619 2050 de
637 2013 835 2051 columnis
860 2027 956 2051 vero
983 2014 1120 2052 ciborii
1149 2015 1347 2065 argenteis
1370 2014 1451 2064 egit
1470 2015 1639 2065 Anony-

177 2080 294 2107 mus:
333 2067 469 2122 ἔστησε
490 2067 533 2110 δὲ
557 2070 699 2119 κίονας
720 2065 970 2122 εὐμεγέθεις,
1011 2066 1159 2119 αὕτοΰς
1185 2067 1532 2123 ἅργυροχρύσους,
1561 2067 1640 2109 σῦν

178 2127 253 2165 τοῦ
272 2126 466 2178 κιβωρίου
484 2125 552 2166 καὶ
573 2129 656 2167 τῶν
674 2127 839 2180 κρίνων.
895 2127 1129 2165 Anastasius
1160 2128 1203 2164 in
1229 2127 1272 2165 S.
1299 2127 1488 2177 Gregorio
1511 2139 1527 2162 1
1547 2127 1637 2163 PP:

178 2181 245 2219 hic
255 2180 363 2231 fecit
380 2183 436 2220 B.
459 2183 579 2221 Petro
606 2182 783 2234 apostolo
810 2180 1003 2221 ciborium
1027 2197 1118 2221 cum
1138 2183 1333 2220 columnis
1353 2184 1436 2220 suis
1453 2189 1640 2233 quattuor

180 2251 228 2276 ex
245 2245 408 2289 argento
427 2252 546 2288 puro.
605 2238 714 2277 idem
734 2240 926 2280 iuLeone
944 2251 1016 2277 111:
1036 2239 1142 2292 ficit
1164 2241 1207 2277 in
1235 2239 1402 2277 basilica
1428 2239 1484 2276 B.
1513 2239 1641 2276 Pauli

179 2294 352 2344 apostoli
379 2294 570 2333 ciborium
600 2309 692 2334 cum
719 2296 914 2334 columnis
932 2298 1017 2334 suis
1038 2298 1162 2334 mirae
1179 2295 1470 2348 magnitudinis
1492 2302 1528 2332 et
1540 2295 1643 2346 pul-

182 2350 437 2397 chritudinis,
465 2351 693 2390 decoratum
709 2365 754 2389 ex
773 2359 936 2404 argento
950 2354 1167 2403 purissimo
1168 2381 1185 2400 ,
1215 2360 1288 2390 etc.
1347 2351 1518 2390 ibidem:
1536 2353 1644 2404 ficit

183 2408 227 2443 in
249 2405 417 2444 basilica
435 2408 492 2445 B.
516 2409 631 2446 Petri
658 2409 828 2459 apostoli
854 2422 975 2460 super
1003 2409 1133 2446 altare
1162 2411 1294 2447 maius
1323 2408 1514 2446 ciborium
1550 2421 1643 2445 cum

182 2462 379 2502 columnis
404 2465 488 2501 suis
518 2472 707 2517 quattuor
735 2478 781 2502 ex
800 2473 969 2517 argento
980 2467 1196 2516 purissimo
1218 2466 1426 2511 deaurato,
1465 2479 1556 2502 eum
1578 2465 1643 2502 da·-

182 2521 306 2556 versis
322 2519 499 2557 historiis
514 2522 640 2559 mirae
658 2522 949 2572 magnitudinis
963 2522 1129 2571 mirzfice
1146 2522 1389 2567 decoratum,
1419 2521 1528 2573 quod
1536 2534 1644 2572 pen-

184 2581 248 2610 8ᾱί
266 2574 391 2613 libra-³
411 2576 536 2618 2704.
595 2578 789 2616 ciborium
805 2580 958 2630 ipsum,
1002 2577 1111 2631 quod
1132 2574 1497 2632 ἆργυροέγκαυστον
1518 2578 1644 2615 fuisse

183 2630 348 2680 perinde
378 2632 510 2684 prodit
530 2631 640 2671 idem
658 2636 917 2686 Anonymus,
959 2634 1180 2673 cuiusmodi
1202 2636 1351 2686 passim
1372 2633 1645 2672 describuntur

185 2686 334 2724 ciboria
351 2688 459 2739 apud
481 2689 652 2728 eundem
674 2689 930 2729 Anastasium
942 2720 954 2740 ‚
984 2693 1027 2729 in
1046 2693 1287 2729 immensum
1302 2691 1429 2729 veluti
1447 2692 1564 2728 turris
1583 2696 1644 2725 at-

186 2742 399 2780 tollebatur
413 2773 422 2791 ,
453 2758 554 2796 quae
573 2749 721 2785 sensim
742 2749 781 2784 in
804 2754 966 2786 acutum
984 2749 1173 2786 verticem
1197 2747 1423 2794 desinebat,
1454 2748 1538 2797 pini
1562 2745 1644 2782 fere

185 2797 383 2849 adinstar,
429 2801 506 2839 uisi
527 2802 635 2853 quod
654 2805 695 2841 iu
718 2805 798 2841 ima
820 2806 881 2842 sui
903 2810 1014 2857 parte
1037 2804 1241 2844 octilatera
1263 2817 1333 2842 seu
1353 2805 1395 2840 in
1414 2809 1500 2840 octo
1522 2802 1646 2839 latera
