1890 3224
715 163 1038 216 PRAEFATTO.
1549 172 1610 216 x'v

151 293 275 342 ‘quam
296 286 454 340 generis
480 282 686 322 nobilitate
701 285 946 335 praestanti,
974 288 1122 321 munus
1136 292 1384 333 acceperam,
1417 281 1502 333 ipse
1517 293 1609 320 vero

151 370 199 395 ex
223 354 418 394 Guilelmi
437 352 576 390 Sirleti
595 351 825 390 Cardinalis
849 351 1023 403 exemplo
1053 348 1352 388 describendum
1381 357 1606 389 curaverat.

151 422 392 462 adscribitur
418 421 594 474 quidem,
634 427 682 458 ut
705 420 879 467 videtur,
922 419 1070 471 Gyrillo
1091 418 1390 466 Alexandrino,
1428 420 1502 470 qui
1518 418 1620 471 suit-

152 491 251 528 olim
271 497 310 527 et
323 489 459 527 adhuc
475 497 532 526 est
549 487 597 526 ob
620 488 790 540 ingenii,
828 488 1106 539 doctrinaeque
1129 493 1383 525 monumenta
1394 486 1612 538 praeclara

153 572 234 597 non
250 558 366 595 modo
393 558 587 595 Graeciae
609 558 745 605 totius,
772 570 911 595 verum
938 552 1123 594 ecclesiae
1148 556 1357 593 universae
1376 554 1614 593 orthodoxae

153 626 302 664 lumen.
362 639 488 677 neque
509 639 640 663 meum
664 639 734 678 ego
752 625 801 662 de
817 624 940 662 huius
962 624 1146 675 opusculi
1160 631 1320 662 auctore
1338 623 1532 661 iudicium
1549 624 1616 660 in-

154 701 332 746 terpono;
370 694 442 732 sed
468 701 570 732 certe
599 695 868 746 cuiuscunque
895 694 964 740 sit,
997 707 1024 730 a
1052 693 1269 731 veterrimis
1289 692 1618 744 gravissimisque

151 761 340 814 patribus
366 769 442 799 aut
466 763 673 801 verborum
699 762 828 813 lepore
854 769 893 800 et
919 761 1120 813 elegantia
1142 766 1233 806 aut,
1267 759 1378 811 quod
1396 767 1520 811 caput
1542 767 1618 806 est,

152 832 227 882 pia
250 830 514 881 religiosaque
538 830 720 868 doctrina
744 829 863 867 nulla
892 843 938 866 ex
955 835 1077 879 parte
1095 827 1253 865 videtur
1273 827 1495 866 abhorrere.
1558 829 1618 866 ita

156 900 262 936 enim
277 899 526 949 praestantis
552 897 665 934 illius
692 897 929 949 divinaeque
945 903 1114 934 naturae
1134 896 1380 933 maiestatem
1398 896 1621 945 infinitam,

155 966 404 1019 singularem
433 967 478 1002 in
507 978 641 1002 omnes
673 966 859 1003 mortales
888 964 1203 1013 beneficentiam,
1243 962 1524 1001 admirabilem
1551 978 1621 1002 sa—

150 1036 366 1086 pientiam,
393 1033 666 1084 potissimum,
695 1047 798 1085 quae
817 1035 860 1070 in
875 1032 992 1070 rebus
1012 1034 1155 1070 creatis
1178 1032 1320 1078 elucet,
1349 1031 1621 1070 incredibilem

158 1105 202 1141 in
227 1101 343 1140 rebus
371 1100 555 1139 omnibus
579 1102 766 1139 maximis
786 1109 822 1139 et
840 1103 1016 1139 minimis
1035 1100 1192 1139 tuendis
1208 1099 1468 1152 regendisque
1479 1102 1625 1151 provi-
1645 1110 1682 1144 P·
1702 1094 1772 1132 XV

158 1171 334 1209 dentiam
354 1177 649 1222 paternamque
663 1171 989 1221 procurationem
1013 1169 1199 1215 ostendit,
1228 1176 1275 1206 ut
1292 1168 1509 1221 legentium
1530 1170 1626 1207 ani—

159 1253 244 1277 mos
266 1238 326 1276 ad
351 1238 416 1275 dei
440 1239 527 1277 veri
543 1240 805 1290 cognitionem
824 1238 1031 1276 traducere
1045 1245 1168 1290 atque
1188 1237 1248 1275 ad
1263 1238 1349 1275 eius
1367 1250 1543 1274 amorem
1560 1238 1628 1275 in·-

147 1308 370 1358 flammare
387 1306 524 1357 facile
542 1307 684 1356 possit.
746 1308 805 1343 ita
833 1320 956 1357 porro
985 1305 1171 1358 singulas
1187 1305 1430 1356 plantarum
1457 1307 1561 1344 vires
1592 1312 1630 1342 et

159 1375 430 1414 animantium
452 1373 680 1426 facultates
710 1375 887 1426 eleganti
917 1376 1187 1427 concinnoque
1211 1388 1330 1412 versu
1354 1374 1630 1425 prosequitur,

162 1451 210 1481 ut
226 1457 307 1481 non
326 1441 441 1480 modo
471 1440 732 1491 Theophrasti
747 1442 870 1481 libros
889 1450 928 1480 et
941 1442 1192 1489 Aristotelis,
1224 1455 1364 1480 verum
1382 1443 1503 1480 etiam
1524 1441 1631 1479 Dio-

162 1512 268 1563 nysii
282 1509 558 1560 Areopagitae
579 1521 630 1545 ac
655 1508 900 1562 reliquorum
924 1518 1093 1561 patrum
1111 1511 1262 1560 scripta
1279 1509 1328 1547 de
1343 1509 1408 1547 dei
1423 1510 1633 1561 aug-ustis-

162 1581 266 1618 sima
283 1584 433 1616 natura
461 1577 683 1628 Christique
708 1577 930 1615 liberatoris
949 1579 1076 1615 nostri
1093 1578 1290 1629 mysteriis
1310 1578 1354 1614 in
1364 1590 1508 1629 pauca
1531 1591 1632 1629 quo-

163 1648 260 1686 dam
284 1646 399 1684 modo
430 1646 610 1697 conserat
634 1652 674 1682 et
698 1645 772 1683 sub
800 1659 879 1684 uno
902 1659 1032 1698 prope
1053 1653 1188 1697 ponat
1215 1652 1392 1698 aspectu,
1452 1643 1555 1683 haec
1579 1657 1634 1685 ex

163 1715 354 1754 Brunello
373 1714 489 1751 nobis
512 1703 850 1765 placuit-referre,
890 1727 983 1752 cum
1005 1715 1099 1767 quia
1119 1715 1214 1753 satis
1236 1715 1344 1752 belle
1365 1727 1413 1752 ea
1433 1714 1569 1751 omnia
1586 1714 1631 1752 in

110 1826 114 1834 Ι
164 1785 446 1820 Ηεκαόῐηεῐοῐι
454 1779 613 1818 Pisidae
636 1779 742 1818 dicta
762 1789 866 1830 sunt,
885 1787 974 1819 tum
989 1782 1110 1819 etiam
1127 1783 1222 1833 quia
1240 1781 1292 1818 ad
1301 1781 1483 1819 Pisidam
1496 1782 1632 1833 ipsum

168 1854 349 1902 'spectant
373 1846 515 1886 laudes
542 1849 587 1886 in
615 1854 818 1886 auctorem
845 1849 976 1899 operis
1003 1855 1230 1899 congestae.
1286 1861 1383 1885 nam
1398 1847 1507 1901 quod
1526 1850 1633 1887 Bru-

167 1918 299 1956 nellus
319 1915 368 1954 de
387 1917 557 1967 Georgio
575 1923 710 1954 nostro
729 1929 781 1953 ne
798 1917 1010 1953 minimam
1027 1914 1194 1968 quidem
1208 1916 1420 1967 ingesserit
1433 1917 1632 1968 suspicio-

167 1999 285 2034 nem,
321 1982 366 2022 id
390 1984 511 2035 plane
534 1984 687 2022 factum
709 1990 769 2022 est
787 1997 835 2022 eo
864 1985 958 2037 quia
976 1983 1235 2022 Morellianae
1254 1982 1441 2022 editionis
1459 1982 1630 2040 nullam,

169 2061 216 2093 ut
232 2051 414 2101 videtur,
457 2049 599 2089 habuit
616 2051 821 2101 notitiam,
860 2052 947 2103 ipse
972 2058 1108 2090 autem
1133 2053 1178 2090 in
1206 2051 1387 2090 codicem
1402 2051 1543 2090 incidit
1561 2052 1634 2105 qui

168 2123 318 2160 falsum
344 2120 594 2173 praeferebat
621 2119 762 2173 Cyrilli
789 2119 978 2170 titulum,
1018 2126 1064 2158 ut
1092 2121 1267 2172 apertius
1299 2118 1634 2160 demonstrabitur

172 2203 266 2229 cum
301 2187 351 2227 de
377 2188 578 2240 codicibus
606 2201 727 2240 opera
750 2187 910 2227 Pisidae
937 2189 1230 2227 continentibus
1264 2201 1443 2240 agemus.
1501 2201 1636 2242 neque

173 2260 283 2298 enim
304 2254 555 2296 excusandus
570 2254 742 2295 Allatius
754 2286 766 2306 ,
807 2259 878 2310 qui
905 2256 1050 2296 eodem
1064 2258 1108 2295 in
1126 2258 1216 2295 loco
1236 2255 1454 2295 editionem
1471 2259 1639 2298 Hexae-

173 2327 277 2365 meri
303 2339 327 2364 a
349 2325 539 2363 Bnmello
567 2331 821 2376 procuratam
844 2327 996 2364 Romae
1022 2326 1159 2364 statuit
1179 2338 1265 2363 esse
1284 2327 1523 2364 anteriorem
1548 2325 1639 2365 edi-

174 2396 276 2434 tioni
301 2407 374 2447 per
391 2393 620 2432 Morellium
646 2393 795 2430 factam
813 2394 975 2432 Parisiis
986 2423 998 2443 ,
1040 2400 1080 2432 et
1098 2400 1232 2431 tamen
1248 2393 1396 2431 fatetur
1415 2396 1640 2433 Romanam

177 2472 264 2501 esse
286 2463 381 2500 anni
403 2461 511 2504 1590
539 2467 579 2499 et
599 2461 867 2499 Parisiensem
887 2464 982 2499 anni
1000 2460 1124 2506 1584.
1182 2460 1254 2500 sed
1274 2460 1323 2499 de
1343 2460 1421 2500 hac
1440 2463 1528 2515 ipsa
1550 2460 1641 2502 edi-

178 2530 286 2567 tione
302 2530 530 2579 Parisiensi,
561 2542 684 2582 quam
698 2530 870 2568 Allatius
889 2543 994 2569 anno
1015 2529 1135 2579 1584,
1155 2530 1360 2567 Fabricius
1377 2537 1513 2569 autem
1530 2529 1642 2573 1585

181 2599 409 2649 consignat,
447 2611 500 2635 ne
528 2597 627 2650 quid
657 2599 840 2635 omittam
871 2591 980 2651 quod
1003 2597 1171 2636 dubium
1198 2609 1330 2635 creare
1349 2599 1500 2649 possit,
1538 2595 1644 2635 illud

183 2666 303 2702 etiam
319 2665 511 2715 monebo,
548 2679 614 2704 me
632 2665 710 2705 duo
726 2665 876 2705 vidisse
898 2667 1143 2719 exemplaria
1159 2666 1203 2703 in
1221 2664 1464 2704 bibliotheca
1482 2665 1641 2705 Vatica-

182 2745 258 2781 na,
299 2745 469 2785 quorum
491 2744 619 2773 unum
644 2736 820 2788 praefert
846 2748 996 2773 annum
1023 2733 1152 2783 1584,
1192 2734 1363 2772 alterum
1394 2732 1530 2781 1585,
1569 2728 1642 2769 sed
1691 2746 1697 2752 ·

183 2800 296 2838 nulla
321 2801 426 2839 inter
446 2808 660 2856 utrumque
684 2805 752 2843 vel
778 2805 946 2842 minima
975 2810 1036 2842 est
1064 2802 1302 2841 differentia.
1356 2815 1440 2840 non
1454 2813 1549 2839 sane
1566 2811 1642 2851 par
