1890 3224
376 174 453 219 DE
485 173 666 220 REBUS
692 172 840 218 POST
866 169 1188 216 MAURJGIUM
1215 169 1424 217 GESTIS.
1559 170 1623 216 75

170 290 237 333 καὶ
254 289 358 348 πρὸς
372 294 438 348 τῷ·
451 288 595 347 Ἴστρῳ
611 286 812 345 γενόμενοι
831 290 1002 345 ποταμῷ
1012 283 1154 343 χώρας
1171 303 1215 330 τε
1238 283 1486 343 Βουλγάρων
1505 284 1620 341 ε’πίμ-
1642 287 1673 322 Β

169 376 332 417 πρασαν
353 360 420 401 καὶ
441 357 722 413 δορυαλώτους
740 357 812 400 οὔκ
834 356 992 412 ὀλίγους
1013 353 1056 398 εἷ

1050 360 1145 398 λον·
1179 354 1302 406 αὐτὸς
1320 356 1365 397 δὲ
1383 354 1495 412 μάχῃ
1519 372 1625 410 συμ-

168 430 290 482 μίξας
310 427 446 478 αὐτοῖς
464 427 570 470 κατὰ
591 427 665 476 τὰς
686 425 898 482 λεγομένας
918 425 1171 482 Μαρκέλλας
1203 422 1419 482 (φρούριον
1437 425 1483 466 δὲ
1504 429 1624 467 τοῦτο

169 498 438 551 πλησιαίτατα
458 493 708 552 Βουλγάρων
738 495 933 550 κείμενον)
963 495 1023 544 εἷς
1053 494 1186 551 φυγὴν
1214 494 1412 550 ἐτρέψατο
1435 495 1501 535 καὶ
1524 498 1626 535 πολ-

135 574 158 609 5
171 565 272 615 λοῦς
304 564 436 607 αὐτῶν
462 563 640 607 ἔκτεινεν.
708 564 895 607 ἐντεῦθεν
925 564 1062 606 ε’κεῖνοι
1090 562 1137 606 τὸ
1164 556 1285 616 ἧττον
1318 559 1628 618 ἅπενεγκάμενοι

169 635 258 690 περὶ
288 631 448 689 εἷρήιής
477 630 827 691 διεπρεσβεύοντο,
874 633 918 675 ἐκ
945 636 1026 675 τῶν
1058 632 1212 674 οἰκείων
1242 635 1415 674 τοκετῶν
1448 628 1627 689 ὁμήρους

168 701 394 759 προέμενοι.

294 769 382 812 ’Ἐτι
399 769 501 825 πρὸς
519 766 677 819 τούτοις
697 767 791 811 ovidi
811 768 934 811 ε’κεΐνο
954 772 1026 810 νῦν
1045 768 1327 825 παραδραμεῖν
1344 766 1469 818 ἄξιον.
1540 765 1629 824 ὥρα

170 836 350 892 ἐνέστηκε
371 836 649 895 φθινοπώρου,
671 839 739 880 καὶ
762 839 804 880 ε’ν
821 838 924 894 αὐτῇ
939 837 1141 892 χειμέριον
1159 838 1307 893 γίνεται
1320 836 1370 880 τὸ
1387 835 1629 892 κατάστημα

116 913 160 948 10
171 908 239 950 καὶ
267 911 326 964 τῷ
356 905 440 949 ὄντι
468 906 638 964 κρυερὸν
658 908 726 949 καὶ
749 904 1016 963 δριμύτατον,
1051 903 1107 955 ὥς
1125 906 1239 960 ξένην
1258 905 1348 948 τινὰ
1366 908 1433 948 καὶ
1455 908 1629 958 ἐξαίσιον

169 981 255 1025 τοῖς
273 979 490 1030 τηνικαῦτα
510 972 657 1031 ὁρῶσιν
688 975 923 1017 ἀποτελέσαι
951 978 1024 1028 τῆς
1047 972 1178 1031 ὑγρᾶς
1198 974 1337 1025 οὐσίας
1364 975 1408 1016 ἐκ
1435 980 1510 1029 τῆς
1537 975 1628 1031 περὶ

171 1043 298 1098 αὐτὴν
327 1042 542 1097 συμβάσης
571 1041 726 1098 πήξεως
755 1042 828 1097 τὴν
854 1043 982 1094 θέαν,
1026 1042 1099 1084 οὐκ
1126 1044 1169 1084 ἐν
1198 1050 1284 1093 τοῖς
1303 1043 1486 1098 γλυκέσιν
1507 1042 1630 1086 ὕδασι
1652 1044 1684 1079 C

169 1109 317 1166 μόνον,
353 1111 458 1153 ἀλλὰ
480 1111 526 1153 τὸ
549 1111 600 1166 δὴ
617 1109 966 1167 παραδοξότερον,
1000 1112 1070 1153 καὶ
1093 1110 1197 1153 κατὰ
1217 1115 1291 1165 τῆς
1309 1108 1495 1168 ἆλμυρᾶς
1516 1114 1631 1166 ῗσχῦ-

171 1197 250 1223 σαν
265 1178 498 1235 ποιότητος,
535 1181 602 1221 καὶ
630 1180 672 1221 ἕν
700 1178 838 1229 ἄλλοις
866 1179 941 1232 μὲν
970 1180 1170 1228 πλείστοις
1190 1185 1275 1228 τοῖς
1299 1179 1376 1220 ἀνὰ
1399 1180 1473 1234 τὴν
1498 1183 1633 1222 οἰκου-

118 1250 162 1288 15
172 1249 297 1303 με’νην
316 1246 475 1299 τόποις,
519 1248 595 1301 οὐχ
616 1245 762 1301 ἣκιστα
791 1247 835 1288 δὲ
864 1245 917 1289 τά
944 1263 986 1289 τε
1011 1244 1254 1302 ὖπερβόρεια
1283 1248 1350 1289 καὶ
1380 1248 1631 1305 προσάρκτια

172 1319 408 1372 καταπῆξαν
423 1314 643 1358 δεινότατα.
672 1317 735 1358 ἐπὶ
747 1319 916 1357 τοσοῦτο
939 1316 982 1357 δὲ
1001 1319 1294 1358 κατεπυκνοῦτο
1315 1317 1381 1357 καὶ
1402 1315 1633 1372 διεπήγνυεν

174 1384 277 1428 ὥστε
304 1385 378 1437 τὴν
407 1383 670 1442 ὕπερπόντιον
690 1388 764 1426 τοῦ
788 1384 978 1435 Εὐξείνου
1008 1381 1228 1426 θάλασσαν
1254 1384 1317 1425 ἐπὶ
1340 1387 1519 1439 σημείοις
1538 1384 1633 1427 ἕκα-

172 1452 243 1496 τόν
272 1470 350 1495 που
380 1453 825 1511 ἀποκρυσταλλωθῆναι
854 1452 958 1494 κατὰ
990 1452 1036 1494 τὸ
1069 1452 1265 1508 πέλαγος,
1327 1451 1411 1495 εἶτα
1443 1456 1510 1496 καὶ
1539 1454 1635 1504 τοὺς

173 1520 478 1579 ὖπερκειμένους
494 1523 706 1577 μεγίστους
725 1520 786 1563 ὅτι
808 1519 987 1575 μάλιστα
1004 1522 1072 1563 καὶ
1092 1523 1303 1572 πλείστους
1319 1527 1532 1576 ποταμῶν,
1567 1524 1635 1564 καὶ

120 1589 234 1633 Ξοὲτι
253 1595 325 1632 τοῦ
346 1592 408 1632 ε’πὶ
426 1591 707 1645 Μεσημβρίαν
728 1591 795 1631 καὶ
816 1588 1011 1644 Μήδειαν
1031 1587 1149 1630 πόλιν
1169 1589 1396 1646 ἀρχομένην
1412 1589 1636 1648 παράκτιον

173 1664 309 1716 χῶρον
335 1663 394 1716 τῷ
413 1657 529 1714 πάγει
549 1662 986 1713 συναποπετρωθῆναι,
1022 1658 1089 1699 διὰ
1109 1656 1274 1710 βάθους
1293 1658 1542 1715 χωρησάσης
1563 1664 1635 1714 τῆς
1656 1663 1688 1698 D

174 1725 365 1782 τοιαύτης
382 1726 537 1781 πήξεως
557 1725 652 1783 ι’ίχρι
670 1727 737 1767 καὶ
759 1727 815 1776 εἷς
831 1724 1048 1782 τριάκοντα
1067 1724 1231 1779 πήχεις,
1265 1726 1329 1768 ἐπὶ
1347 1726 1506 1777 τούτοις
1524 1726 1638 1784 ἀφά-

175 1813 249 1852 του
271 1795 591 1852 καταρραγείσης
613 1792 759 1849 χιόνος.
777 1796 833 1845 εἰς
858 1793 970 1849 ὕψος
990 1796 1211 1850 διαρθῆναι
1232 1794 1279 1837 τὸ
1300 1793 1424 1852 κρύος
1440 1793 1636 1853 ὖπερανε-

266 1938 291 1973 7
312 1933 550 1981 προΐὲμενοιΐ
734 1934 778 1969 16
794 1931 1025 1970 κατεπύκνου
1042 1933 1112 1970 vs?
1270 1936 1318 1972 20
1337 1931 1435 1970 tor?
1457 1939 1495 1970 et
1512 1939 1638 1982 postea.

268 1979 495 2028 ἔρχόμενονῗ
629 1980 675 2016 21
697 1978 846 2028 βάθους
861 1992 901 2016 τε
921 1981 1040 2027 χωρ’.)

178 2107 266 2143 mari
286 2107 457 2153 navigans
479 2107 524 2142 ad
541 2106 668 2142 Istrum
692 2106 874 2161 applicuit.
901 2106 986 2142 iude
1004 2105 1235 2152 Bulgarorum
1258 2117 1363 2151 agros
1385 2104 1550 2140 incendio
1572 2117 1639 2140 va-

179 2160 288 2198 stare,
311 2154 509 2189 innumeros
532 2154 570 2187 in
594 2153 832 2198 captivitatem
856 2154 1043 2188 abducere.
1066 2153 1259 2199 imperator
1275 2154 1355 2198 ipse
1373 2152 1418 2186 ad
1440 2151 1638 2196 Marcellus,

179 2201 278 2244 quod
297 2200 472 2234 castellum
490 2211 601 2245 prope
618 2199 846 2245 Bulgarorum
863 2200 952 2234 fines
974 2199 1125 2246 positum
1147 2206 1214 2243 est,
1236 2199 1313 2233 acie
1330 2209 1538 2243 congressus
1556 2200 1640 2233 bar-

180 2247 287 2280 baros
307 2246 344 2279 in
365 2246 700 2292 fugam-convertit,
723 2258 766 2280 ac
787 2248 879 2281 bene
902 2246 1026 2280 multos
1047 2245 1229 2280 interficit.
1277 2245 1332 2279 his
1357 2244 1511 2278 cladibus
1535 2255 1640 2279 acoe-

181 2291 253 2339 ptis
276 2292 419 2336 Bulgari
442 2293 487 2327 de
509 2303 598 2336 pace
618 2292 752 2336 legatos
770 2293 912 2327 mittunt
933 2292 1144 2337 obsidesque
1162 2293 1292 2327 liberos
1311 2292 1467 2325 tradunt.

274 2339 348 2373 Sed
372 2349 487 2382 neque
508 2337 592 2371 illud
614 2339 707 2382 quod
730 2340 852 2374 eodem
872 2344 1031 2384 tempore
1047 2338 1197 2383 contigit
1212 2337 1558 2383 praetermittendum
1574 2339 1641 2371 est.

180 2383 324 2419 ineunte
351 2390 515 2418 autumno
545 2383 703 2418 immanis
734 2385 845 2419 hiems
875 2390 912 2420 et
935 2385 1106 2420 acerrima
1136 2385 1192 2419 vis
1224 2383 1366 2427 frigoris
1389 2383 1476 2424 fuit3
1506 2394 1550 2416 ex
1574 2393 1643 2427 quo

181 2442 274 2475 aqna
290 2430 407 2464 omnis
434 2430 471 2464 in
491 2429 638 2474 glaciem
666 2431 793 2465 durata
812 2436 850 2465 et
871 2431 1042 2466 adstricta
1064 2430 1300 2465 contuentium
1327 2429 1444 2463 oculos
1468 2428 1643 2463 horrendo

183 2483 289 2521 atque
311 2476 479 2511 inusitato
498 2475 697 2521 spectaculo
721 2477 925 2521 perterruit.
972 2489 1088 2523 neque
1122 2477 1189 2511 hoc
1220 2476 1257 2510 in
1289 2475 1447 2510 dulcibus
1474 2475 1644 2509 duntaxat

182 2522 303 2568 aquis,
336 2524 399 2557 sed
442 2522 511 2556 uod
533 2521 771 2556 admirabilius
794 2528 870 2566 est,
898 2523 1003 2557 etiam
1026 2523 1063 2557 in
1082 2523 1184 2558 salsis
1208 2534 1250 2557 ac
1271 2521 1359 2555 mari
1378 2520 1457 2567 ipso
1481 2519 1642 2565 contigit.

182 2580 225 2602 ac
247 2579 323 2602 cum
345 2568 383 2602 in
406 2535 484 2603 οἳίἰε
508 2568 603 2602 orbis
625 2573 798 2602 terrarum
821 2568 957 2615 plagis,
982 2574 1054 2603 tum
1076 2569 1114 2604 in
1135 2569 1180 2603 iis
1203 2580 1293 2613 quae
1317 2569 1362 2602 ad
1385 2566 1643 2613 septentriones

181 2614 322 2657 iacent,
354 2614 545 2659 asperrimo
575 2614 656 2659 gelu
687 2613 802 2648 omnia
821 2621 987 2650 concreta
1008 2622 1103 2650 sunt.
1151 2626 1220 2660 quo
1243 2616 1332 2649 adeo
1357 2613 1583 2648 constrictum
1606 2616 1642 2645 et

182 2660 380 2694 induratum
401 2672 496 2695 mare
519 2666 584 2705 est,
609 2666 648 2695 ut
672 2661 716 2695 ad
739 2666 875 2695 centum
897 2662 975 2696 fere
997 2662 1092 2696 milia
1114 2660 1289 2695 Euxinum
1309 2659 1453 2706 pelagus
1477 2659 1642 2703 obrigue-

182 2706 244 2741 rit.
294 2707 416 2740 eadem
438 2707 477 2740 vi
498 2707 700 2751 superiores
722 2718 839 2741 amnes
857 2719 900 2742 ac
918 2708 1057 2742 maximi
1080 2706 1215 2742 meliori
1239 2719 1284 2741 ex
1303 2712 1405 2752 parte
1423 2705 1645 2744 coaluerunt5

183 2758 257 2787 tum
274 2752 445 2787 maritima
467 2753 579 2787 omnis
604 2765 678 2797 ora,
703 2764 771 2798 qua
790 2753 1035 2789 mesembriam
1054 2758 1092 2788 et
1107 2753 1271 2787 Medeam
1291 2754 1399 2788 urbes
1424 2751 1533 2793 alluit,
1558 2750 1642 2784 sub-

185 2802 292 2832 eunte
314 2798 352 2833 in
370 2799 579 2844 profundum
603 2799 696 2845 gelu,
725 2800 771 2834 ud
787 2799 934 2845 triginta
951 2811 1062 2846 usque
1082 2799 1219 2834 cubitos
1241 2799 1279 2834 in
1300 2798 1411 2834 silicis
1433 2796 1645 2832 soliditatem

182 2843 355 2881 induruit.
401 2846 446 2880 ad
464 2845 552 2880 haec
571 2850 776 2892 erumpente
794 2845 926 2881 nivium
945 2845 1145 2882 incredibili
1164 2845 1279 2892 copia,
1301 2845 1341 2881 in
1362 2844 1467 2880 altum
1491 2853 1646 2888 exagge-
