1890 3224
369 191 596 245 QUERCH
628 193 703 235 DE
728 193 911 237 BELLO
939 193 1099 237 AVAR.
1126 193 1410 237 MONITUM.
1518 194 1608 239 121

166 301 339 341 tendisse
360 301 518 340 videtur
537 302 589 340 ad
610 301 712 341 illud
735 303 895 341 Psalmi
914 305 992 346 113
1020 302 1094 345 15:
1123 317 1267 342 manus·
1285 303 1450 349 habent,
1479 311 1516 340 et
1530 316 1610 340 non

160 359 408 410 palpabun&
440 359 564 410 pedes
581 359 746 405 habent.
796 367 834 397 et
860 374 939 398 non
959 359 1226 398 ambalabunt
1248 388 1318 406 ...‚
1359 360 1508 398 similes·
1528 359 1612 396 illis

154 414 285 465 sumt,
315 417 386 468 qui
395 416 567 467 faciunt
583 430 648 462 ea,
688 424 726 453 et
745 430 878 454 omnes
896 418 968 468 qui
986 417 1192 465 confidunt
1209 418 1252 454 in
1271 419 1343 464 εὶς,-
1373 418 1487 469 quasi
1508 415 1612 454 dicat

164 475 305 511 Persas
324 474 474 511 similes
492 486 627 511 revera
649 486 734 511 esse
752 473 875 510 factos
895 472 1028 522 idolis,
1059 486 1161 526 quae
1184 474 1303 511 stulte
1323 472 1556 511 adorabant.

276 530 373 571 455.
431 536 535 567 recte
552 528 746 567 invidiam
761 536 805 567 ut
820 539 1042 567 monstrum
1061 543 1083 567 a
1102 536 1243 567 natura
1260 528 1437 567 humana
1454 542 1612 581 prorsus

165 587 342 624 alienum
360 584 558 624 describit.
598 584 819 623 humanum
843 593 903 623 est
921 588 1031 623 enim
1052 586 1129 624 sibi
1147 587 1314 639 aliisque
1334 586 1437 624 bona
1454 584 1613 623 deside-

165 655 273 690 rare3
305 641 433 680 invidi
452 649 512 680 est
528 644 726 694 prosperis
749 643 916 680 aliorum
937 643 1054 680 rebus
1070 649 1224 680 tantum
1243 644 1432 695 torqueri.
1461 643 1609 680 Horat.

163 700 293 750 Epist.
326 701 348 740 1
378 701 406 739 2
434 699 503 740 57·

275 754 372 796 450.
428 753 578 801 Pisida,
597 756 639 792 ni
655 755 786 803 fallor,
814 754 1010 806 praevidit
1032 753 1296 793 dissensiones
1317 761 1356 792 et
1375 753 1466 792 odia
1486 755 1615 792 susci-

163 818 291 848 tatmn
307 811 358 847 iri
376 811 479 847 inter
496 809 598 847 filios
611 839 621 857 ,
660 824 760 862 quos
782 813 988 849 Heraclius
1017 825 1068 849 ex
1091 811 1266 849 Eudocia
1289 813 1463 862 primum
1485 818 1524 848 et
1543 809 1615 848 de-

164 867 258 904 inde
278 880 332 905 ex
347 867 517 903 Martina
532 867 722 916 Augustis
742 875 979 917 susceperat.

276 924 374 966 452.
439 921 580 973 Odyss.
608 923 659 963 12
686 921 783 964 256.

275 979 372 1022 453.
421 979 606 1029 ιΙιεςιιιτειιι
622 976 846 1030 περιτρέχει.

275 1034 373 1076 458.
429 1041 538 1086 patet
547 1035 774 1072 Heraclium
792 1032 955 1071 dissidia
970 1034 1074 1072 inter
1089 1033 1191 1072 filios
1206 1034 1353 1072 oritura
1371 1037 1613 1087 cognovisse,

164 1099 204 1130 et
243 1099 437 1145 quantum
469 1093 555 1142 ipse
599 1091 727 1142 potuit
763 1089 962 1129 studuisse
1002 1097 1047 1128 ut
1090 1103 1229 1129 eorum
1258 1092 1414 1130 animos
1451 1093 1616 1129 fraterni

164 1150 309 1187 amoris
327 1148 484 1186 vinculo
509 1146 738 1186 devinciret.
796 1146 867 1185 sed
883 1145 1034 1185 invidia
1053 1154 1092 1184 et
1114 1146 1308 1197 regnandi
1326 1149 1488 1186 ambitio
1500 1178 1510 1196 ,
1540 1161 1616 1200 pa·—

162 1212 274 1243 terna
291 1206 444 1243 monita
466 1216 520 1242 ex
536 1205 670 1242 animo
688 1210 872 1242 natorum
892 1216 1015 1256 quam
1035 1205 1222 1242 citissime
1241 1202 1401 1254 delevit,
1422 1211 1467 1242 ut
1488 1204 1615 1243 histo-

163 1262 232 1299 rici
249 1268 456 1299 testantur.

274 1318 371 1358 460.
430 1312 660 1352 emendator
677 1314 745 1351 hic
764 1317 909 1351 iterum
928 1313 1073 1364 prodit,
1104 1321 1222 1365 atque
1240 1316 1282 1350 in
1297 1314 1374 1352 hoc
1390 1317 1523 1354 iambo
1543 1329 1615 1367 pro

163 1368 329 1425 μνήμην
346 1372 494 1441 διαρκῆ
505 1371 643 1422 reponi
654 1371 774 1410 vellet
789 1372 865 1411 σοῦ
882 1371 934 1426 τῇ
954 1371 1129 1425 φυλακῇ,
1149 1376 1189 1406 et
1202 1371 1244 1407 in
1254 1372 1435 1422 sequenti
1442 1387 1490 1411 τα
1481 1369 1618 1412 ’πταί-

164 1442 291 1478 σματα
315 1441 386 1479 pro
415 1443 464 1468 τα
492 1423 716 1480 πράγματα.
771 1433 957 1464 neutrum
977 1439 1031 1463 ex
1046 1425 1156 1464 hisce
1174 1426 1410 1465 lectionibus
1430 1428 1616 1479 probavi-

162 1497 275 1534 mus;
315 1485 473 1535 gravior
502 1485 632 1531 enim,
676 1490 721 1520 ut
748 1483 862 1521 nobis
889 1481 1054 1535 quidem
1082 1481 1311 1531 videbatur,
1342 1490 1402 1522 est
1423 1485 1617 1522 sententia

164 1554 284 1594 quam
308 1547 440 1578 textus
457 1538 636 1577 exhibet.

404 1683 514 1732 DE
583 1682 879 1733 BELLO
950 1682 1367 1734 AVARICO

675 1776 1104 1814 ΜοΝιΤυΜ.

274 1875 414 1912 Plures
450 1886 497 1911 ac
524 1876 654 1912 varias
684 1875 858 1927 antiquis
894 1875 1137 1926 temporibus
1166 1873 1411 1912 diversarum
1437 1875 1614 1924 gentium

163 1932 417 1983 migrationes
437 1943 523 1969 esse
538 1931 676 1980 factas,
706 1938 824 1983 atque
843 1944 897 1969 ex
914 1931 1189 1969 remotioribus
1210 1930 1499 1982 septemtrionis
1520 1943 1614 1981 par-

162 1989 268 2026 tibus
286 1988 454 2039 populos
475 1986 647 2027 efferatis
667 1989 844 2026 moribus
862 1988 1059 2039 profectos
1074 1989 1119 2024 in
1138 1986 1417 2025 meridionales
1431 1987 1615 2036 regiones

162 2046 378 2096 inrupisse,
416 2045 568 2095 passim
596 2043 740 2082 docent
761 2043 969 2094 historiae,
1008 2044 1152 2096 quibus
1173 2042 1294 2082 fidem
1312 2043 1408 2081 facit
1427 2042 1570 2081 Strabo
1588 2041 1615 2082 5

158 2116 204 2152 p.
228 2102 309 2142 213
337 2107 377 2138 et
405 2100 641 2140 Ammianus
667 2102 922 2139 Marcellinus
949 2103 1001 2142 31
1035 2101 1076 2142 5.
1141 2113 1281 2141 verum
1309 2099 1412 2136 nulli
1443 2099 1616 2136 crebrius

163 2170 285 2210 quam
307 2155 502 2209 Scythae,
544 2159 615 2210 qui
642 2165 681 2196 et
710 2158 914 2196 Sarmatae
941 2164 980 2195 et
1006 2158 1261 2195 Sauromatae
1289 2153 1493 2208 quondam
1521 2152 1617 2192 dicti

164 2221 256 2252 sunt
269 2243 281 2262 ,
321 2215 465 2251 nativis
495 2213 656 2252 sedibus
682 2215 830 2252 relictis
859 2215 1114 2265 emigrarunt.
1184 2213 1469 2265 antiquissimis
1497 2211 1617 2262 plane
1665 2229 1670 2239 ι

163 2270 407 2321 temporibus
426 2268 665 2322 Scytharum
681 2284 794 2322 reges
812 2272 956 2310 virtute
977 2277 1016 2308 et
1034 2270 1131 2308 belli
1146 2270 1295 2307 artibus
1312 2269 1489 2319 insignes
1509 2266 1617 2304 mul-

163 2326 251 2364 tam*
268 2327 372 2364 ultra
389 2327 562 2364 Tanaim
584 2327 750 2365 fluvium
774 2329 978 2379 regionem
1007 2326 1060 2365 ad
1079 2324 1297 2364 Thraciam
1323 2337 1450 2377 usque
1477 2323 1617 2361 subiu-

164 2396 278 2434 gasse
295 2383 407 2420 testis
427 2389 486 2421 est
503 2381 700 2421 Diodorus
719 2384 800 2422 Sic.
821 2387 849 2426 2
863 2398 911 2434 p.
935 2386 1004 2425 90.
1061 2381 1134 2421 sed
1156 2383 1284 2420 multo
1307 2382 1435 2447 magis
1454 2380 1617 2431 sequio-

164 2440 272 2477 ribus
289 2439 457 2477 saeculis
476 2439 696 2477 inclaruere
713 2439 820 2491 apud
836 2453 909 2478 nos
925 2438 1112 2491 Scythae,
1131 2441 1201 2492 qui
1217 2438 1290 2477 sub
1309 2439 1420 2476 vario
1436 2437 1618 2487 gentium

163 2497 324 2534 nomine
343 2502 471 2534 totum
488 2496 568 2533 late
590 2496 728 2534 orbem
746 2503 940 2537 terrarum
956 2502 1209 2548 occuparunt.
1267 2507 1406 2533 omnes
1427 2494 1535 2531 enim
1555 2491 1618 2529 ini

162 2552 323 2603 populi,
359 2564 460 2605 quos
478 2553 564 2590 iure
585 2559 624 2590 et
640 2554 781 2591 merito
801 2553 987 2591 barbaros
1008 2553 1210 2604 appellare
1229 2551 1426 2598 solemus,
1466 2550 1617 2601 quique

165 2606 320 2646 cladem
348 2616 388 2646 et
413 2622 555 2647 necem
571 2611 755 2661 Europae
773 2611 981 2647 universae
1007 2610 1223 2647 inferentes
1240 2609 1465 2645 Romanum
1482 2607 1615 2655 impe·

164 2665 270 2701 rium
284 2666 442 2716 penitus
463 2672 698 2714 everterunt,
728 2680 750 2703 e
768 2664 956 2718 Scythiae
975 2665 1119 2704 finibus
1136 2664 1367 2716 prosiluere.
1395 2660 1490 2701 inde
1506 2662 1614 2698 enim

163 2720 283 2758 Alani
303 2727 342 2758 et
350 2720 520 2761 Vandali
539 2729 578 2760 et
587 2696 764 2774 Gepi’dae
785 2729 824 2760 et
840 2720 960 2761 Gothi
978 2729 1018 2760 et
1039 2723 1172 2761 Sclavi
1190 2727 1230 2759 et
1245 2720 1408 2771 Bulgari
1425 2725 1464 2756 et
1479 2716 1616 2754 Hunni

166 2782 206 2813 et
219 2777 369 2816 Abares
395 2784 435 2815 et
451 2779 606 2817 Turcae
634 2780 815 2832 aliaeque
842 2786 973 2845 pestes
1008 2784 1282 2829 erumpentes,
1329 2775 1428 2814 caeli
1446 2772 1615 2811 mitioris

164 2831 408 2883 benignitate
437 2834 580 2884 illecti,
625 2837 800 2887 primum
829 2836 979 2874 vicinas
1006 2837 1208 2885 regiones,
1250 2846 1296 2871 ac
1324 2829 1467 2870 deinde
1493 2829 1615 2866 etiam
