1890 3224
387 170 462 213 DE
495 165 881 212 EXPEDITIONE
913 166 1142 213 PERSICA
1174 165 1293 210 ARC.
1327 166 1402 209 ΙΠ.
1553 166 1615 211 37

378 283 474 333 τοὺς
497 281 594 332 σοὺς
617 281 806 339 ἀρίστους
813 313 827 334 ,
861 282 930 324 καὶ
950 280 1052 339 παρ’
1074 281 1238 332 ἐλπίδας
1253 279 1341 324 τότε

378 349 668 409 ἀπροσδοκήτῳ
690 351 978 408 προσραγέντες
1000 348 1188 393 συντάσει

377 419 429 461 τὰ
450 424 558 462 νῶτα
575 426 660 469 τοῖς
678 426 766 469 σοΐς
785 419 955 468 οἰκέταις
977 419 1242 476 ἀπέστρεφον.

257 490 341 530 220
435 482 488 529 ³9
513 492 607 537 νοῦς
629 487 798 544 διαρκὴς
815 489 882 529 καὶ
899 485 1114 542 τομωτάτη
1132 485 1254 544 φύσις

378 557 445 597 καὶ
469 560 549 613 πῦρ
573 560 775 612 λογισμῶν
797 556 838 598 ἕν
858 554 981 610 βάθει
1003 556 1239 612 διατρέχονί

378 623 488 677 ὅμως
507 624 553 666 τὸ
577 627 656 680 π”ῦρ
676 625 751 678 μὲν
773 626 840 666 καὶ
857 625 1034 678 μελαίνει
1053 625 1121 666 καὶ
1140 623 1298 680 φλέγει·

378 689 399 733 ὃ
420 693 490 742 σὸς
513 693 556 734 δὲ
575 697 689 744 νοῦς,
723 692 883 750 ἄριστε,
916 693 1112 749 λευκαίνει
1135 691 1181 734 τὸ
1203 695 1297 742 πᾶν,

378 758 527 802 θάλπει
552 761 594 802 δὲ
614 759 769 811 πάντας
791 763 858 803 καὶ
879 759 1055 817 πυρώσει
1077 760 1136 814 μὴ
1159 761 1327 817 φλέγων.

257 828 340 870 225
437 826 487 871 ‘O
505 827 719 885 βάρβαρος
738 830 782 870 δὲ
802 829 872 870 τὸν
893 829 1164 885 κεκρυμμένον
1185 827 1303 870 δόλον

377 894 504 952 εὗρών
522 894 655 953 ἑαυτῷ
671 894 831 952 βόθρον
850 897 893 938 ἐκ
913 897 1160 948 τούναντίου,

376 963 495 1013 ὅλους
515 966 727 1020 προπηδᾶν
745 971 829 1014 τοῖς
846 971 1030 1022 τραπεῖσι
1051 962 1292 1018 συμμάχους

377 1033 420 1073 ἐκ
442 1036 522 1074 τῶν
542 1030 689 1074 ἑαυτοῦ
706 1031 922 1088 ταγμάτων
942 1033 1164 1089 ἐπέτρεπεν,

375 1101 457 1142 ἐπεὶ
481 1101 524 1142 δὲ
543 1100 716 1151 καύτούς
737 1099 837 1143 εἶδεν
857 1101 1124 1156 ἐπτοημένους

255 1171 339 1210 230
372 1171 439 1210 καὶ
466 1167 665 1219 συντόνως
689 1170 907 1219 πίπτοντας
931 1169 1087 1226 ἄσχέτῳ
1111 1166 1243 1226 φόβῳ,

376 1241 534 1293 πρῶτον
551 1238 625 1290 μὲν
644 1237 771 1279 αὐτοῦ
790 1239 982 1291 δυσσεβεῖ
995 1237 1091 1287 τοὺς
1109 1233 1340 1293 προστάτας

375 1307 442 1346 καὶ
459 1308 614 1347 θᾶττον
632 1305 806 1359 ἦτιζιιωσε
828 1305 923 1356 τοὺς
941 1306 1204 1359 τιμωμένους,

375 1373 487 1430 ὕδωρ
509 1372 687 1423 κενώσας
710 1375 778 1415 καὶ
800 1374 846 1416 τὸ
870 1378 950 1430 πῦρ
972 1373 1240 1427 κατασβέσας.

374 1446 528 1484 καπνοῦ
549 1443 593 1484 δὲ
614 1442 768 1492 πολλὰς
786 1441 996 1498 συγχύσεις
1013 1440 1263 1495 ποιούμενος,

254 1513 336 1552 235
372 1511 526 1552 κλέπτει
548 1510 594 1552 τὸ
619 1509 777 1567 φεύγειν
798 1513 865 1552 καὶ
885 1509 1081 1564 σχεδιάζει
1099 1509 1170 1552 τὸν
1192 1507 1355 1565 γνόφον,

374 1580 440 1620 καὶ
461 1577 586 1621 νύκτα
605 1585 732 1630 ποιεῖ,
758 1583 1009 1632 καινοτομῶν
1031 1578 1104 1633 τὴν
1125 1576 1292 1635 ἡμέραν.

372 1645 500 1703 εὑρών
521 1665 563 1690 τε
582 1646 786 1704 κρημνοὺς
802 1649 869 1689 καὶ
887 1646 1029 1697 στενὰς
1045 1644 1248 1696 διεξόδους

369 1713 493 1765 λοξάς
508 1734 549 1758 τε
571 1720 726 1771 πετρῶν
747 1715 891 1769 ἐξοχὰς
911 1717 978 1757 καὶ
1001 1712 1244 1769 δυσβάτους,

373 1783 481 1824 ὠθεῖ
496 1782 687 1837 καλύψας
705 1787 764 1839 τῷ
783 1787 923 1840 γνοφῷ
943 1782 995 1825 τὰ
1015 1781 1204 1838 τάγματα

255 1850 340 1893 240
373 1853 439 1892 καὶ
465 1851 538 1902 τὰς
558 1853 715 1893 ἐκείνων
737 1853 946 1905 δυστυχεῖς
970 1852 1175 1900 συνοικίας

371 1919 472 1976 πρὸς
490 1920 615 1977 ἄκρον
632 1918 742 1975 ὕψος
756 1921 824 1962 καὶ
845 1917 1103 1976 κατάρροπον
1123 1916 1275 1972 βάθος.

766 2022 831 2070 ἄρι
1195 2021 1331 2065 ἄλλους

241 2073 310 2108 219
333 2073 413 2114 σοῒς
435 2072 503 2107 add
526 2073 556 2107 P
679 2073 748 2108 223
771 2082 940 2115 κρατιστε
961 2072 991 2107 P
1116 2072 1185 2108 227
1207 2068 1318 2113 ὅλους
1339 2070 1369 2105 Ρ
1483 2070 1552 2106 229
1570 2068 1609 2106 δὲ

240 2118 304 2153 καὶ
326 2116 468 2160 αὐτοὺς
490 2118 573 2164 εἴδη
595 2118 638 2152 ed
773 2119 842 2155 235
865 2117 933 2154 τὸν
956 2117 1023 2153 add
1045 2118 1075 2153 P

151 2210 306 2252 leri-ime,
331 2223 417 2255 quos
439 2210 586 2244 habuisti
608 2211 787 2254 meliorem
820 2222 862 2244 ac
886 2215 957 2244 tum
981 2214 1120 2256 praeter
1141 2221 1235 2255 spem
1257 2207 1443 2255 improvisa
1465 2208 1611 2253 perculsi

151 2256 368 2290 contentione
384 2262 482 2300 terga
498 2257 565 2290 tuis
580 2257 711 2290 famulis
727 2262 915 2291 verterunt.
964 2257 1064 2299 (220)
1089 2268 1109 2290 o
1126 2267 1219 2290 mens
1235 2254 1543 2301 praestantissima!
1577 2258 1613 2288 et

150 2302 346 2336 acerrimum
361 2301 550 2346 ingenium!
576 2308 612 2336 et
624 2302 713 2346 ignis
728 2303 770 2336 ad
787 2303 871 2336 imas
887 2301 1110 2346 cogitationes
1127 2302 1325 2347 permeans!
1356 2300 1414 2335 sed
1431 2300 1519 2344 ignis
1534 2300 1612 2346 qui-

150 2347 225 2381 dem
250 2348 408 2391 denigrat
433 2353 467 2381 et
492 2347 578 2389 urit,
612 2352 671 2382 tua
695 2359 779 2382 vero
806 2359 919 2390 mens,
943 2348 1088 2392 optime,
1111 2348 1248 2382 dealbat
1272 2347 1404 2389 omnia,
1429 2357 1612 2391 omnesque

150 2393 263 2437 fovet,
289 2398 325 2426 et
341 2394 441 2427 ardet
458 2405 524 2426 non
542 2403 653 2428 urens.
702 2395 801 2436 (225)
824 2395 956 2428 interea
973 2395 1137 2427 barbarus
1152 2394 1389 2427 absconditum
1404 2392 1517 2426 dolu'm
1532 2403 1612 2426 sen-

152 2438 240 2471 tiens
266 2439 330 2472 sibi
355 2439 470 2484 potius
492 2450 590 2483 quam
607 2439 680 2472 aliis
696 2439 802 2473 fuisse
817 2440 951 2473 foveam
963 2465 974 2483 ‚
998 2451 1112 2474 omnes
1131 2439 1165 2473 in
1182 2451 1278 2484 opem
1295 2441 1487 2482 fugatorum
1501 2437 1612 2482 prosi-

151 2483 213 2517 lire
238 2484 362 2518 milites
389 2497 432 2518 ex
454 2484 525 2518 suis
551 2484 746 2518 cohortibus
774 2485 959 2529 imperavit.
1006 2490 1187 2530 postquam
1203 2490 1315 2518 autem
1330 2485 1392 2517 hos
1408 2485 1507 2517 etiam
1522 2483 1612 2516 vidit

152 2535 384 2564 consternatos
409 2531 515 2573 (230)
538 2536 575 2564 et
598 2530 630 2563 in
651 2531 767 2574 sugam
785 2531 1005 2576 praecipitem
1020 2542 1137 2565 versos
1152 2531 1275 2564 timore
1289 2529 1465 2572 horribili,
1488 2528 1610 2573 inpri-

150 2574 215 2608 mis
229 2585 310 2608 suos
324 2583 523 2610 exsecratur
538 2583 720 2620 patronos,
745 2586 898 2620 quosque
922 2587 1030 2622 nuper
1051 2577 1251 2618 bonoribus,
1277 2575 1411 2620 probris
1427 2586 1515 2608 nunc
1530 2574 1610 2607 affi-

153 2619 220 2662 cit,
245 2631 367 2664 aquam
393 2622 570 2656 effundens
593 2626 630 2655 et
648 2621 763 2665 ignem
778 2621 987 2665 extinguens.
1034 2622 1116 2656 fumi
1131 2627 1243 2655 autem
1259 2622 1365 2655 multa
1378 2622 1472 2655 sacta
1486 2621 1608 2654 consu-

150 2665 244 2699 sione
267 2667 373 2710 (235)
397 2668 530 2701 furatur
554 2668 691 2711 fugam,
730 2667 927 2711 excitatque
950 2667 1199 2702 tumultuariam
1223 2668 1368 2711 nubem,
1404 2670 1606 2709 noctemque

148 2711 294 2752 inducit,
317 2711 492 2746 invertens
515 2713 614 2747 diem.
661 2712 907 2758 prolapsusque
930 2713 964 2746 in
989 2713 1178 2758 crepidines
1203 2717 1240 2746 et
1260 2716 1424 2757 angustos
1442 2711 1605 2745 transitus

149 2761 186 2791 et
207 2757 242 2790 in
266 2762 452 2802 praerupta
477 2766 514 2792 et
538 2758 645 2791 ardua
670 2759 804 2803 rupium
827 2759 1019 2799 cacumina,
1042 2758 1151 2792 trudit
1174 2762 1288 2803 septas
1311 2758 1452 2802 caligine
1475 2755 1603 2801 copias,

147 2803 249 2848 (240)
274 2806 311 2836 et
330 2802 480 2837 infelices
502 2805 763 2838 contubernales
787 2803 930 2838 feminas
952 2804 1041 2838 inter
1068 2804 1230 2837 montium
1255 2804 1334 2848 iuga
1350 2810 1386 2837 et
1398 2801 1604 2848 praecipites
