1890 3224
619 228 882 273 PERSICAE
914 228 1188 284 ACROASIN
1221 228 1276 273 Π.
1579 229 1672 275 105

216 338 421 389 coniungit
443 340 731 390 experientiam
744 368 755 388 ,
787 353 809 377 a
830 352 908 392 qua
925 338 1147 378 medicinae
1168 340 1278 391 origo
1299 345 1340 378 et
1355 340 1570 392 profectus.
1629 351 1673 378 ac

215 402 299 432 tota
326 394 489 447 quidem
517 395 716 433 medicina
743 396 945 448 quondam
974 410 1052 435 una
1082 403 1122 434 et
1148 397 1324 448 simplex
1352 403 1520 447 arserat,
1551 409 1673 450 quam

216 458 353 503 postea
372 453 415 488 in
431 453 566 504 plures
586 451 825 501 diviserunt,
853 466 1046 491 manuum
1067 455 1286 491 ministerio
1310 453 1398 492 aliis
1417 453 1671 492 demandato.

331 510 424 549 193.
483 509 620 547 confer
648 511 931 561 Hippocratem
959 511 1008 548 cle
1031 509 1246 557 ulceribus,
1276 511 1421 563 quibus
1448 512 1569 563 plane
1602 524 1674 548 cu-

218 563 351 602 randis
380 566 475 613 tria,
506 578 608 618 quae
640 579 694 603 ex
719 565 860 604 eodem
886 574 1042 605 auctore
1066 566 1216 605 iudicat
1233 566 1397 616 Pisida,
1427 567 1674 606 celebrantur

216 634 239 659 a
257 621 478 669 veteribus,
507 621 695 660 videlicet
715 625 898 675 purgatio
923 626 1043 662 sectio
1071 630 1110 661 et
1134 625 1251 662 ustio.
1310 626 1345 662 si
1368 625 1476 662 enim
1498 621 1675 662 remedia

214 673 318 714 nihil
343 677 598 729 proficerent,
627 681 769 717 ultima
793 694 882 732 spes
903 683 946 718 in
966 682 1121 719 ustione
1142 682 1272 749 posita
1291 687 1398 730 erat,
1428 688 1472 719 ut
1490 688 1600 733 patet
1621 693 1675 718 ex

215 736 340 785 ipsius
368 736 618 786 Hippocratis
649 735 911 788 Aphorismo:
944 734 1070 778 ὁκόσα
1086 734 1288 810 φάρμακα
1306 734 1381 778 ov'n
1400 738 1530 790 ἰῆται,
1561 738 1676 786 σίδη-

217 806 286 842 ρος
316 791 446 843 ἰῆται
478 788 552 831 ὅσα
583 793 746 845 σίδηρος
778 789 852 834 ov'n
885 794 1013 846 ιἠται,
1043 797 1126 846 πῦρ
1157 795 1288 846 ἰῆται·
1320 790 1396 835 ὅσα
1432 792 1476 835 δὲ
1496 796 1578 847 πῦρ
1598 809 1675 835 ουκ

217 848 345 900 ἰῆται,
369 851 492 887 ταῦτα
510 851 589 900 χρῆ
604 851 780 900 νομίζειν
802 846 959 902 οἷνίητα.

331 905 424 945 198.
483 903 732 958 φιλοβλαβης
763 903 885 954 νόσος
923 905 1127 944 vertebam
1163 905 1470 943 inhumanitatis
1497 904 1674 950 morbus,

217 973 296 1012 quo
319 961 499 997 maxime
524 962 729 999 laborabat
756 964 954 1000 exercitus
979 963 1174 999 Heraclii:
1205 975 1300 999 nam
1316 961 1453 1000 Phoca
1470 960 1674 1012 reg-nante,

216 1017 286 1068 qui
316 1014 408 1053 odia
434 1023 472 1054 et
504 1018 640 1056 civiles
666 1017 931 1057 dissensiones
955 1019 1139 1066 fovebat,
1169 1031 1248 1056 una
1268 1032 1372 1070 pene
1392 1026 1474 1056 erat
1492 1019 1677 1055 militaris

215 1072 425 1123 disciplina
445 1072 494 1110 de
514 1074 748 1112 exercendis
775 1074 962 1113 caedibus
984 1082 1022 1112 et
1040 1077 1203 1126 rapinis.
1263 1072 1528 1126 φιλοβλιίβεια
1555 1075 1677 1125 igitur

216 1135 276 1166 est:
304 1130 429 1165 animi
453 1130 611 1175 feritas,
642 1140 765 1180 quam
794 1133 965 1166 caritatis
991 1129 1239 1166 Christianae
1266 1132 1469 1181 proposito
1487 1131 1674 1182 exemplo

216 1183 367 1223 studuit
390 1182 561 1221 domare.
581 1185 810 1233 Heraclius,
840 1192 884 1222 ut
902 1198 955 1222 ex
974 1197 1087 1237 seqq.
1106 1185 1250 1222 iambis
1268 1185 1312 1222 fit
1326 1187 1607 1236 manifestum,
1638 1193 1677 1224 et

215 1254 270 1279 ex
285 1239 559 1292 Theophane,
590 1243 660 1293 qui
672 1255 720 1291 Ρ.
745 1241 828 1283 255
846 1243 902 1279 ita
923 1243 1062 1292 paucis
1080 1255 1166 1279 rem
1186 1240 1384 1280 declarat:
1417 1239 1524 1283 οὕτω
1543 1241 1587 1284 δὲ
1603 1258 1677 1283 κα-

214 1297 414 1344 θοπλίσας
433 1295 587 1345 πάντας
604 1295 863 1351 παρήγγειλεν
883 1294 1038 1346 ἀδικίας
1057 1294 1288 1350 ἀπέχεσθαι.

326 1354 424 1394 208.
484 1366 582 1405 quos
610 1367 663 1391 ex
694 1355 868 1406 equestri
890 1355 1034 1391 militia
1062 1353 1114 1391 ad
1141 1352 1415 1406 pabulandum
1442 1353 1508 1390 vel
1530 1353 1581 1391 ad
1602 1366 1676 1392 ex-

213 1407 455 1461 plorandum
493 1411 700 1449 Heraclius
738 1412 1019 1463 praemiserat,
1059 1424 1127 1449 eos
1163 1417 1358 1463 tanquam
1385 1417 1591 1448 venatores
1621 1410 1680 1459 εἷς

215 1463 344 1520 ἄγραν
370 1467 571 1506 immissos
597 1467 714 1505 nobis
740 1474 1009 1519 repraesentat
1026 1466 1183 1516 Pisida3
1216 1480 1294 1520 qua
1313 1473 1467 1504 retenta
1486 1467 1677 1518 allegoria

215 1523 458 1571 Saracenos,
489 1525 558 1575 qui
583 1524 632 1560 ab
660 1525 859 1576 equitibus
888 1526 992 1576 capti
1017 1531 1130 1573 sunt,
1165 1523 1275 1577 quod
1292 1523 1367 1561 feri
1390 1530 1523 1561 essent
1542 1525 1676 1561 animo

215 1591 311 1617 voce
332 1585 372 1616 et
391 1580 500 1617 cultu
501 1582 715 1647 corporis,
743 1581 850 1618 feras
871 1582 1058 1632 appellat.

326 1634 425 1677 214.
481 1631 635 1690 ἥμερον
662 1650 734 1688 pro
762 1634 966 1690 ἦμεροτης.
1023 1649 1111 1674 rem
1136 1637 1331 1684 breviter,
1357 1634 1430 1673 sed
1457 1636 1591 1674 minus
1615 1635 1679 1673 di-

215 1693 357 1731 stincte
383 1693 440 1730 sic
463 1700 598 1731 narrat
617 1692 890 1745 Theophanes
906 1707 955 1744 Ρ.
980 1694 1089 1736 255:
1118 1690 1334 1746 γενόμενος
1353 1689 1397 1732 δὲ
1414 1691 1480 1732 ἐπὶ
1496 1707 1546 1732 τα
1565 1691 1678 1746 μέρη,

214 1747 433 1801 προτρέχον
458 1751 620 1800 πλῆθος
644 1749 798 1790 ἱππέων
828 1746 963 1802 λάθρα
991 1749 1194 1789 ἐπιπεσεῖν
1220 1750 1276 1803 τῷ
1300 1749 1458 1799 βασιλεῖ
1473 1749 1679 1789 διενοεῖτο.

218 1805 261 1845 οἰ
285 1803 330 1844 δὲ
357 1804 636 1874 προτρέχοντες
663 1808 738 1846 τοῦ
772 1805 964 1874 βασιλέως
999 1820 1158 1853 τουτοις
1190 1789 1507 1855 συναντήσαντες
1537 1800 1611 1845 τόν
1637 1819 1679 1845 τε

218 1858 459 1927 στρατηγον
462 1857 598 1901 αὐτων
616 1857 870 1931 δεσμώτην”
841 1876 994 1914 ηγαγον
1013 1858 1111 1915 πρὸς
1130 1857 1202 1902 τόν
1222 1856 1456 1913 Ἡράκλειον
1481 1858 1553 1900 καὶ
1581 1856 1680 1901 τού-

216 1932 311 1966 τους
329 1913 575 1970 τρεψάμενοι
595 1914 769 1966 πολλους
791 1914 964 1958 ἀνεῖλον.

328 1976 426 2015 218.
484 1975 672 2013 Saraceni
697 1975 763 2013 vel
789 1974 940 2012 Arabes
973 1973 1155 2011 Scenitae
1182 1972 1352 2010 multis
1339 1984 1423 2009 lam
1440 1977 1531 2008 aute
1549 1972 1679 2009 Hera-

218 2029 342 2067 01111111
371 2032 486 2069 annis
512 2032 759 2070 innotescere
788 2037 1018 2082 coeperant,
1048 2027 1120 2067 sed
1149 2042 1240 2066 cum
1259 2030 1361 2066 circa
1378 2027 1479 2065 haec
1498 2035 1679 2079 tempora

216 2087 346 2138 magis
373 2087 652 2138 inclaruerint,
691 2087 787 2125 hinc
817 2089 957 2139 opinor
983 2087 1135 2123 factum
1163 2093 1208 2123 ut
1237 2083 1415 2123 historici
1441 2082 1679 2122 tradiderint

219 2156 286 2181 eos
315 2145 490 2182 Heraclii
522 2158 624 2182 anno
646 2148 697 2186 12
724 2146 901 2196 primum
920 2156 972 2181 ex
990 2143 1166 2180 Arabia
1154 2156 1197 2179 111
1215 2143 1485 2179 Romanorum
1505 2141 1677 2178 exitium

219 2201 409 2250 erupisse·
466 2200 662 2254 ἐξῆλθον,
697 2203 753 2239 ait
782 2201 1062 2239 Constantinus
1094 2196 1344 2250 Porphyrog.
1372 2198 1421 2235 de
1449 2197 1673 2234 admittis-tr.

219 2269 318 2323 ΠηΡ·
348 2263 451 2307 part·
473 2260 501 2298 2
532 2271 566 2295 c·
590 2260 663 2306 16,
697 2258 740 2298 οἱ
766 2255 1001 2310 Σαρακηνοὶ
1026 2255 1123 2308 μηνὶ
1150 2254 1409 2308 Σεπτεμβρίῳ
1437 2254 1547 2308 τρίτῃ
1577 2253 1679 2293 lvdo—

218 2314 387 2361 κτιῶνος
404 2309 569 2366 δεκατης
584 2314 645 2362 εἷς
660 2329 704 2354 το
725 2312 983 2354 δωδέκατον’
970 2312 1054 2361 ε’τος
1068 2311 1312 2365 Ἡρακλείου.
1369 2317 1410 2347 at
1429 2310 1566 2348 Pisida
1583 2311 1679 2348 satis

218 2370 426 2435 perspicue
442 2382 516 2408 nos
532 2369 671 2407 edocet
688 2369 842 2408 iamdiu
860 2385 881 2408 e
897 2371 978 2408 suis
997 2369 1142 2407 finibus
1162 2381 1340 2419 egressos
1357 2368 1576 2405 Saracenos
1593 2367 1678 2404 Ro-

219 2426 351 2464 manis
379 2427 504 2464 fuisse
536 2425 787 2465 detrimento.
843 2441 972 2498 nuper
1001 2427 1109 2464 enim
1139 2424 1365 2462 audivimus
1388 2422 1586 2460 dicentem
1608 2421 1679 2462 καὶ

220 2479 411 2531 πολλάκις
430 2478 644 2536 βλαψαντα
660 2480 734 2535 τὴν
753 2485 980 2535 παροικίαν.
1036 2484 1146 2520 iuvat
1169 2483 1290 2518 etiam
1314 2493 1366 2516 ex
1383 2478 1526 2517 eodem
1542 2477 1680 2517 Pisida

222 2538 430 2577 observare
447 2553 657 2591 perperam
675 2540 916 2587 Saracenos,
947 2540 1017 2591 qui
1035 2552 1088 2576 ex
1107 2538 1272 2585 Arabia,
1304 2549 1395 2574 cum
1411 2537 1576 2584 Turcis,
1608 2537 1678 2587 qui
1737 2538 1744 2544 '

224 2607 278 2631 ex
292 2594 457 2647 Scythia
470 2597 638 2648 profecti
655 2603 767 2646 sunt,
798 2609 819 2633 a
840 2594 1080 2648 quibusdam
1095 2593 1299 2633 confundi.
1355 2591 1538 2630 nondum
1556 2593 1675 2638 enim,

224 2663 316 2687 cum
343 2654 519 2702 primum
546 2654 752 2691 Heraclius
782 2651 834 2690 ad
862 2653 1022 2690 Ciliciae
1045 2653 1161 2703 pylas
1180 2651 1290 2688 venit
1306 2647 1564 2686 dimicaturus
1586 2659 1677 2684 cum

224 2704 414 2756 Choma,
442 2709 599 2747 Turcae
618 2723 710 2747 cum
728 2710 936 2748 Saracenis
952 2707 1095 2746 foedus
1110 2709 1304 2745 inierant·
1294 2733 1306 2754 ,
1337 2704 1446 2758 quod
1464 2718 1560 2743 sane
1581 2716 1678 2740 con-

223 2764 336 2814 tigit,
365 2770 579 2817 postquam
608 2765 719 2804 idem
747 2766 955 2804 Heraclius
979 2767 1204 2803 Turcarum
1225 2775 1300 2813 ope
1322 2761 1480 2799 adiutus
1502 2757 1676 2798 secundo

223 2819 334 2858 bello
351 2819 568 2859 chosroam
587 2824 825 2874 profligavit.
882 2828 977 2859 tunc
996 2823 1103 2859 enim
1124 2821 1282 2857 Turcae
1300 2819 1507 2856 alacriores
1525 2816 1621 2852 facti
1639 2820 1679 2852 et

227 2878 308 2915 suis
338 2877 455 2916 rebus
482 2877 648 2918 fidentes
672 2880 775 2918 ultra
794 2879 998 2931 pervagati
1014 2879 1056 2916 in
1074 2877 1233 2928 Syriam
1254 2887 1381 2927 usque
1399 2877 1677 2926 pervenerunt,
