1890 3224
319 192 382 238 7'4
511 221 514 227 ·
671 191 1024 236 NICEPHORUS
1060 192 1403 238 CPOLITANUS

319 306 386 350 καὶ
407 304 621 365 τριάκοντα
639 306 707 348 καὶ
724 307 977 364 τριακοσίους
997 306 1066 349 τὸν
1085 305 1263 363 ἀριθμὸν
1283 303 1570 362 τυγχάνουσαν.
1615 300 1763 360 ταύτης

263 379 296 414 D
321 378 460 432 ἐξῆρχε
485 372 702 426 Θεοδόσιος
718 373 740 418 ὃ
759 379 832 430 τῆς
855 374 1048 432 Ἐφεσίων
1070 373 1225 426 πόλεως
1244 374 1560 432 ἄρχιεπίσκοπος.
1626 374 1763 430 ἀρχιε-

317 445 390 501 ρέα
414 460 453 484 τε
475 448 546 497 τῆς
566 441 717 494 πόλεως
735 442 1000 500 ἀνακηρύσσει
1018 443 1319 487 Κωνσταντῖνόν
1349 460 1438 486 τινα
1464 442 1509 485 τὸ
1538 445 1617 485 τῶν
1633 459 1764 496 μονα*

311 515 399 566 χῶν
417 515 555 566 σχῆμα
575 513 922 568 περιβεβλημένον,
956 514 1169 555 ἐπίσκοπον
1201 514 1244 555 δὲ
1273 516 1346 567 τῆς
1372 515 1446 554 τοῦ
1463 511 1662 552 Συλλαίου
1688 508 1765 551 πό-

314 584 415 630 λεως
435 578 635 635 γεγονότα.
704 580 798 637 ὅρον
821 582 864 624 ὸέ
882 582 1049 632 πίστεως
1068 583 1288 624 ἐκτίθενται
1297 612 1311 632 ,
1346 581 1388 622 ἐν
1409 573 1442 638 ᾧ
1462 577 1798 634 ὗπεσημήναντοό

315 646 487 698 ἅπαντες
516 654 650 699 κακῶς
681 651 747 692 καὶ
781 652 986 704 δυσσεβῶς
1018 649 1391 707 συμφρονήσαντες,
1439 647 1512 702 τὴν
1539 651 1619 690 τῶν
1650 646 1764 703 ἱερῶν

318 715 602 771 εἴκονισμάτων
624 719 860 775 καθαίρεσιν
881 718 1201 776 ε’κφωνήσαντες,
1235 719 1302 760 καὶ
1324 715 1458 773 ὥσπερ
1478 717 1687 771 νηπιωδῶς
1705 713 1763 756 ἐπ’

316 785 468 841 ἀγορᾶς
488 790 615 828 ταῦτα
637 785 936 842 ἅνεθεμάτιζον.
970 787 1071 841 μεθ’
1097 781 1156 829 ὧν
1175 788 1241 829 καὶ
1259 788 1301 827 Γ
1298 785 1468 843 ερμανόν
1486 785 1557 827 τὸν
1581 782 1766 839 ἀρχιερέα

312 858 388 895 τοῦ
417 855 640 906 Βυζαντίου
670 855 887 911 γεγονότα,
921 857 962 897 Γ
960 853 1122 912 εώργιόν
1143 872 1185 898 τε
1206 854 1276 898 τὸν
1295 855 1338 897 ἐκ
1358 852 1528 910 Κύπρου
1549 856 1623 907 τῆς
1641 849 1766 906 νήσου

315 919 549 978 ὁρμώμενον
557 954 570 975 ,
613 925 681 966 καὶ
698 923 885 980 Ἰωάννην
903 924 972 967 τὸν
991 924 1070 967 ἀπὸ
1091 925 1322 979 Δαμασκοῦ
1343 927 1416 978 τῆς
1439 919 1658 980 Συρίαςτό
1680 920 1823 961 ἐπί-10

305 993 411 1045 πλην
432 989 653 1049 Μανσούρ.

452 1064 596 1103 Ταῦτα
625 1061 782 1114 ἐπιτελῆ
808 1058 981 1115 ποιήσας
1010 1061 1313 1109 Κωνσταντΐνος
1340 1053 1437 1114 ἦρξε
1471 1058 1686 1111 ὃομεῖσθαι
1715 1055 1766 1097 τὰ

197 1123 228 1157 Ρ
245 1123 291 1161 43
316 1127 377 1168 ε’πὶ
401 1126 567 1185 Θρᾴκης
586 1129 828 1181 πολίσματα,
863 1129 904 1170 ἓν
923 1126 984 1178 οἷς
1004 1130 1135 1178 οῗκίζει
1158 1126 1316 1183 Σύρους
1332 1128 1398 1168 καὶ
1412 1126 1663 1181 Ἀρμενίους,
1697 1123 1768 1173 θῧς

315 1194 359 1236 ἕκ
381 1212 423 1237 τε
440 1197 725 1249 Μελιτηναίων
747 1194 901 1246 πόλεως
922 1198 988 1237 καὶ
1010 1195 1230 1237 Θεοδοσίου
1253 1193 1405 1243 πόλεως
1424 1191 1675 1247 μετανάστας
1696 1207 1768 1233 πε-

314 1264 453 1317 ποίηκε
464 1295 477 1314 ,
519 1262 570 1304 τὰ
593 1265 648 1312 εἷς
667 1263 739 1317 τὴν
752 1264 892 1319 χρείαν
913 1263 1050 1313 αὐτοῖς
1071 1262 1267 1317 ἀνήκοντα
1289 1263 1508 1319 φιλοτίμως
1529 1258 1767 1317 ὁωρησάμεε
1780 1261 1823 1299 15

314 1347 394 1381 νος.
464 1335 593 1373 ταῦτα
613 1333 744 1373 τοίνυν
772 1332 810 1373 οἱ
830 1331 1060 1387 Βούλγαροι
1084 1329 1138 1381 ὡς
1157 1332 1380 1382 ἕπολίζοντο
1402 1327 1663 1383 θεασάμενοι,
1690 1326 1770 1384 φό-

317 1416 413 1456 ρους
439 1398 562 1455 ᾔτουν
592 1399 703 1457 παρὰ
729 1404 895 1454 βασιλεῖ’
915 1401 1125 1451 δέξασθαι.
1194 1404 1265 1445 τοῦ
1293 1399 1336 1440 δὲ
1351 1399 1408 1454 μὴ
1430 1398 1645 1451 δεξαμένου
1666 1398 1710 1438 οἳ
1724 1412 1768 1452 γε

314 1465 652 1524 στρατευσάμενοι
672 1468 723 1510 τὰ
742 1469 804 1510 ἐπὶ
827 1467 993 1529 Θρᾴκης
1007 1469 1140 1525 χωρία
1160 1468 1408 1524 κατέτρεχον,
1443 1468 1510 1509 καὶ
1528 1469 1676 1522 μικροῦ
1696 1467 1771 1507 τοῦ

312 1541 472 1592 μακροῦ
494 1536 742 1590 καλουμένου
760 1538 915 1590 τείχους
935 1538 1158 1587 ἐπεξέθεον.
1225 1533 1246 1577 ὅ
1269 1537 1313 1578 δὲ
1330 1533 1554 1591 ἀντεπεξῄει
1577 1535 1645 1576 καὶ
1664 1550 1771 1587 συμ-

308 1603 451 1657 ’βαλὼν
469 1605 631 1660 πολέμῳ
653 1606 709 1654 εἷς
731 1605 862 1661 φυγὴν
880 1606 1093 1660 ἐτρέψατο,
1127 1605 1193 1646 καὶ
1216 1604 1378 1646 ἐδίωκεν
1397 1603 1475 1644 ἀνὰ
1496 1600 1666 1658 κράτος,
1700 1602 1826 1644 naiso

312 1673 522 1722 πλείστους
545 1671 810 1729 Βουλγάρους
830 1672 975 1715 ἀνεῖλε.
1042 1671 1136 1726 μετ’
1162 1670 1210 1713 οὔ
1234 1672 1337 1713 πολὺ
1360 1673 1462 1712 πλοῖ·
1473 1672 1541 1712 καὶ
1561 1671 1658 1726 πεζῇ
1679 1669 1768 1725 κατ’

314 1740 448 1783 αὐτῶν
470 1738 743 1796 ἐστράτευσεν.
811 1740 849 1782 οἱ
871 1744 967 1796 γοῦν
988 1739 1064 1791 τὰς
1084 1743 1183 1790 ναῦς
1204 1738 1382 1793 ἔχοντες,
1414 1737 1509 1795 ἄχρι
1536 1739 1603 1780 καὶ
1623 1754 1769 1779 πεντα-

315 1810 477 1859 κοσίους
510 1807 691 1865 ἀριθμὸν
725 1806 1016 1861 συντελούσας,
1063 1808 1132 1851 διὰ
1161 1812 1234 1851 τοῦ
1265 1808 1455 1859 Εὐξείνου
1489 1803 1772 1856 ἐκπλεύσαντες

409 1928 430 1962 1
449 1928 485 1970 f.
509 1925 729 1970 τριακοσίων
747 1925 933 1962 petavius.
1069 1927 1091 1962 8
1111 1921 1159 1963 ὃν
1179 1927 1213 1963 P
1359 1927 1406 1962 12
1423 1923 1569 1969 ἐπιτελῆ
1591 1923 1773 1969 Petevius,

407 1969 470 2007 ἐπὶ
491 1970 585 2007 τέλει
607 1972 638 2007 Ρ
775 1974 819 2008 18
841 1972 991 2019 μικροῦ]
1007 1970 1139 2018 μέχριῒ
1272 1974 1318 2009 22
1339 1972 1403 2008 καὶ
1425 1972 1478 2013 εἰς
1500 1970 1771 2011 πεντακοσίαςΐ

315 2087 458 2110 numero
482 2087 588 2122 supra
610 2078 800 2120 trecentos,
824 2075 881 2111 cui
901 2075 1123 2110 Theodosius
1140 2074 1341 2123 Ephesinus
1361 2075 1643 2120 archiepiscopus
1709 2085 1773 2108 ae-

313 2122 396 2156 fuit.
443 2123 539 2156 urbis
561 2134 666 2168 porro
690 2122 883 2167 praesulem
907 2123 1171 2157 Constantinum
1192 2122 1381 2168 quendam,
1411 2121 1472 2167 qui
1487 2120 1647 2155 monachi
1692 2119 1773 2154 abi-

314 2174 388 2202 tum
411 2169 646 2212 praeferebat,
671 2180 715 2202 ex
738 2168 903 2212 Syllaeae
924 2168 1021 2202 urbis
1045 2168 1213 2213 episcopo
1233 2167 1426 2201 constituit.
1474 2166 1511 2200 in
1538 2177 1581 2200 eo
1605 2165 1771 2200 concilia·
1820 2205 1824 2210 ,

314 2214 396 2248 bulo
424 2214 508 2248 fidei
529 2226 696 2248 canonem
719 2215 950 2248 condiderunt
969 2215 1014 2248 de
1029 2214 1139 2247 sacris
1157 2212 1365 2257 imaginibus
1390 2211 1614 2256 evertendis,
1645 2211 1703 2246 cui
1725 2212 1771 2245 ab

314 2259 473 2294 omnibus
497 2260 604 2304 impio
626 2271 797 2293 consensu
815 2271 860 2293 ac
879 2260 1015 2294 nefario
1036 2259 1270 2303 subscriptum
1293 2263 1366 2302 est3
1387 2269 1498 2303 eaque
1515 2257 1640 2302 religio
1660 2256 1771 2292 omnis

314 2305 496 2351 pueriliter
527 2305 564 2339 in
594 2306 672 2338 foro
694 2305 914 2339 anathemate
934 2306 1108 2339 damnata.
1156 2305 1276 2338 eadem
1301 2310 1337 2338 et
1358 2304 1396 2338 in
1419 2306 1628 2338 Germanum
1649 2302 1771 2348 epuli-

314 2357 432 2385 tanum
456 2350 687 2397 patriarcham
709 2350 804 2384 dicta
823 2351 998 2384 sententia
1021 2357 1076 2384 est
1099 2355 1136 2385 et
1150 2349 1342 2395 Georgium
1357 2349 1525 2396 Cyprium
1548 2354 1585 2384 et
1605 2350 1772 2384 lumem

314 2397 578 2441 Damascenum,
602 2401 829 2440 cognomento
851 2396 1009 2430 Mansur-

407 2443 474 2477 His
498 2444 605 2477 rebus
636 2446 812 2487 postremo
843 2442 1012 2487 perfectis
1043 2442 1292 2477 Constantinus
1327 2441 1456 2488 oppida
1484 2452 1551 2487 per
1580 2439 1770 2474 Thraciam

316 2488 508 2533 exstruxit,
541 2488 579 2523 in
601 2487 727 2533 quibus
746 2488 858 2532 Syros
877 2494 914 2522 et
936 2488 1118 2522 Armenios
1140 2487 1342 2531 collocavit,
1378 2498 1464 2532 quos
1490 2497 1535 2521 ex
1556 2485 1769 2521 Melitenen·

315 2533 404 2568 sium
427 2536 514 2569 urbe
541 2546 584 2568 ac
605 2533 879 2578 Theodosiopoli
911 2534 1156 2577 transtulerat3
1187 2534 1302 2579 iisque
1324 2532 1521 2567 necessaria
1544 2533 1659 2566 omnia
1679 2531 1770 2566 libe-

315 2579 486 2614 ralissime
509 2580 657 2625 largitus
679 2586 746 2615 est.
793 2579 881 2614 haec
912 2580 1041 2626 oppida
1074 2582 1154 2616 dum
1186 2581 1298 2615 adhuc
1320 2579 1548 2613 aedificantur
1577 2576 1772 2623 conspicati

315 2625 471 2670 Bulgari,
494 2626 626 2660 tributa
647 2627 690 2661 ab
708 2625 918 2672 imperatore
940 2627 1136 2673 postulant3
1163 2637 1231 2671 quo
1254 2629 1426 2660 renuente
1446 2623 1494 2657 illi
1519 2624 1675 2659 exercitu
1697 2621 1770 2657 coi—

316 2671 407 2706 lecto
433 2671 621 2707 Thraciam
643 2671 917 2718 depopulantur,
948 2685 990 2707 ac
1012 2673 1259 2718 propemodum
1281 2671 1326 2705 ad
1350 2671 1492 2715 Longos
1522 2681 1634 2716 usque
1655 2679 1771 2703 muros

319 2722 520 2752 excurrunt.
567 2719 631 2753 sed
659 2724 862 2753 occurrente
893 2718 1106 2764 imperatore
1141 2717 1390 2762 commissoque
1444 2715 1552 2750 raclio
1586 2715 1623 2750 in
1654 2716 1772 2760 fugam

319 2763 470 2798 coniecti
486 2768 578 2808 sunt,
606 2775 750 2810 cumque
768 2775 828 2799 eos
852 2764 965 2799 acrius
988 2765 1231 2811 insequeretur
1244 2789 1254 2808 ,
1278 2774 1379 2818 quam
1404 2775 1428 2809 p
1442 2761 1545 2797 urimi
1568 2773 1589 2796 e
1610 2758 1772 2806 Bulgaris

308 2808 509 2845 interfecti.
557 2809 685 2846 deinde
706 2809 906 2857 ingentibus
928 2816 1026 2846 terra
1046 2810 1202 2857 marique
1222 2808 1333 2855 ooplis
1357 2813 1480 2843 contra
1501 2808 1641 2843 eosdem
1659 2806 1773 2860 impe-

318 2860 416 2892 rator
438 2856 618 2903 profectus
647 2860 714 2892 est.
763 2856 884 2893 classis
906 2856 984 2904 ipsa
1007 2857 1273 2905 quingentarum
1299 2865 1441 2891 numero
1465 2853 1605 2890 navium
1630 2853 1773 2889 Euxino
