1890 3224
271 761 398 832 DE
445 760 1133 834 EXPEDITIONE
1178 761 1594 836 PERSIGA

622 901 678 947 M
726 898 774 947 o
823 901 870 949 N
917 900 943 947 1
992 901 1035 946 T
1084 902 1132 951 U
1178 905 1244 951 M.

804 1063 1076 1070 -.—.--———

199 1183 588 1250 Luctuosissimum
612 1224 657 1249 ac
680 1224 781 1263 pene
808 1209 1059 1263 deploratum
1079 1212 1202 1252 fuisse
1226 1213 1284 1251 rei
1305 1214 1487 1266 publicae
1507 1220 1652 1253 statum

202 1275 288 1305 tum
309 1282 420 1316 cum,
452 1269 625 1305 extincto
642 1267 797 1317 Phoca,
828 1270 1033 1307 Heraclius
1055 1282 1177 1320 regno
1194 1271 1343 1321 potitus
1366 1277 1451 1318 est,
1473 1272 1653 1308 unanimi

203 1326 383 1362 omnium
399 1326 634 1375 scriptorum
651 1325 906 1362 consensione
926 1325 1200 1363 confirmatum
1217 1333 1287 1366 est.
1342 1327 1533 1363 nimirum
1548 1327 1653 1364 cives

202 1381 305 1417 inter
329 1394 371 1418 se
398 1379 515 1418 divisi
538 1382 733 1418 intestinis
752 1381 970 1432 flagrabant
988 1380 1103 1430 odiis,
1132 1388 1170 1419 et
1191 1382 1339 1420 mutuis
1360 1381 1545 1419 caedibus
1562 1395 1652 1420 ma-

204 1435 369 1485 debant3
399 1437 549 1474 Abares
567 1438 609 1474 in
627 1438 810 1487 proxima
825 1438 911 1474 loca
930 1439 1076 1488 recepti
1096 1444 1134 1475 et
1153 1439 1276 1476 veluti
1293 1439 1461 1476 civitatis
1476 1439 1562 1475 iure
1579 1436 1653 1475 do-

202 1495 285 1530 nati
298 1522 309 1542 ,
341 1491 413 1530 sed
440 1494 572 1530 animo
594 1505 751 1544 semper
770 1500 944 1544 agrestes
963 1500 1003 1531 et
1026 1492 1224 1543 crudeles,
1254 1507 1377 1532 novas
1397 1495 1441 1531 in
1462 1492 1547 1531 dies
1566 1501 1652 1531 tur-

201 1550 272 1587 bas
296 1549 472 1597 ciebant3
504 1549 662 1586 barbari
682 1563 703 1586 e
723 1547 964 1600 Scytharum
986 1550 1130 1600 genere
1149 1551 1192 1586 in
1209 1551 1408 1588 Romanas
1428 1550 1652 1601 provincias

200 1604 376 1658 undique
405 1604 644 1642 confluentes
670 1605 923 1643 incredibiles
948 1606 1191 1644 calamitates
1211 1607 1255 1643 in
1273 1619 1399 1643 unum
1427 1613 1652 1657 comporta-

199 1663 315 1711 bant3
346 1675 391 1699 ac
406 1663 550 1699 Persae
570 1659 734 1713 quidem
750 1663 1037 1713 Mesopotamia
1053 1663 1258 1710 universa,
1289 1663 1424 1714 Syria,
1453 1663 1652 1713 Aegypto,

199 1719 426 1756 Palaestina
454 1725 492 1754 et
518 1716 734 1755 Phoenicia
763 1719 982 1769 occupatis,
1021 1716 1315 1756 Chalcedonem
1348 1731 1476 1770 usque
1517 1717 1652 1766 delati,

199 1781 283 1812 tam
313 1774 398 1811 dira
429 1774 645 1824 Cpolitanis
674 1774 946 1821 minabantur,
977 1780 1022 1810 ut
1047 1785 1189 1824 parum
1217 1774 1386 1811 abfuerit
1407 1775 1504 1826 quin
1524 1780 1652 1812 totum

200 1831 413 1882 imperium
445 1842 524 1866 una
559 1842 650 1866 cum
683 1830 770 1879 ipso
801 1831 962 1866 nomine
991 1831 1149 1879 penitus
1185 1827 1393 1869 deleretur.
1451 1830 1572 1879 igitur
1608 1830 1652 1866 in

200 1894 310 1925 tanta
338 1893 564 1937 temporum
596 1885 819 1922 calamitate
848 1891 886 1922 et
913 1886 1091 1936 nequitia
1109 1886 1389 1935 imperatorem
1405 1883 1654 1922 desiderabat

201 1957 263 1981 res
290 1943 473 1994 publica,
504 1943 574 1994 qui
597 1942 815 1992 plurimum
842 1941 1012 1992 polleret
1033 1942 1180 1991 pietate
1207 1942 1393 1988 consilio,
1425 1947 1464 1977 et
1488 1942 1652 1978 militari

201 2001 379 2038 scientia.
436 1996 666 2037 huiusmodi
697 1998 816 2048 plane
841 1998 990 2044 virum,
1022 1997 1183 2048 qualem
1212 2010 1344 2034 rerum
1375 1995 1550 2034 condicio
1576 2009 1651 2047 po-

201 2056 393 2104 stulabat,
424 2067 469 2092 ac
497 2067 637 2092 verum
666 2051 788 2091 heroa
815 2053 1036 2090 Homericis
1063 2051 1248 2090 heroibus
1279 2053 1398 2103 longe
1427 2053 1653 2090 anteferen-
1717 2063 1721 2067 ’

202 2112 299 2150 dum
330 2119 369 2150 et
395 2112 483 2162 ipso
507 2108 738 2149 Alexandro
756 2111 950 2147 maiorem
971 2109 1094 2146 fuisse
1114 2109 1342 2146 Heraclium
1361 2107 1563 2146 contendit
1581 2109 1653 2146 Pi-

201 2168 288 2207 sida
310 2169 354 2206 in
372 2167 480 2206 hisce
499 2167 626 2205 tribus
641 2165 908 2211 Aeroasibus,
936 2167 979 2202 in
1001 2166 1145 2217 quibus
1165 2163 1213 2202 de
1230 2166 1358 2216 prima
1374 2166 1418 2202 in
1436 2163 1652 2203 Chosroam

201 2223 320 2262 huius
360 2225 532 2262 nominis
568 2222 788 2261 secundum
822 2225 1034 2260 Persarum
1079 2234 1214 2272 regem
1257 2219 1513 2272 expeditione
1556 2222 1652 2271 agit.

203 2280 393 2333 equidem
421 2281 549 2317 fateor
573 2293 638 2316 me
659 2278 710 2317 ad
727 2281 919 2317 maiorem
939 2279 1069 2315 animo
1089 2276 1387 2328 concipiendam
1410 2276 1459 2314 de
1480 2277 1654 2314 Heraclii

202 2340 347 2376 virtute
370 2337 599 2388 opinionem
619 2348 672 2372 ex
691 2334 856 2374 huiusce
877 2335 1069 2386 poematii
1091 2335 1261 2372 lectione
1280 2333 1403 2371 fuisse
1424 2335 1653 2380 excitatum,

203 2394 384 2446 quamvis
412 2405 571 2430 mecum
587 2393 673 2443 ipse
694 2399 918 2442 reputarem
939 2405 1025 2429 esse
1048 2390 1214 2428 fortasse
1236 2390 1448 2439 nonnulla,
1479 2402 1581 2442 quae
1600 2402 1654 2426 ex

203 2451 364 2501 ingenio
382 2450 587 2487 scribentis
603 2455 739 2485 ornata
760 2455 799 2485 et
814 2451 981 2499 poeseos
996 2447 1192 2485 coloribus
1208 2447 1402 2483 illustrata
1418 2447 1508 2497 plus
1525 2447 1650 2483 nimio

204 2513 381 2544 mentem
407 2507 663 2557 animumque
692 2505 966 2556 percellerent.
1022 2516 1104 2541 nou
1126 2504 1233 2540 enim
1255 2509 1314 2540 est
1332 2501 1562 2553 negandum
1580 2503 1653 2539 Pi-

206 2561 334 2600 sidam
358 2562 594 2614 plerumque
618 2561 678 2598 uti
705 2562 796 2599 stilo
823 2559 982 2610 turgido
1011 2566 1051 2597 et
1080 2560 1215 2597 inflato
1228 2586 1239 2607 ‚
1274 2570 1319 2595 ac
1337 2564 1423 2595 tum
1441 2559 1652 2610 praecipue

207 2618 417 2669 ampullari
442 2620 487 2656 in
513 2625 615 2666 arte,
647 2630 738 2654 cum
765 2617 994 2655 Heraclium
1017 2622 1056 2653 et
1075 2616 1260 2666 Sergium
1280 2613 1440 2663 laudat,
1471 2614 1652 2667 quamvis

207 2687 324 2725 saepe
353 2680 488 2711 tamen
513 2674 742 2726 profiteatur
770 2681 809 2712 et
835 2673 994 2710 auribus
1020 2672 1215 2718 inculcet,
1247 2683 1289 2708 se
1310 2683 1392 2708 non
1413 2670 1533 2709 modo
1556 2667 1655 2721 quid

206 2731 300 2768 falsi
330 2731 503 2773 Heraclii
529 2729 719 2781 laudibus·
732 2741 939 2782 nunquam
955 2727 1123 2776 addere,
1154 2725 1225 2766 sed
1244 2725 1428 2764 nonnihil
1450 2727 1581 2778 potius
1601 2737 1654 2761 ex

206 2787 304 2838 ipsis
324 2785 499 2824 deterere
529 2785 727 2838 (Acroas.
754 2789 774 2827 1
805 2784 898 2836 43).
956 2792 1152 2831 ceterum,
1185 2796 1236 2820 ne
1257 2781 1306 2820 de
1327 2783 1444 2820 malis
1465 2781 1654 2819 ecclesiae

205 2844 367 2896 loquar,
404 2843 556 2881 utinam
569 2872 580 2892 ‚
618 2855 740 2895 quam
775 2843 851 2881 fuit
888 2842 1000 2892 regni
1032 2839 1206 2879 Heraclii
1239 2839 1454 2890 gloriosum
1483 2837 1654 2886 initium,
