1890 3224
391 181 468 226 DE
499 181 681 229 REBUS
713 181 860 226 POST
887 178 1207 226 mmmcmlii
1230 178 1438 225 GESTIS.
1575 178 1640 224 25

317 293 427 339 ςΥπὸ
451 298 495 340 δὲ
514 296 587 340 τὸν
609 296 734 340 αὐτὸν
752 294 894 352 καιρὸν
921 295 966 338 ἐκ
988 299 1061 338 τοῦ
1083 296 1297 353 Αἲθρίβου
1320 292 1531 350 λεγομένου
1554 294 1640 335 Σα-

188 367 353 421 ρακηνοὶ
376 368 625 422 διεφαίνοντο
647 363 788 421 (χώρα
813 365 856 406 δὲ
877 368 994 406 τοῦτο
1011 369 1083 419 τῆς
1104 364 1340 418 εὐδαίμονος
1350 362 1561 419 Ἀραβίας)
1574 362 1643 404 καὶ

187 433 239 475 τὰ
262 434 384 476 ἐκεῖσε
402 436 535 490 χωρία
555 431 879 490 προσπελάζοντα
901 434 1109 487 ληίζεσθαι
1130 434 1368 489 ἐπεχείρουν.
1403 428 1643 487 ιΗροὶκλειος

189 502 233 544 δὲ
262 501 336 555 τὴν
365 503 571 558 θυγατέρα
594 502 794 544 Εὖδοκίαν
822 505 893 543 τοῦ
924 502 1146 552 Βυζαντίου
1178 502 1319 552 ἐξιέναι
1348 500 1562 557 ἐπέτρεψεν
1585 496 1642 548 ὥς

155 574 246 627 δτῷ
268 569 438 627 Τούρκῳ
459 569 608 624 ταύτην
627 567 918 625 κατεγγυήσας·
955 571 1020 611 καὶ
1050 570 1184 624 ἐπειδὴ
1214 569 1384 625 ἔγνωστο
1418 568 1479 610 ὅτι
1500 571 1637 624 σφαγῇ
1661 572 1694 607 G

188 636 210 679 ὃ
236 641 419 694 Τοῦρκος
439 637 639 694 ἀνῄρητο,
685 637 836 692 ταύτην
864 636 1126 695 ὗποστρὲφειν
1146 639 1357 680 ἐκέλευσεν.
1423 634 1643 693 ὗπᾶρχοντι

187 706 232 748 δέ
247 703 474 764 (Ηρακλείῳ
498 707 540 748 ἐν
560 711 610 763 τῇ
629 709 813 763 Περσικῇ
835 705 1092 761 ἐτελεύτησαν
1114 707 1223 763 αὐτῷ’
1257 705 1329 748 δύο
1359 704 1440 747 vini
1468 706 1534 746 καὶ
1557 708 1643 746 θυ-

185 774 348 830 γατέρες
371 773 456 816 δύο.
526 774 648 824 αὐτὸς
676 776 720 816 δὲ
753 774 890 828 λαβὼν
922 775 974 817 τὰ
1009 775 1183 831 ζῳοποιὰ
1205 773 1306 825 ξύλα
1325 773 1639 830 ἐσφραγισμένα,

187 841 376 898 καθάπερ
398 842 662 900 ἐλήφθησαν,
699 844 956 897 διαμείναντα
980 843 1082 899 πρὸς
1104 843 1156 886 τὰ
1181 841 1439 900 Ἱεροσόλυμα
1462 842 1641 898 ἄφίκετο,

133 920 177 955 10
188 911 255 952 καὶ
275 911 478 968 Μοδέστῳ
511 916 570 968 τῷ
599 911 779 968 ἀρχιερεῖ
805 913 873 953 καὶ
901 915 959 968 τῷ
979 912 1104 953 αὐτοῦ
1124 909 1260 968 κλήρῳ
1281 915 1410 953 ταῦτα
1428 908 1643 960 ὑπέδειξεν.

186 978 225 1020 οἷ
244 979 288 1020 δὲ
306 978 377 1032 τὴν
395 981 602 1036 σφραγῖδα
623 977 735 1022 σώαν
755 981 1038 1034 ἐπεγίνωσκον·
1064 981 1130 1021 καὶ
1150 977 1204 1029 ὡς
1222 980 1408 1035 ἀνέπαφα
1430 980 1494 1020 καὶ
1510 978 1643 1020 ἀθέα-

184 1063 237 1088 τα
258 1046 449 1100 βεβήλοις
478 1049 544 1089 καὶ
570 1045 800 1105 μιαιφόνοις
823 1049 939 1102 χερσὶ
969 1051 1049 1090 τῶν
1074 1046 1298 1104 βαρβάρων
1329 1045 1642 1102 ὁιετηρήθησαν,

187 1114 490 1172 εὖχαριστήριον
520 1115 628 1172 ᾠδὴν
659 1120 717 1172 τῷ
747 1119 834 1173 θεῷ
867 1115 1077 1158 ἀνέθεσαν.
1156 1114 1233 1170 τήν
1251 1133 1293 1158 τε
1319 1116 1455 1156 κλεῖδα
1477 1115 1550 1169 τὴν
1574 1113 1638 1156 ἐπ’
1664 1118 1696 1154 D

187 1183 325 1232 αὐτοῖς
357 1181 379 1224 ὅ
409 1181 597 1239 ἱεράρχης
626 1185 819 1237 μείνασαν
854 1183 956 1240 παρ’
994 1184 1103 1241 αὐτῷ
1133 1182 1279 1238 ἤγαγε,
1343 1185 1409 1224 καὶ
1441 1183 1646 1237 ἄνοιγέντα

132 1258 176 1292 15
188 1256 479 1307 προσκυνοῦσιν
498 1250 682 1301 ἅπαντες.
749 1249 1000 1305 ὗψωθέντων
1024 1252 1067 1293 δὲ
1086 1251 1217 1293 αὐτῶν
1236 1252 1359 1292 ἐκεῖσε
1379 1250 1504 1300 εὐθὺς
1522 1252 1578 1300 εἷς
1596 1251 1644 1293 τὸ

186 1318 410 1371 Βυζάντιον
441 1318 462 1361 ὁ
491 1319 682 1372 βασιλεὺς
701 1319 932 1373 ἐξέπεμψεν.
1000 1317 1022 1360 ὃ
1044 1319 1086 1361 δὲ
1104 1320 1268 1374 Σέργιος
1288 1317 1310 1360 ὃ
1330 1323 1401 1360 τοῦ
1422 1320 1645 1370 Βυζαντίου

188 1386 378 1443 ἱεράρχης
400 1389 443 1429 ἐκ
463 1390 706 1444 Βλαχερνῶν
727 1388 863 1444 (ἱερὸν
891 1388 934 1429 δὲ
967 1388 1008 1429 αἱ
1028 1388 1255 1444 Βλαχέρναι
1282 1392 1355 1441 τῆς
1374 1385 1644 1443 θεομήτορος)

186 1455 402 1498 λιτανεύων
421 1454 638 1507 ὑπεδέξατο
648 1488 662 1508 ,
705 1458 771 1498 καὶ
800 1456 902 1512 πρὸς
927 1456 1001 1509 τὴν
1027 1458 1216 1511 μεγίστην
1246 1457 1456 1510 ἐκκλησίαν
1485 1455 1645 1510 ἀγαγὼν

186 1529 315 1566 ταῦτα
336 1523 540 1580 ἀνύψωσε.
610 1525 778 1581 δευτέρα
807 1525 850 1566 δὲ
882 1518 932 1578 ἦν
958 1524 1156 1566 ι’νδικτιὼν
1188 1522 1306 1579 ἡνίκα
1338 1528 1468 1566 ταῦτα
1498 1521 1647 1580 ἐπράτ-

131 1598 290 1634 2οτετο.

324 1660 438 1703 ΠΙετ’
466 1659 514 1703 οὗ
535 1660 637 1703 πολὺ
659 1660 702 1702 δὲ
720 1662 788 1702 καὶ
803 1658 1045 1717 εΗράκλειος
1063 1660 1165 1717 πρὸς
1184 1660 1229 1702 τὸ
1251 1658 1472 1712 Βυζάντιον
1490 1657 1646 1717 ἐχώρει,

187 1726 266 1771 ὑπὸ
286 1732 437 1784 πολλῆς
461 1729 660 1785 εὐφημίας
688 1730 756 1770 καὶ
784 1727 904 1783 δόξης
931 1727 1263 1786 ὑπερβαλλούσης
1290 1728 1402 1785 παρὰ
1420 1733 1500 1771 τῶν
1520 1729 1645 1770 ἐκεῖσε

281 1859 301 1893 1
325 1854 523 1901 γενομένου
546 1856 576 1890 Ρ
685 1857 707 1891 6
730 1854 917 1901 ἄναιρεῖτο
941 1857 970 1891 Ρ
1077 1857 1099 1891 9
1123 1853 1350 1902 ἐλείφθησαν
1369 1857 1400 1892 P
1508 1858 1554 1894 14
1577 1854 1646 1892 αὖ·

276 1903 347 1948 τῆς
370 1903 400 1938 Ρ
538 1900 740 1947 ἀνοίγοντα
762 1904 812 1937 P:
837 1915 915 1938 corr
938 1902 1120 1938 Petavius.

281 2016 355 2051 Sub
377 2016 470 2051 idem
491 2022 628 2062 tempus
647 2029 691 2052 ex
708 2017 877 2052 Aethribo
897 2016 1012 2062 (regio
1035 2017 1123 2051 haec
1146 2020 1202 2051 est
1217 2016 1331 2051 felicis
1343 2017 1513 2061 Arabiae)
1533 2030 1646 2053 emer-

187 2074 268 2098 sere
289 2062 457 2097 Saraceni
480 2075 521 2098 ac
547 2063 664 2098 vicina
693 2063 771 2098 loca
802 2064 898 2098 facta
918 2063 1115 2108 irruptione
1136 2063 1295 2108 populati
1320 2070 1414 2098 sunt.
1461 2064 1646 2100 Heraclius

215 2121 294 2144 orto
316 2109 508 2144 Eudociam
531 2109 657 2154 filiam,
694 2121 795 2155 quam
824 2110 1018 2144 Turcorum
1050 2109 1201 2154 principi
1226 2115 1347 2154 pactus
1371 2115 1468 2154 erat,
1502 2112 1547 2145 ad
1570 2123 1648 2146 eum

188 2123 361 2199 Byzantio
383 2155 560 2201 proficisci
581 2155 691 2190 iubet.
739 2156 800 2190 sed
824 2167 900 2189 cum
922 2157 967 2190 de
987 2156 1131 2190 barbari
1149 2156 1256 2189 caede
1275 2155 1412 2190 allatum
1439 2162 1554 2200 esset,
1586 2169 1648 2192 ea-

189 2203 268 2235 dem
290 2201 510 2246 imperatoris
532 2203 692 2236 mandato
716 2202 918 2236 revertitur.
967 2202 1115 2246 dumque
1147 2201 1259 2235 adhuc
1282 2202 1466 2236 Heraclius
1497 2202 1534 2236 in
1556 2202 1647 2237 Per-

190 2247 269 2281 side
289 2252 453 2290 moratur,
478 2248 545 2281 duo
570 2248 642 2282 eius
663 2247 728 2281 filii
754 2248 968 2293 totidemque
989 2248 1083 2281 filiae
1104 2248 1194 2282 diem
1217 2248 1359 2281 obeunt.
1406 2248 1483 2292 ipse
1504 2249 1648 2283 vivifica

189 2292 286 2346 ligna
308 2292 360 2325 ita
377 2292 428 2326 uti
447 2298 564 2336 erant,
596 2305 670 2328 cum
691 2294 836 2337 primum
863 2299 966 2340 capta
991 2300 1090 2337 sunt,
1128 2293 1311 2338 obsignata
1332 2305 1447 2328 secum
1472 2295 1648 2340 deferens,

190 2337 469 2382 Hierosolymam
489 2338 657 2383 perrexit,
681 2346 717 2373 et
733 2340 894 2374 Modesto
914 2340 1133 2385 patriarchae
1153 2339 1296 2384 eiusque
1318 2340 1409 2374 clero
1429 2341 1647 2375 monstravit.

192 2386 237 2419 ab
262 2384 307 2418 iis
330 2384 467 2428 integra
495 2384 606 2418 adhuc
629 2385 729 2429 signa
751 2386 967 2431 deprehensa
989 2392 1090 2430 sunt,
1118 2385 1400 2430 intellectumque
1429 2386 1650 2421 sanctissima.

192 2430 281 2464 haec
301 2430 396 2475 ligna
418 2441 531 2474 neque
554 2431 711 2475 profanis
734 2442 774 2464 ac
795 2431 934 2485 pollutis
957 2433 1114 2466 manibus
1137 2437 1343 2475 attrectata,
1374 2443 1488 2476 neque
1509 2433 1553 2466 ab
1578 2433 1646 2467 iuis

189 2476 330 2522 penitus
354 2482 563 2521 conspecta3
586 2487 698 2520 eoque
715 2488 852 2511 nomine
871 2478 1006 2522 gratiae
1024 2478 1090 2512 deo
1114 2490 1156 2511 ac
1178 2477 1296 2511 laudes
1316 2477 1527 2522 persolutae.
1573 2483 1648 2513 tum

192 2522 392 2568 patriarcha
412 2522 556 2566 clavem,
580 2533 670 2566 quae
689 2523 782 2567 apud
799 2535 839 2557 se
855 2529 1082 2566 remanserat,
1106 2525 1206 2558 domo
1225 2523 1399 2566 deferens,
1424 2525 1650 2559 adorantibus

193 2567 366 2602 universis
383 2567 529 2602 loculum
553 2568 679 2614 aperit.
705 2573 784 2613 post
802 2569 888 2603 haec
903 2575 1020 2603 erecta
1036 2570 1107 2604 illic
1131 2581 1232 2603 cruce
1256 2569 1444 2614 imperator
1462 2582 1538 2604 eam
1556 2570 1650 2604 illico

191 2613 403 2656 Byzantium
424 2614 583 2648 remittit.
632 2614 688 2648 cui
712 2614 859 2658 Sergius
891 2615 1091 2660 patriarcha
1123 2627 1167 2649 ex
1189 2615 1413 2661 Blachernis‚
1444 2618 1537 2662 quod
1560 2623 1649 2651 tem-

192 2658 285 2704 plum
309 2659 367 2692 dei
389 2660 508 2693 matris
532 2665 605 2704 est,
639 2671 714 2694 cum
733 2659 864 2695 litaniis
887 2661 1024 2696 obviam
1046 2660 1239 2707 processit,
1265 2666 1301 2694 et
1319 2662 1363 2695 ad
1386 2663 1566 2697 maximam
1589 2674 1649 2695 ec-

193 2704 336 2739 clesiam
362 2705 537 2740 deducens
559 2706 690 2741 ibidem
717 2705 810 2740 illam
845 2707 971 2742 erexit.
1017 2707 1104 2742 haec
1135 2707 1249 2743 omnia
1277 2706 1468 2743 indictione
1497 2708 1651 2742 secunda

193 2750 427 2795 contigerunt.

284 2795 395 2830 Paulo
427 2801 510 2842 post
540 2808 625 2832 vero
647 2797 833 2832 Heraclius
857 2798 1066 2842 Byzantium
1094 2797 1234 2832 rediens
1264 2809 1341 2833 cum
1362 2799 1479 2834 fausta
1503 2797 1653 2833 omnium

194 2842 444 2883 acclamatione
463 2849 570 2889 atque
587 2843 723 2889 ingenti
744 2843 1002 2890 magnificentia
1019 2857 1041 2880 a
1058 2844 1194 2879 civibus
1207 2850 1374 2892 receptus
1393 2851 1461 2880 est.
1489 2849 1652 2890 quattuor

1671 2026 1705 2051 a.
1729 2015 1797 2052 631
