1890 3224
284 197 346 244 18
415 184 418 187 ’
642 193 997 240 NIGEPHORUS
1030 192 1373 237 opem-mus

279 306 303 351 ὃ
338 308 383 352 δὲ
410 305 623 361 δεξάμενος
652 303 845 361 ὑπέσχετο
864 302 1157 361 συμμαχήσειν.
1225 305 1268 349 ἐν
1287 301 1418 363 τούτῳ
1438 302 1580 361 ἡσθεὶς
1594 302 1731 363 Ἡρᾶ,

279 381 408 426 κλειος
430 374 592 431 ὥρμησε
612 376 680 416 καὶ
703 374 826 425 αὐτὸς
843 374 945 432 πρὸς
966 372 1108 426 αὐτόν,
1152 372 1331 423 κᾶκεῖνος
1351 373 1424 428 τὴν
1443 377 1517 416 τοῦ
1531 375 1731 428 βασιλέως

278 444 502 501 παρουσίαν
546 442 728 497 ἀκηκοώς
767 443 840 485 σὺν
877 440 1027 497 πλήθει
1057 439 1252 499 Τούρκων
1287 445 1446 483 πολλῶν
1479 445 1538 499 τῷ
1571 446 1737 496 βασιλεῖ

276 511 500 565 ὑπηντίαζε,
525 512 591 552 καὶ
613 511 772 564 ἀποβὰς
794 514 868 553 τοῦ
886 513 1012 552 ἵππου
1033 514 1090 568 τῷ
1111 514 1275 565 βασιλεῖ’
1290 510 1394 552 κατὰ
1407 513 1485 565 γῆς
1505 517 1727 566 προσκυνεῖ.

274 579 397 622 ἐποίει
428 579 473 621 δὲ
499 583 618 620 τοῦτο
649 580 715 620 καὶ
745 577 766 620 ὃ
795 577 869 620 σὺν
897 578 1012 636 αὐτῷ
1038 583 1118 628 πᾶς
1149 577 1280 633 ὄχλος.
1347 575 1371 620 ὅ
1400 578 1443 620 δὲ
1470 578 1662 631 βασιλεὺς
1678 578 1762 621 τὸὄ

276 645 531 703 ὧπερβάλλον
549 650 623 701 τῆς
644 650 764 701 τιμῆς
783 644 1038 701 θεασάμενος
1059 645 1204 702 ἐδήλου
1226 646 1337 703 αὐτῷ
1360 643 1418 696 ὥς
1437 646 1472 688 εἶ
1493 645 1542 687 τὰ
1567 649 1640 700 τῆς
1659 661 1733 702 φι-

276 716 367 765 λίας
388 714 498 773 αὐτῷ
509 715 662 768 βέβαια
679 715 752 769 εἴη,
771 716 839 756 καὶ
858 712 1123 769 ἓποχούμ-ενον
1139 712 1379 768 πλησιάζειν,
1406 714 1473 756 καὶ
1495 711 1581 767 ἅμα
1596 713 1733 756 τέκνον

276 782 381 825 ἴδιον
408 782 638 824 ἀποκαλῶν.
705 780 835 833 οὕτως
850 776 925 824 οὖν
945 777 1062 832 οὗτος
1086 781 1304 834 ἀσπάζεται
1325 787 1383 839 τῷ
1401 785 1573 834 βασιλεῖ’.
1641 778 1662 823 ὅ
1687 781 1733 823 δὲ

223 863 256 898 D
281 849 326 893 ὃν
347 851 560 907 περιέκειτο
575 850 776 908 στέφανον
794 854 868 911 τῆς
887 853 1066 908 κεφαλῆς
1082 850 1220 905 λαβὼν
1236 854 1287 907 τῇ
1303 854 1377 892 τοῦ
1397 847 1583 906 Τοῦρκου
1603 864 1734 905 κεφα-

276 922 326 974 λῇ’
347 919 577 975 περιέθετο,
619 917 902 972 συμποσιάσας
922 936 964 961 τε
985 919 1097 976 αὐτῷ
1118 917 1251 961 πάντα
1270 918 1321 961 τὰ
1344 921 1399 967 εἷς
1417 915 1636 974 ὑπηρεσίαν
1658 920 1730 958 τοῦ
1745 923 1788 958 10

273 987 500 1040 συ-μποοϊόυ
529 984 651 1041 σκεύη
679 985 766 1041 ἅμα
783 988 850 1028 καὶ
870 990 996 1042 στολῇ
1011 990 1203 1042 βασιλικῇ
1223 988 1290 1028 καὶ
1313 986 1487 1035 ἓνωτιόις
1509 986 1553 1026 ἐκ
1571 982 1737 1041 μαργοῖ-

277 1070 359 1110 ρων
391 1054 700 1107 κεκοσμημένοις
731 1057 916 1110 δωρεῖται
951 1054 1073 1111 αὐτῷ.
1142 1052 1335 1103 ὡσαύτως
1365 1053 1409 1095 δὲ
1439 1052 1624 1102 καὶτοὺς
1642 1053 1734 1108 περὶ

278 1121 402 1164 αὐτὸν
434 1120 633 1177 ἄρχοντας
661 1129 745 1172 τοῖς
772 1120 926 1174 ὁμοίοις
954 1122 1127 1170 ἕνωτιόις
1151 1120 1378 1178 αὐτοχειρίᾳ
1407 1118 1579 1172 ἐκόσμει.
1648 1117 1734 1162 εἶτα

277 1188 419 1238 δεδιὼς
438 1188 496 1242 μὴ
518 1188 570 1230 τὰ
590 1188 692 1229 αὐτὰ
712 1193 769 1245 τῷ
784 1187 946 1244 Ἀβάρῳ
969 1190 1035 1230 καὶ
1058 1188 1156 1244 παρ’
1184 1189 1331 1230 ἐκείνου
1352 1187 1539 1238 πείσεται,
1568 1187 1735 1243 ἐπικρα-

276 1257 442 1312 τέστερα
460 1256 504 1297 δ’
527 1255 641 1312 αὐτῷ
661 1257 727 1296 καὶ
747 1255 800 1298 τὰ
816 1259 888 1310 τῆς
909 1253 1153 1309 συμβάσεως
1171 1253 1445 1313 ἀπεργάζεται,
1464 1255 1734 1311 παραδείκνυ-
1745 1261 1788 1298 15

277 1339 342 1366 σιν
363 1323 475 1380 αὐτῷ
495 1327 567 1378 τῆς
588 1323 793 1381 θυγατρὸς
814 1324 1016 1373 Εὖδοκιάς
1039 1321 1171 1366 εἰκόνα
1183 1355 1196 1374 ,
1232 1323 1310 1380 ἔφη
1338 1340 1382 1365 τε
1404 1322 1507 1379 πρὸς
1531 1319 1654 1364 αὐτόν
1680 1319 1736 1372 ὥς

275 1389 428 1445 ἥνωσεν
441 1389 548 1446 ἡμᾶς
561 1389 582 1432 ὅ
593 1390 702 1443 θεός,
720 1392 765 1434 σὲ
775 1392 909 1434 τέκνον
917 1391 1014 1445 ἐμὸν
1028 1391 1240 1442 ἀπέδειξεν.
1267 1391 1357 1432 ἰδοὺ
1369 1390 1420 1445 δὴ
1434 1389 1536 1446 αὕτη
1547 1388 1733 1447 θυγάτηρ

276 1458 358 1513 μού
381 1461 464 1502 ἔστι
487 1461 553 1501 καὶ
563 1457 773 1514 Ῥωμαίων
791 1460 1026 1515 Αὐγοῦστα.
1097 1462 1131 1502 εἲ
1150 1455 1221 1501 οὖν
1242 1460 1442 1516 συναίρεις
1457 1475 1529 1512 μοι
1547 1459 1615 1500 καὶ
1631 1461 1738 1511 βοη-

159 1534 189 1569 P
210 1534 255 1571 12
279 1530 368 1576 θεῖς
387 1527 490 1569 κατὰ
513 1531 592 1569 τῶν
614 1528 796 1585 ἐχθρῶν,
843 1529 900 1577 εἲς
919 1533 1088 1583 γυναῖκα
1110 1528 1259 1580 δίδωμί
1278 1543 1342 1570 σοι
1364 1524 1503 1580 αὐτήν.
1570 1523 1592 1567 ὅ
1614 1525 1659 1567 δὲ
1677 1527 1737 1582 τῷ

277 1593 413 1636 κάλλει
443 1598 515 1647 τῆς
544 1593 693 1644 εἰκόνος
721 1598 787 1636 καὶ
815 1600 871 1652 τῷ
900 1597 989 1651 περὶ
1020 1594 1144 1648 αὐτὴν
1174 1593 1312 1652 κόσμῳ
1330 1596 1504 1651 τρωθεὶς
1521 1592 1638 1648 ἔρωτι
1661 1596 1790 1636 τοῦ20

279 1659 503 1718 ἀρχετύπου
527 1660 582 1703 ἔτι
604 1665 759 1718 μᾶλλον
779 1663 844 1703 ἐπὶ
864 1666 914 1717 τῇ
929 1663 1142 1720 συμμαχίᾳ
1165 1663 1349 1704 ἐπέκειτο.
1419 1660 1545 1710 εῧθῦς
1566 1655 1636 1703 οὖν
1657 1659 1735 1717 ἅρ-

275 1745 403 1784 χοντα
433 1731 501 1771 καὶ
533 1733 694 1783 πλῆθος
715 1728 909 1786 Τούρκων
933 1734 990 1788 τῷ
1010 1733 1177 1783 βασιλεῖ’
1191 1730 1470 1786 παραδίδωσι·
1503 1726 1578 1771 σὺν
1599 1727 1737 1778 αὐτοῖς

372 1859 392 1894 1
417 1854 509 1892 3222?
646 1858 686 1893 11
714 1854 847 1901 στολήν
867 1855 1059 1903 βασιλικὴν
1080 1857 1132 1891 P:
1155 1868 1235 1893 corr
1251 1856 1434 1893 Petavius.
1527 1856 1574 1892 12
1589 1851 1736 1897 rotie-

370 1899 554 1949 ἄρχοντας
574 1902 756 1949 petavius,
779 1906 860 1944 τοῖς
876 1923 922 1929 —
937 1899 1092 1949 ἄρχουσι
1115 1903 1144 1937 Ρ
1285 1903 1330 1940 15
1349 1898 1624 1948 duwaicum?

279 2017 483 2053 societatem
506 2016 673 2051 alliceret.
721 2015 774 2050 his
807 2015 867 2050 ille
898 2016 1050 2062 acceptis
1074 2016 1203 2051 auxilio
1226 2017 1379 2051 futurum
1406 2027 1446 2050 se
1467 2013 1643 2061 pollicitus
1666 2018 1734 2050 est.

133 2076 169 2101 a.
191 2064 258 2100 625
283 2075 326 2098 ea
343 2074 383 2097 re
405 2062 546 2106 gavisus
569 2060 753 2096 Heraclius
775 2062 820 2097 ad
840 2062 933 2096 illum
953 2062 1030 2107 ipse
1052 2062 1219 2107 perrexit.
1266 2062 1326 2106 qui
1352 2062 1475 2096 adesse
1491 2061 1736 2107 imperatorem

282 2109 425 2143 audiens
445 2119 521 2142 cum
538 2119 662 2152 magna
685 2108 878 2142 Turcarum
905 2119 1006 2142 manu
1029 2107 1167 2142 obviam
1189 2106 1373 2152 processit,
1398 2111 1435 2140 et
1457 2117 1501 2140 ex
1524 2117 1613 2150 equo
1638 2105 1734 2140 desi-

280 2153 368 2189 liens
390 2153 484 2187 humi
501 2165 539 2187 se
559 2164 673 2187 coram
697 2153 755 2186 illo
773 2153 978 2198 prostravit.
1024 2153 1116 2187 idem
1139 2156 1175 2187 et
1199 2151 1355 2186 universi
1377 2151 1452 2186 eius
1469 2152 1614 2186 comites
1636 2151 1735 2186 fece-

280 2204 375 2234 runt.
420 2199 611 2243 imperator
627 2202 759 2232 tantum
777 2199 847 2232 sibi
869 2200 914 2233 ab
936 2198 1004 2232 illis
1028 2199 1192 2232 honorem
1214 2197 1373 2231 exhiberi
1394 2197 1518 2231 videns
1532 2222 1542 2241 ,
1573 2197 1653 2231 duci
1672 2208 1733 2231 eo-

279 2256 356 2280 rum
377 2244 562 2288 significat,
586 2243 618 2277 si
641 2243 774 2277 firmam
797 2256 838 2277 ac
859 2244 1028 2278 sinceram
1051 2243 1236 2277 amicitiam
1259 2243 1349 2277 inire
1373 2242 1492 2286 vellet,
1516 2253 1606 2287 equo
1630 2242 1735 2277 etiam

281 2295 403 2325 vectus
427 2289 629 2332 accederet,
661 2288 768 2322 filium
791 2288 935 2334 insuper
956 2289 1101 2322 eundem
1125 2288 1314 2333 appellans.
1372 2287 1423 2322 ita
1444 2288 1578 2321 demum
1602 2289 1646 2322 ad
1668 2287 1734 2321 im-

281 2334 454 2381 peratoris
479 2333 691 2378 complexum
717 2334 886 2367 admissus
915 2338 985 2378 est,
1021 2334 1081 2379 qui
1109 2335 1300 2368 detractam
1320 2333 1390 2367 sibi
1411 2344 1573 2368 coronam
1593 2333 1734 2367 Turcae

282 2380 391 2425 capiti
416 2379 593 2425 imposuit.
641 2390 785 2424 cumque
811 2379 901 2413 hunc
922 2379 966 2414 ad
992 2379 1189 2414 convivium
1215 2380 1420 2423 invitasset,
1445 2378 1557 2412 omnia
1579 2377 1735 2413 convivii

282 2437 370 2460 vasa
400 2430 437 2460 at
462 2436 505 2458 ue
534 2424 695 2459 utensilia
726 2436 801 2459 cum
823 2425 921 2469 regia
946 2429 1044 2459 veste,
1069 2430 1105 2459 et
1125 2426 1303 2460 inauribus
1329 2437 1372 2459 ex
1392 2423 1590 2468 margaritis
1614 2424 1648 2458 ei
1669 2424 1734 2458 do-

283 2471 393 2505 navit.
466 2469 538 2505 edit
567 2476 604 2504 et
631 2470 770 2504 inaures
802 2470 886 2504 alias
908 2470 1123 2516 principibus
1148 2472 1206 2516 qui
1236 2483 1313 2506 eum
1339 2470 1609 2512 comitabantur,
1647 2480 1733 2515 quas

282 2527 385 2550 manu
413 2527 475 2550 sua
505 2516 686 2560 dilargitus
714 2520 779 2549 est.
828 2521 908 2562 post
931 2517 1017 2550 haec
1039 2517 1171 2550 veritus
1195 2529 1239 2551 ne
1259 2516 1350 2550 idem
1368 2515 1460 2560 quod
1477 2515 1612 2549 Avarus
1636 2515 1734 2549 fece-

283 2565 339 2595 rat
362 2566 482 2595 contra
503 2573 541 2595 se
566 2565 735 2606 tentaret,
767 2562 889 2596 foedus
913 2562 1007 2596 istud
1028 2562 1238 2597 firmioribus
1261 2560 1408 2595 vinculis
1433 2560 1609 2595 astrinxit.
1655 2571 1734 2595 nam

282 2606 464 2640 Eudociae
494 2607 588 2641 filiae
618 2607 801 2652 imaginem
830 2608 1069 2642 demonstrans
1098 2608 1188 2642 hunc
1210 2608 1246 2642 in
1267 2607 1402 2641 modum
1425 2605 1612 2651 alloquitur
1635 2602 1734 2639 “cum

283 2651 429 2732 ffiimum
451 2663 514 2685 nos
537 2654 621 2687 deus
646 2652 861 2697 conciliavit,
895 2653 1001 2687 filium
1027 2658 1063 2687 te
1089 2664 1200 2688 meum
1227 2665 1306 2687 esse
1331 2651 1453 2686 voluit.
1501 2663 1545 2686 en
1567 2651 1676 2696 igitur
1697 2653 1735 2686 et

323 2697 388 2731 iam
409 2709 517 2731 meam
541 2703 578 2732 et
597 2699 828 2733 Romanorum
850 2699 1051 2743 Augustam,
1074 2710 1193 2743 quam,
1218 2699 1250 2733 si
1272 2710 1326 2732 me
1349 2697 1525 2734 adiuveris
1552 2702 1588 2731 et
1612 2701 1733 2730 contra

284 2742 403 2777 hostes
427 2743 589 2777 auxilium
613 2744 763 2788 dederis,
786 2754 928 2778 uxorem
949 2744 1017 2779 tibi
1039 2740 1231 2790 spondeo.''
1277 2745 1322 2778 ad
1344 2744 1430 2778 haec
1451 2744 1621 2778 barbarus
1644 2741 1730 2776 ima-

284 2787 375 2833 ginis
397 2787 653 2833 pulchritudine
680 2795 716 2824 et
737 2794 860 2824 ornatu
880 2790 917 2823 in
940 2789 1124 2835 archetypi
1144 2801 1293 2824 amorem
1316 2789 1502 2835 impulsus,
1537 2799 1579 2823 eo
1603 2787 1646 2822 ad
1667 2786 1730 2820 fir-

283 2834 439 2869 mandam
461 2834 662 2870 societatem
681 2835 889 2882 propensior
908 2835 1022 2871 factus
1045 2840 1112 2871 est.
1137 2834 1254 2872 statim
1272 2835 1379 2881 igitur
1401 2835 1594 2870 Turcarum
1613 2831 1732 2879 copias
