1890 3224
349 202 427 246 DE
458 202 640 248 REBUS
673 202 820 247 POST
851 202 1170 248 MAURICIUM
1201 202 1410 250 GESTIS.
1547 208 1612 254 51

151 316 220 360 καὶ
242 316 357 360 παισὶ
379 315 481 375 πρὸς
501 316 784 370 ’Ῑουστινιᾳνόν
813 314 1014 373 ἔπεμψεν,
1049 315 1199 369 ἄλλους
1218 335 1261 362 τε
1284 322 1366 362 τῶν
1385 318 1613 377 πρωτευόν-

150 404 233 430 των
253 388 474 442 Χερσῶνος
493 385 645 444 ἄνδρας
660 384 760 429 ἔπτὰ
781 388 951 437 ’ξυλίνοις
968 386 1127 440 ὀβελοῖς
1142 385 1429 444 προσαρτήσας
1448 389 1513 431 ἐπὶ
1533 407 1614 432 πυ-

153 454 226 511 ρὸς
255 453 468 510 διώπτησε.
533 455 630 505 τοὺς
659 456 704 498 δὲ
723 459 804 498 τῶν
825 453 968 512 ἑτέρων
987 455 1333 513 προστατεύοντας
1354 455 1614 512 πολισμάτων

150 522 304 578 ἄνδρας
326 522 420 580 ἄχρι
443 524 510 566 καὶ
534 526 590 573 εἰς
610 522 735 566 εἶ’κοσι
753 523 904 582 ἀκατίῳ
923 522 1114 578 ἐμβαλὼν
1131 526 1199 566 καὶ
1215 523 1453 583 προσδήσας
1472 528 1616 578 λίθους

116 592 238 644 5[τε]
272 590 403 649 τούτῳ
431 592 640 641 πλείστους
667 595 727 650 τῷ
750 596 873 650 βυθῷ
901 592 1198 650 παραδέδωκεν.
1261 592 1542 645 ’Ῑουστινιανὸς
1566 596 1611 638 δὲ
1626 597 1662 634 Ρ
1686 600 1733 636 30

152 657 537 716 φιλανθρωπότερον
553 659 623 703 τὸν
641 661 849 718 Στέφανον
868 661 1106 704 διατεθέντα
1124 661 1238 719 παρὰ
1255 662 1308 705 τὰ
1326 663 1615 719 διατεταγμένα

149 727 262 785 αὐτῷ
282 729 451 781 νομίσας
473 728 542 770 διὰ
563 728 637 783 τὴν
657 733 738 771 τῶν
760 730 979 787 μειρακίων
998 730 1273 787 περιποίησιν,
1303 730 1616 789 σπουδαιότερον

148 793 359 850 ἐπανήκειν
377 797 480 854 πρὸς
501 796 623 839 αὐτὸν
644 798 858 841 ἐκέλευσεν.
906 798 1029 849 αὗτὸς
1044 799 1090 841 δὲ
1107 799 1212 842 κατὰ
1230 799 1284 842 τὰ
1303 801 1614 857 προσταχθέντα

147 865 301 906 ἐκεῖθεν
332 863 493 922 ἀπάρας
520 865 648 921 μηνὸς
663 865 913 925 Ὃκτωβρίου
937 867 1153 922 ἱσταμένου
1174 871 1341 922 χειμῶνι
1360 866 1523 927 μεγάλῳ
1544 870 1614 911 καὶ

95 937 140 972 10
150 933 326 990 ναυαγίῳ
350 934 594 990 περιπίπτει,
629 937 686 984 εἷς
710 941 816 991 τρεῖς
839 938 906 979 καὶ
929 932 1209 991 ἑβδομήκοντα
1225 934 1415 993 χιλιάδας
1435 941 1516 980 τῶν
1534 954 1614 981 κα-

146 1001 495 1043 ταποντισθέντων
524 1002 860 1058 ἃριθμηθέντων,
893 997 951 1047 ὧν
981 1005 1035 1046 τὰ
1063 1000 1263 1058 πτώματα
1285 1004 1328 1055 ἓξ
1342 1002 1613 1062 Ἀμάστριδος

147 1066 302 1118 πόλεως
330 1069 471 1126 μέχρις
489 1066 735 1127 “Ηρακλείας
761 1069 840 1114 ὕπὸ
869 1069 1087 1126 θαλάσσης-
1108 1071 1386 1129 ἇπερρίπτετο.
1455 1073 1534 1129 ἐφ’Υ
1550 1070 1613 1123 οἷς

149 1136 197 1179 οὗ
227 1139 423 1191 λυπηθεὶς
451 1137 555 1179 ἀλλὰ
584 1138 674 1181 λίαν
701 1140 920 1196 περιχαρὴς
951 1137 1161 1194 γενόμενος
1184 1139 1464 1191 Ἰουστινιανὸς
1490 1138 1612 1184 πάλιν

148 1202 337 1258 βούλεται
364 1205 497 1262 ἕτερον
518 1206 640 1250 ἐκεῖσε
661 1206 869 1261 ἐκπέμπειν
886 1205 1046 1251 στόλον.
1114 1206 1152 1248 οἳ
1178 1208 1223 1250 δὲ
1249 1211 1331 1250 τῶν
1345 1212 1495 1265 χωρῶν
1516 1207 1614 1251 τοῦ-

95 1278 139 1315 15
151 1289 231 1315 των
250 1271 439 1330 ἄρχοντες
455 1279 528 1329 τῆς
547 1272 687 1331 φήμης
705 1272 943 1329 αι’σθόμενοι
961 1272 1130 1324 ἑαυτοὺς
1145 1271 1221 1329 ὅση
1241 1273 1415 1329 δύναμις
1434 1276 1613 1332 ἠσφαλί-

150 1343 263 1394 ζοντο
273 1372 286 1392 ,
319 1341 422 1398 πρὸς
437 1343 480 1384 δὲ
497 1343 593 1393 τοὺς
611 1342 831 1400 Χαζάρους
849 1340 1205 1400 διαπρεσβεύονται
1221 1341 1324 1386 ὥστε
1344 1343 1408 1385 ἐπὶ
1426 1344 1611 1401 φυλακὴν
1630 1352 1663 1388 B

147 1407 302 1452 τούτων
337 1409 436 1452 λαὸν
469 1410 723 1454 ἀποστέλλειν
754 1412 821 1453 καὶ
846 1409 1076 1468 περισώζειν
1098 1410 1194 1461 τούς
1216 1410 1258 1454 ἓν
1281 1409 1421 1462 αῧτοῖς
1438 1417 1612 1469 περιλει-

150 1478 345 1535 φθέντας.
411 1483 540 1522 ταῦτα
566 1479 846 1530 Ἰουστινιανὸς
872 1479 1123 1534 μεμαθηκὼς
1146 1480 1189 1521 Γ
1183 1477 1350 1536 εῶργιον
1371 1479 1441 1523 τόν
1465 1482 1612 1538 πατρί-

149 1562 236 1588 κιον
263 1546 495 1589 ἀποστέλλει
518 1549 585 1589 καὶ
602 1546 791 1603 Ἰωάννην
807 1547 878 1590 τὸν
897 1553 972 1602 τῆς
990 1546 1144 1598 πόλεως
1160 1547 1343 1605 ὕπαρχον
1364 1547 1438 1592 σὺν
1461 1547 1614 1605 ἑτέροις

94 1613 320 1670 Ξοίίρχουσι
347 1616 413 1656 καὶ
440 1619 602 1672 στρατῷ
631 1614 726 1672 ἄχρι
755 1617 995 1669 τριακοσίων
1021 1615 1205 1672 ἀνδρῶν,
1239 1615 1451 1673 παραδοῦς
1474 1617 1612 1668 αὐτοῖς

148 1682 219 1725 τὸν
238 1683 397 1724 Δοῢνον
414 1685 482 1724 καὶ
502 1686 675 1734 Ζωΐλον,
710 1682 813 1726 ὥστε
830 1684 1163 1738 ἀποκαταστῆσαι
1181 1683 1330 1733 αὐτοὺς
1346 1691 1435 1734 ταῖς
1450 1686 1612 1736 οἰκείαις

149 1750 316 1806 ἀρχαῖς,
345 1750 492 1793 Ἠλίαν
513 1751 556 1793 δὲ
576 1751 737 1806 ἀγαγεῖν
756 1749 812 1801 ὥς
831 1749 966 1794 αὐτόν.
1034 1749 1188 1793 τούτων
1205 1752 1247 1793 ἓν
1266 1754 1455 1808 Χερσῶνι
1474 1770 1610 1809 παρα·-

148 1819 368 1875 γενομένων
402 1819 443 1861 οἳ
472 1823 545 1874 τῆς
563 1817 717 1869 πόλεως
737 1817 863 1873 μόνον
882 1821 923 1861 Γ
919 1816 1084 1876 εώργιον
1101 1820 1169 1861 καὶ
1186 1818 1282 1869 τοὺς
1303 1819 1379 1862 σὺν
1400 1820 1511 1879 αὐτῷ
1532 1820 1610 1877 ἄρ-

242 1936 287 1972 16
310 1932 493 1980 Χαζᾶρεις
511 1935 541 1970 P

148 2049 226 2074 cum
251 2037 420 2072 uxoribus
442 2040 478 2072 et
499 2036 621 2072 liberis
641 2037 778 2072 vinctos
810 2037 856 2072 ad
883 2035 1111 2072 lastinianum
1132 2034 1257 2079 mittit,
1291 2034 1378 2070 alios
1406 2035 1609 2072 chersonae

148 2084 254 2118 facile
279 2083 457 2130 principes
484 2095 627 2118 numero
650 2088 784 2129 septem
805 2082 932 2128 ligneis
957 2083 1111 2117 verubus
1133 2081 1280 2126 alligans
1301 2081 1347 2115 ad
1369 2081 1484 2126 ignem
1508 2094 1606 2117 assa—

148 2130 215 2165 vit.
262 2135 456 2164 ceterarum
485 2140 591 2174 porro
612 2129 747 2163 urbium
770 2129 940 2174 primores
963 2129 1008 2163 ad
1030 2127 1157 2172 viginti
1177 2128 1288 2161 ferme
1311 2127 1349 2161 in
1371 2127 1518 2162 lembum
1539 2127 1606 2163 im·-

149 2187 284 2222 ponens
309 2180 347 2210 et
364 2176 525 2219 ingentes
547 2187 591 2209 ex
614 2186 656 2209 eo
677 2174 813 2220 lapides
837 2174 981 2218 alligans
1001 2174 1039 2208 in
1061 2185 1157 2208 mare
1180 2173 1368 2218 depressit.
1414 2173 1478 2207 sed
1500 2174 1609 2208 Iusti-

151 2221 276 2263 nianus
306 2222 350 2255 ob
375 2226 535 2255 servatos
558 2221 704 2255 iuvenes
732 2221 866 2255 mollius
889 2231 980 2265 quae
1002 2220 1228 2255 mundaverat
1253 2225 1361 2263 atque
1383 2217 1563 2253 humanius
1587 2231 1610 2254 a

151 2266 333 2311 Stephano
358 2271 503 2311 peracta
523 2272 666 2312 putans,
696 2278 799 2312 quam
818 2266 964 2312 primum
986 2266 1078 2300 hunc
1099 2266 1145 2300 ad
1162 2276 1203 2299 se
1223 2268 1383 2298 revocat.
1429 2264 1489 2309 qui
1511 2264 1608 2309 inde,

151 2316 192 2347 ut
219 2317 296 2346 erat
323 2311 462 2355 iussus,
496 2311 636 2346 solvens
668 2312 811 2347 ineunte
840 2311 989 2346 Octobri
1019 2311 1204 2356 ingruente
1230 2310 1379 2344 maxima
1399 2314 1610 2356 tempestate

150 2357 372 2402 naufragium
395 2368 521 2402 passus
550 2361 626 2402 est,
658 2357 696 2392 in
750 2370 795 2393 uo
818 2358 887 2394 tria
911 2358 988 2392 fere
1012 2362 1049 2392 et
1069 2355 1292 2401 septuaginta
1313 2355 1408 2390 milia
1428 2358 1610 2392 submersa

151 2408 246 2439 sunt.
293 2414 439 2450 qnorum
461 2403 635 2437 cadavera
656 2404 701 2437 ab
723 2370 921 2439 Rmnstride
942 2404 987 2438 ad
1008 2402 1214 2438 Heracleam
1234 2412 1346 2447 usque
1362 2401 1466 2435 maris
1489 2407 1609 2437 aestus

149 2448 319 2494 abripuit.
365 2448 578 2483 lastinianus
601 2447 655 2482 his
676 2449 831 2494 acceptis
852 2461 922 2484 nou
941 2450 1044 2483 modo
1064 2447 1151 2484 nihil
1173 2447 1302 2490 doluit,
1322 2447 1386 2481 sed
1410 2447 1515 2481 etiam
1532 2459 1607 2482 ma-

152 2506 308 2540 gnopere
327 2494 470 2539 gavisus
497 2499 572 2539 est,
597 2494 686 2528 adeo
708 2499 748 2528 ut
769 2494 913 2530 alteram
936 2495 1040 2529 etiam
1058 2494 1202 2530 classem
1220 2493 1396 2527 instruere
1416 2498 1523 2538 utque
1543 2505 1608 2528 eo-

152 2541 232 2575 dem
253 2540 393 2575 mittere
415 2539 534 2575 vellet.
582 2540 645 2574 sed
665 2539 799 2574 illarum
831 2540 1088 2586 provinciarum
1123 2538 1301 2586 principes
1333 2549 1377 2572 ea
1402 2549 1444 2573 re
1497 2538 1606 2574 erlata

151 2585 356 2630 diligenter,
390 2587 483 2631 quod
515 2586 553 2620 in
584 2584 672 2631 ipsis
706 2585 790 2630 fuit,
824 2594 903 2620 sese
931 2585 1106 2630 muniunt,
1144 2590 1181 2619 et
1205 2584 1251 2619 ad
1273 2584 1449 2619 chazares
1483 2590 1606 2629 egatus

151 2631 311 2675 mittunt,
336 2636 376 2665 ut
393 2633 438 2667 ad
457 2631 514 2667 sui
534 2631 726 2666 custodiam
745 2642 932 2677 eorumque
954 2632 1015 2677 qui
1036 2634 1245 2678 supererant
1266 2629 1411 2665 salutem
1430 2630 1608 2683 praesidia

153 2676 409 2711 submitterent.
455 2678 545 2712 haec
565 2677 638 2712 -ubi
666 2677 878 2713 lastinianus
908 2678 1097 2723 comperit,
1131 2675 1320 2720 Georgium
1353 2676 1538 2721 patricium
1570 2681 1607 2710 et

152 2722 319 2756 Ioannem
340 2723 556 2767 praefectum
576 2723 674 2758 urbis
700 2723 858 2768 aliosque
885 2723 1061 2769 principes
1087 2734 1164 2757 cum
1184 2721 1353 2757 trecentis
1374 2721 1517 2756 circiter
1540 2720 1606 2755 ho-

154 2767 304 2802 minibus
335 2768 504 2812 destinat,
534 2769 650 2814 iisque
677 2769 813 2803 Danum
841 2780 883 2803 ac
902 2769 1038 2803 Zoilum
1062 2768 1298 2813 commendat,
1329 2767 1456 2812 quibus
1477 2766 1514 2800 in
1537 2766 1604 2799 im-

152 2813 288 2860 perium
306 2813 478 2848 restitutis
494 2814 632 2849 Heliam
650 2815 695 2849 ad
718 2826 757 2849 se
779 2815 1024 2859 perducerent.
1070 2814 1178 2858 igitur
1200 2824 1276 2848 cum
1299 2813 1512 2848 chersonem
1537 2822 1603 2855 ap-

151 2858 341 2904 pulissent,
365 2859 532 2906 oppidani
548 2860 741 2906 Georgium
761 2859 870 2896 solum
892 2871 968 2896 cum
990 2860 1226 2908 principibus,
1249 2868 1338 2907 quos
1355 2868 1472 2895 secum
1494 2857 1603 2893 addu-
