1890 3224
287 183 352 230 80
486 214 488 218 .
643 183 1009 229 NICEPHORUS
1029 182 1368 229 CPOLITANUS

413 296 521 353 ”Ηδη
544 297 588 340 δὲ
607 295 634 352 ἦ
657 297 819 353 ἀσέβεια
837 303 909 341 τοῦ
931 301 1171 355 κρατοῦντος
1191 295 1523 356 ἐπαρρησιάζετο,
1557 301 1623 342 καὶ
1647 296 1728 350 πᾶς

284 364 552 421 εὗσεβοῦντων
572 367 640 408 καὶ
658 370 744 425 θεῷ
760 367 1130 424 προσανακειμένων
1149 364 1169 409 ὃ
1195 368 1286 421 βίος
1310 366 1536 421 ἐχλευάζετο
1558 369 1623 409 καὶ
1644 370 1728 410 διε-

283 433 484 478 σκώπτετο
494 465 508 486 ,
554 434 732 490 μάλιστα
759 437 802 478 δὲ
822 440 901 479 τῶν
919 434 1168 491 μοναζόντων
1188 435 1234 478 τὸ
1259 436 1365 493 ἱερὸν
1384 436 1592 490 ἓκθέσμως
1609 434 1725 478 ἐδιώ-

165 513 195 547 Ρ
216 513 263 550 46
284 519 372 545 κετο
397 501 546 559 τάγμα.
609 502 762 547 τούτων
789 504 867 562 γὰρ
899 504 993 555 τοὺς
1014 504 1085 560 τὴν
1107 502 1260 548 ἑαυτῶν
1285 502 1498 560 ὁμολογίαν
1520 502 1726 561 φυλάξαν-

283 588 358 621 τας
388 573 455 613 καὶ
485 572 548 614 ἐπὶ
582 576 656 616 τοῦ
684 574 828 616 οἰκείου
860 574 1136 628 διαμείναντας
1167 571 1375 628 σχήματος
1401 574 1468 615 καὶ
1493 575 1551 630 τῷ
1582 571 1759 630 ἀνοσίῳὸ

284 640 418 682 αὐτῶν
451 640 751 696 ἀνθεστηκότας
781 640 950 698 δόγματι
981 643 1179 693 ποικίλαις
1206 640 1402 696 βασάνοις
1425 643 1491 683 καὶ
1518 639 1730 698 διαφόροις

284 710 433 760 αι’κίαις
451 711 745 767 παρεδίδοσαν,
789 715 856 753 καὶ
886 705 941 752 ὧν
969 712 1042 764 μὲν
1068 710 1141 765 τὴν
1166 708 1347 767 γενειάδα
1368 709 1544 767 ἀφειδῶς
1561 709 1725 762 ἀνεπίμ-

283 794 396 834 πρων
406 809 419 829 ,
455 772 510 820 ὧν
533 779 576 820 δὲ
597 784 677 821 τῶν
701 776 850 834 ταύτης
867 783 1013 835 τριχῶν
1028 780 1100 839 βία
1121 779 1376 828 ἀποσπῶντες
1397 776 1594 835 ἀφῄρουν.
1662 793 1733 819 κε·-

284 846 421 904 φαλὰς
437 846 478 888 δ’
503 845 636 890 ἄλλων
655 854 739 898 τοῖς
759 847 878 904 ἱεροῖς
894 849 1062 900 πίναξιν,
1094 848 1134 891 ἓν
1154 845 1213 899 οἷς
1234 852 1313 890 τῶν
1336 845 1526 903 ἁγίων-τὰ
1551 842 1729 888 ἐκτυπώ-

282 931 394 969 ματα
415 913 677 972 ἐκεχάρακτο,
722 917 938 973 διέθραυον
958 917 1158 967 παίοντες.·
1220 918 1287 959 καὶ
1313 916 1448 970 μέντοι
1478 915 1545 956 καὶ
1565 914 1732 972 ὀφθαλ-
1741 921 1785 957 10

282 983 386 1037 μοὺς
405 981 557 1026 τούτων
583 984 800 1042 διώρυττον
820 987 886 1028 καὶ
908 989 987 1028 τῶν
1007 989 1139 1039 μελῶν
1162 983 1276 1042 ἕτερα
1299 988 1372 1026 τοῦ
1393 981 1580 1037 σώματος
1599 982 1731 1032 ἐξέκο-

282 1067 383 1093 πτον
405 1051 691 1109 ἀπανθρώπως
722 1053 760 1095 οἳ
782 1054 959 1094 δείλαιοι.
1027 1055 1093 1094 καὶ
1124 1050 1230 1094 ἅπαν
1265 1050 1320 1102 ὡς
1349 1053 1467 1094 εἰπεῖν
1496 1051 1542 1093 τὸ
1573 1050 1734 1104 εὐσεβὲς

284 1120 472 1161 διωθεῖτο
496 1122 561 1162 καὶ
589 1119 860 1175 ἀπηλαύνετο,
904 1122 972 1163 καὶ
999 1119 1133 1177 ὥσπερ
1155 1118 1393 1174 ἕλληνισμοῦ
1417 1118 1602 1175 δευτέρου
1623 1120 1731 1175 Χρι-

282 1194 460 1237 στιανοΐς
488 1188 721 1244 ἐπιφυέντος
740 1192 860 1230 ’πᾶσα
885 1187 1046 1241 μηχανὴ
1075 1189 1316 1244 κακουργίας
1344 1187 1558 1238 ἐπενοεῖτο,
1601 1185 1658 1227 δι’
1683 1179 1734 1240 ἧς

236 1266 266 1300 Β
285 1256 380 1305 τοὺς
400 1255 502 1298 κατὰ
522 1255 622 1298 θεὸν
643 1257 711 1310 ζῆν
738 1255 1000 1312 αἱρουμένους
1019 1254 1245 1312 ἐπηρεάζειν
1265 1256 1332 1297 καὶ
1356 1256 1564 1310 πημαίνειν
1586 1251 1731 1300 ἐσποῦ-
1742 1258 1784 1294 15
1806 1301 1809 1304 Α

283 1325 416 1375 δαζον.
445 1323 523 1378 ἤδη
546 1324 590 1365 δὲ
609 1321 760 1366 τούτων
775 1325 900 1374 ἐνίους
915 1324 1017 1380 πρὸς
1035 1323 1080 1367 τὸ
1099 1328 1170 1378 τῆς
1190 1326 1336 1374 οἰκείας
1352 1323 1549 1373 ἀπωλείας
1566 1323 1732 1372 καθείλ-

283 1408 410 1435 κυσαν
429 1391 660 1449 βάραθρον,
694 1394 760 1434 καὶ
781 1397 838 1451 τῷ
859 1394 1050 1447 δυσσεβεῖ
1065 1391 1197 1435 αὐτῶν
1215 1391 1321 1443 εἶξαν
1342 1392 1589 1446 θεσπίσματι
1609 1390 1637 1446 ἢ
1658 1391 1732 1450 βίᾳ

284 1459 487 1515 ἑλκόμενοι
514 1460 540 1515 ἢ
572 1459 705 1517 ἀπάτῃ
739 1459 1032 1518 ἀποσυρόμενοι
1058 1460 1086 1516 ἢ
1115 1462 1312 1511 θωπείαις
1339 1458 1674 1514 ὕποκλεπτόμενοι
1705 1457 1738 1514 ἢ

280 1527 463 1586 χρήμασι
490 1528 763 1583 δελεαζόμενοι
792 1528 819 1584 ἢ
841 1530 1064 1586 στρατείαις
1083 1534 1161 1572 τῶν
1183 1528 1422 1583 ἀξιωμάτων
1446 1524 1732 1585 φιλοτιμούμε-

283 1615 345 1641 νοι
357 1629 370 1648 ,
413 1597 439 1652 ἢ
466 1595 618 1654 ἑτέραις
647 1596 929 1654 παλιντρόποις
949 1601 1023 1640 τοῦ
1040 1602 1215 1653 πονηροῦ
1235 1599 1465 1651 μεθοδείαις
1483 1596 1556 1650 τὴν
1574 1593 1788 1650 ἀπάτηνΞΟ

286 1664 552 1719 εἶσδεχόμενοι
570 1665 615 1707 τὸ
639 1663 866 1720 ἔπάγγελμά
887 1682 929 1707 τε
946 1665 1198 1719 ἧθέτουνκαὶ
1215 1664 1260 1707 τὸ
1280 1665 1424 1719 σεμνὸν
1440 1661 1733 1721 μεταμφιεννύ-

285 1751 397 1788 μενοι
425 1732 623 1786 στόλισμα
651 1737 824 1787 κομῆται
844 1732 957 1775 αὐτοὶ
978 1732 1063 1775 ἀντὶ
1081 1733 1333 1790 κεκαρμένων
1353 1733 1609 1775 διεδείκνυντο
1619 1763 1632 1783 ,
1666 1732 1734 1779 καὶ

286 1804 343 1853 εἷς
363 1806 511 1846 λαϊκῶν
531 1805 669 1856 σχῆμα
690 1800 814 1852 εὐθὺς
832 1799 1137 1859 μεθηρμόζοντο
1149 1833 1162 1853 ,
1196 1802 1354 1857 γυναιξί
1374 1818 1416 1844 τε
1447 1798 1598 1855 ὁμιλεῖν
1615 1806 1732 1843 κατε-

376 1921 396 1955 1
418 1917 569 1954 πάντων
585 1917 651 1964 μὲν
666 1919 743 1954 τῶν
762 1915 870 1957 εὖσ.7
1004 1921 1027 1957 7
1044 1916 1302 1965 ἑνεπίμπρωνξ)
1348 1939 1353 1942 -

374 2021 472 2056 Inter
491 2020 579 2056 haec
598 2021 818 2067 imperatoris
840 2021 1003 2067 impietas
1021 2021 1126 2057 multo
1147 2020 1352 2056 insolentius
1376 2019 1504 2065 efferri,
1528 2032 1570 2055 ac
1588 2018 1732 2064 religio-

283 2078 399 2103 sorum
423 2067 595 2102 hominum
619 2074 655 2102 et
678 2073 957 2102 consecratorum
982 2068 1058 2103 vita
1075 2069 1184 2102 omnis
1202 2067 1404 2101 irriderifflc
1424 2067 1574 2101 ludibrio
1596 2065 1733 2100 haberis

284 2114 348 2147 sed
369 2114 407 2147 in
429 2119 550 2148 sancta
571 2114 813 2148 monachorum
831 2113 978 2158 collegia
1000 2115 1188 2160 praecipue
1209 2113 1263 2147 vis
1287 2111 1346 2145 illa
1367 2112 1536 2146 bacchata
1558 2116 1623 2147 est.
1668 2111 1734 2156 qui

284 2159 375 2193 enim
406 2171 450 2193 ex
480 2159 615 2194 illorum
646 2159 768 2194 ordine
797 2160 833 2193 in
865 2166 1026 2204 suscepta
1052 2158 1270 2205 professione
1293 2157 1541 2202 persisterent,
1574 2169 1615 2192 ac
1636 2157 1733 2193 vitae

283 2216 368 2239 suae
393 2205 519 2239 cultum
542 2210 579 2239 et
601 2205 795 2239 institutum
817 2205 1031 2240 constantius
1048 2205 1252 2248 retinerent,
1277 2209 1381 2248 atque
1407 2202 1542 2237 illorum
1562 2202 1734 2248 sacrilego

283 2248 437 2296 dogmati
458 2255 705 2296 repugnarent,
730 2251 837 2285 variis
859 2251 982 2296 poenis
1006 2255 1043 2284 et
1065 2249 1247 2295 exquisitis
1267 2249 1448 2283 tormentis
1471 2249 1620 2284 subiecti
1637 2254 1730 2284 sunt.

283 2296 362 2331 aliis
389 2297 497 2331 barba
527 2296 674 2330 flammis
705 2301 849 2340 exusta,
880 2302 940 2331 aut
973 2307 1048 2331 oum
1079 2308 1121 2331 ea
1157 2300 1255 2341 parte
1290 2295 1529 2339 traherentur,
1560 2294 1733 2329 violenter

283 2342 415 2377 evulsa.
463 2341 540 2375 aliis
562 2353 737 2376 sacrarum
759 2341 971 2386 tabularum,
1015 2342 1140 2387 quibus
1163 2347 1360 2376 sanctorum
1383 2340 1519 2385 effigies
1541 2339 1732 2384 inscriptae

284 2392 405 2432 erant,
436 2387 529 2422 illisu
550 2387 665 2433 capita
687 2387 849 2422 diffracta
872 2393 965 2422 sunt.
1012 2387 1249 2422 nonnullorum
1273 2386 1364 2421 oculi
1382 2386 1541 2430 suffossi,
1571 2386 1632 2420 alii
1653 2385 1733 2420 aliis

283 2434 440 2479 corporis
472 2433 630 2480 partibus
665 2433 900 2467 crudelissime
932 2433 1093 2468 mutilati.
1140 2434 1192 2468 ita
1221 2433 1354 2477 pietate
1377 2431 1469 2467 omni
1497 2443 1538 2466 ao
1559 2431 1732 2476 religione

283 2479 394 2525 pulsu,
420 2485 456 2514 et
473 2479 596 2524 gentili
618 2478 864 2524 superstitione
883 2480 995 2514 denuo
1016 2480 1112 2514 velut
1127 2479 1344 2522 introducta,
1369 2477 1535 2512 scelerum
1553 2477 1731 2512 machinae

283 2536 401 2559 omnes
420 2526 578 2560 admotae
596 2530 687 2568 sunt,
710 2525 835 2569 quibus
854 2525 983 2559 sanctis
1005 2525 1199 2560 hominibus
1216 2523 1382 2558 insultare
1403 2535 1445 2559 ac
1462 2534 1588 2557 nocere
1609 2523 1732 2558 stude-

282 2572 379 2605 bant.
427 2583 470 2604 ex
503 2583 571 2616 quo
603 2572 731 2605 factum
763 2575 818 2604 est
839 2577 878 2604 ut
900 2571 1079 2605 nonnullos
1102 2572 1138 2605 in
1161 2571 1303 2605 eandem
1323 2581 1438 2603 secum
1462 2568 1652 2614 perniciem
1674 2573 1729 2603 at‘-

282 2627 351 2662 que
376 2616 519 2650 exitium
541 2617 739 2658 traherent3
788 2617 822 2650 ui
841 2616 975 2651 illorum
998 2617 1104 2662 impio
1128 2616 1280 2661 dogmati
1299 2620 1480 2649 cesserunt
1502 2615 1629 2661 partim
1651 2614 1732 2649 dolo

284 2662 530 2706 circumventi,
562 2662 688 2707 partim
717 2662 760 2696 ad
795 2662 911 2696 atione
931 2663 1090 2708 decepti,
1120 2668 1181 2697 aut
1202 2660 1422 2706 pecuniarum
1440 2659 1604 2695 illecebra
1624 2671 1665 2694 oa
1690 2659 1731 2704 ti,

286 2713 347 2742 aut
373 2708 631 2752 magistratuum
663 2720 727 2753 spe
753 2720 794 2742 ac
822 2709 1118 2753 praefecturarum
1148 2706 1345 2742 militarium
1378 2705 1532 2747 inducti3
1562 2710 1625 2740 aut
1689 2705 1732 2741 'is

286 2754 437 2834 deniqlue
459 2754 585 2788 nefarii
605 2754 750 2788 hominis
773 2754 908 2788 insidiis
931 2767 972 2789 ao
994 2755 1175 2789 fraudibus
1191 2752 1334 2796 irretiti,
1362 2753 1497 2791 eiurata
1513 2751 1732 2806 professione

287 2812 330 2834 ac
348 2811 388 2834 re
401 2800 512 2844 igioso
535 2799 593 2833 illo
616 2800 709 2834 cultu
732 2799 911 2845 deposito,
937 2813 981 2834 ex
1003 2800 1149 2835 attonsis
1173 2799 1210 2832 in
1228 2804 1379 2832 comatos
1401 2802 1524 2832 mutati
1544 2802 1646 2840 sunt,
1676 2801 1732 2831 at·-

286 2857 355 2891 que
378 2847 423 2883 ad
443 2846 607 2882 laicorum
626 2846 777 2891 speciem
801 2846 952 2882 traducti
973 2857 1049 2883 cum
1075 2844 1240 2882 uxoribus
1263 2844 1367 2881 etiam
1387 2841 1538 2889 copulati
1560 2847 1660 2888 sunt,
1695 2845 1732 2877 et
