<?xml version="1.0" encoding="UTF-8"?>
<!DOCTYPE html PUBLIC "-//W3C//DTD XHTML 1.0 Transitional//EN"
    "http://www.w3.org/TR/xhtml1/DTD/xhtml1-transitional.dtd">
<html xmlns="http://www.w3.org/1999/xhtml" xml:lang="en" lang="en">
 <head>
  <title>
</title>
<meta http-equiv="Content-Type" content="text/html;charset=utf-8" />
  <meta name='ocr-system' content='tesseract 3.04.00' />
  <meta name='ocr-capabilities' content='ocr_page ocr_carea ocr_par ocr_line ocrx_word'/>
</head>
<body>
  <div class='ocr_page' id='page_1' title='image "./corpusscriptorum42niebuoft/corpusscriptorum42niebuoft_0158.png"; bbox 0 0 1838 3210; ppageno 0'>
   <div class='ocr_carea' id='block_1_1' title="bbox 227 167 1101 216">
    <p class='ocr_par' dir='ltr' id='par_1_1' title="bbox 227 167 1101 216">
     <span class='ocr_line' id='line_1_1' title="bbox 227 167 1101 216; baseline 0 0"><span class='ocrx_word' id='word_1_1' title='bbox 227 167 322 216; x_wconf 83' lang='lat'><strong>144</strong></span> <span class='ocrx_word' id='word_1_2' title='bbox 801 172 883 215; x_wconf 91' lang='lat' dir='ltr'><strong>DU</strong></span> <span class='ocrx_word' id='word_1_3' title='bbox 917 171 1101 216; x_wconf 82' lang='lat' dir='ltr'><strong>CANGII</strong></span> 
     </span>
    </p>
   </div>
   <div class='ocr_carea' id='block_1_2' title="bbox 220 280 1677 390">
    <p class='ocr_par' dir='ltr' id='par_1_2' title="bbox 220 280 1677 390">
     <span class='ocr_line' id='line_1_2' title="bbox 221 280 1677 334; baseline 0.002 -15"><span class='ocrx_word' id='word_1_4' title='bbox 221 282 404 333; x_wconf 85' lang='lat' dir='ltr'>respicit,</span> <span class='ocrx_word' id='word_1_5' title='bbox 445 280 586 319; x_wconf 83' lang='lat' dir='ltr'><strong>dextra</strong></span> <span class='ocrx_word' id='word_1_6' title='bbox 618 282 839 332; x_wconf 82' lang='lat' dir='ltr'><strong>nuncupari</strong></span> <span class='ocrx_word' id='word_1_7' title='bbox 869 280 1025 319; x_wconf 86' lang='lat' dir='ltr'><strong>videtur</strong></span> <span class='ocrx_word' id='word_1_8' title='bbox 1054 282 1215 319; x_wconf 86' lang='lat' dir='ltr'><strong>Nicetae</strong></span> <span class='ocrx_word' id='word_1_9' title='bbox 1243 280 1493 334; x_wconf 85' lang='lat' dir='ltr'><strong>Paphlagoni</strong></span> <span class='ocrx_word' id='word_1_10' title='bbox 1524 284 1568 320; x_wconf 88' lang='lat' dir='ltr'><strong>in</strong></span> <span class='ocrx_word' id='word_1_11' title='bbox 1594 285 1677 323; x_wconf 81' lang='lat' dir='ltr'><strong>vita</strong></span> 
     </span>
     <span class='ocr_line' id='line_1_3' title="bbox 220 336 1677 390; baseline 0.003 -15"><span class='ocrx_word' id='word_1_12' title='bbox 220 340 365 389; x_wconf 87' lang='lat' dir='ltr'><strong>Ignatii</strong></span> <span class='ocrx_word' id='word_1_13' title='bbox 392 336 635 389; x_wconf 80' lang='lat' dir='ltr'><strong>patriarchae</strong></span> <span class='ocrx_word' id='word_1_14' title='bbox 666 338 752 384; x_wconf 88' lang='lat' dir='ltr'><strong>CP,</strong></span> <span class='ocrx_word' id='word_1_15' title='bbox 782 350 860 390; x_wconf 90' lang='lat' dir='ltr'><strong>quo</strong></span> <span class='ocrx_word' id='word_1_16' title='bbox 887 338 974 376; x_wconf 90' lang='lat' dir='ltr'><strong>loco</strong></span> <span class='ocrx_word' id='word_1_17' title='bbox 993 345 1125 376; x_wconf 87' lang='lat' dir='ltr'><strong>narrat</strong></span> <span class='ocrx_word' id='word_1_18' title='bbox 1144 339 1343 376; x_wconf 86' lang='lat' dir='ltr'><strong>somnium</strong></span> <span class='ocrx_word' id='word_1_19' title='bbox 1359 338 1512 377; x_wconf 87' lang='lat' dir='ltr'><strong>Bardae</strong></span> <span class='ocrx_word' id='word_1_20' title='bbox 1531 340 1677 379; x_wconf 81' lang='lat' dir='ltr'><strong>caesa-</strong></span> 
     </span>
    </p>
   </div>
   <div class='ocr_carea' id='block_1_3' title="bbox 62 389 1732 2872">
    <p class='ocr_par' dir='ltr' id='par_1_3' title="bbox 62 389 1732 2872">
     <span class='ocr_line' id='line_1_4' title="bbox 222 389 1675 465; baseline 0.003 -32"><span class='ocrx_word' id='word_1_21' title='bbox 222 397 298 433; x_wconf 89' lang='lat' dir='ltr'><strong>ris:</strong></span> <span class='ocrx_word' id='word_1_22' title='bbox 330 394 398 434; x_wconf 83' lang='grc' dir='ltr'><strong>καὶ</strong></span> <span class='ocrx_word' id='word_1_23' title='bbox 426 392 487 434; x_wconf 83' lang='grc' dir='ltr'><strong>ότε</strong></span> <span class='ocrx_word' id='word_1_24' title='bbox 519 395 688 445; x_wconf 80' lang='grc' dir='ltr'><strong><em>πλησίον</em></strong></span> <span class='ocrx_word' id='word_1_25' title='bbox 714 389 816 446; x_wconf 78' lang='grc' dir='ltr'><strong><em>ἦμεν</em></strong></span> <span class='ocrx_word' id='word_1_26' title='bbox 834 397 910 435; x_wconf 78' lang='grc' dir='ltr'><strong>τοῦ</strong></span> <span class='ocrx_word' id='word_1_27' title='bbox 927 392 1150 465; x_wconf 72' lang='grc' dir='ltr'><strong><em>ἅμβωνος,</em></strong></span> <span class='ocrx_word' id='word_1_28' title='bbox 1162 393 1363 445; x_wconf 80' lang='grc' dir='ltr'><strong><em>ω’φθησαν</em></strong></span> <span class='ocrx_word' id='word_1_29' title='bbox 1385 392 1516 448; x_wconf 83' lang='grc' dir='ltr'><strong><em>ω’σπερ</em></strong></span> <span class='ocrx_word' id='word_1_30' title='bbox 1535 398 1675 449; x_wconf 86' lang='grc' dir='ltr'><strong><em>κουβι-</em></strong></span> 
     </span>
     <span class='ocr_line' id='line_1_5' title="bbox 216 446 1674 518; baseline 0.001 -26"><span class='ocrx_word' id='word_1_31' title='bbox 216 447 424 503; x_wconf 75' lang='grc' dir='ltr'><strong><em>κουλάριοι</em></strong></span> <span class='ocrx_word' id='word_1_32' title='bbox 450 446 525 491; x_wconf 81' lang='grc' dir='ltr'><strong>δύο</strong></span> <span class='ocrx_word' id='word_1_33' title='bbox 550 446 746 503; x_wconf 82' lang='grc' dir='ltr'><strong><em>απότομοι</em></strong></span> <span class='ocrx_word' id='word_1_34' title='bbox 768 450 834 491; x_wconf 80' lang='grc' dir='ltr'><strong>καὶ</strong></span> <span class='ocrx_word' id='word_1_35' title='bbox 858 451 1085 518; x_wconf 78' lang='grc' dir='ltr'><strong><em>ἐμβριθεῖς,</em></strong></span> <span class='ocrx_word' id='word_1_36' title='bbox 1117 467 1174 491; x_wconf 83' lang='grc' dir='ltr'><strong>ων</strong></span> <span class='ocrx_word' id='word_1_37' title='bbox 1196 450 1221 491; x_wconf 84' lang='lat' dir='ltr'><strong>o‘</strong></span> <span class='ocrx_word' id='word_1_38' title='bbox 1243 449 1313 503; x_wconf 81' lang='grc' dir='ltr'><strong>μὲν</strong></span> <span class='ocrx_word' id='word_1_39' title='bbox 1334 451 1493 504; x_wconf 75' lang='grc' dir='ltr'><strong><em>δέσμιον</em></strong></span> <span class='ocrx_word' id='word_1_40' title='bbox 1512 450 1581 494; x_wconf 79' lang='grc' dir='ltr'><strong>τόν</strong></span> <span class='ocrx_word' id='word_1_41' title='bbox 1601 454 1674 506; x_wconf 80' lang='grc' dir='ltr'><strong><em>βα·-</em></strong></span> 
     </span>
     <span class='ocr_line' id='line_1_6' title="bbox 219 504 1675 561; baseline 0.001 -14"><span class='ocrx_word' id='word_1_42' title='bbox 219 507 326 548; x_wconf 83' lang='grc' dir='ltr'><strong><em>σιλέα</em></strong></span> <span class='ocrx_word' id='word_1_43' title='bbox 349 505 485 559; x_wconf 71' lang='grc' dir='ltr'><strong><em>λαβών</em></strong></span> <span class='ocrx_word' id='word_1_44' title='bbox 505 506 572 547; x_wconf 82' lang='grc' dir='ltr'><strong>καὶ</strong></span> <span class='ocrx_word' id='word_1_45' title='bbox 592 506 658 547; x_wconf 78' lang='grc' dir='ltr'><strong>ἐπὶ</strong></span> <span class='ocrx_word' id='word_1_46' title='bbox 677 505 723 547; x_wconf 73' lang='grc' dir='ltr'><strong>τὰ</strong></span> <span class='ocrx_word' id='word_1_47' title='bbox 744 505 852 556; x_wconf 82' lang='grc' dir='ltr'><strong><em>ὁεξια</em></strong></span> <span class='ocrx_word' id='word_1_48' title='bbox 872 504 1106 561; x_wconf 79' lang='grc' dir='ltr'><strong><em>κατασύρων</em></strong></span> <span class='ocrx_word' id='word_1_49' title='bbox 1126 507 1313 556; x_wconf 77' lang='grc' dir='ltr'><strong><em>ἔξωθεῖτο</em></strong></span> <span class='ocrx_word' id='word_1_50' title='bbox 1329 511 1399 559; x_wconf 80' lang='grc' dir='ltr'><strong>τῆς</strong></span> <span class='ocrx_word' id='word_1_51' title='bbox 1418 508 1575 558; x_wconf 80' lang='grc' dir='ltr'><strong><em>σολέας,</em></strong></span> <span class='ocrx_word' id='word_1_52' title='bbox 1606 525 1675 549; x_wconf 56' lang='grc' dir='ltr'><strong>και</strong></span> 
     </span>
     <span class='ocr_line' id='line_1_7' title="bbox 214 560 1673 634; baseline 0 -30"><span class='ocrx_word' id='word_1_53' title='bbox 214 564 415 616; x_wconf 85' lang='grc' dir='ltr'><strong><em>τακρίνων</em></strong></span> <span class='ocrx_word' id='word_1_54' title='bbox 439 579 493 610; x_wconf 89' lang='grc' dir='ltr'><strong>ως</strong></span> <span class='ocrx_word' id='word_1_55' title='bbox 511 560 757 634; x_wconf 57' lang='grc' dir='ltr'><strong><em>ὕπεύθυνρν</em></strong></span> <span class='ocrx_word' id='word_1_56' title='bbox 772 571 846 602; x_wconf 88' lang='lat' dir='ltr'><strong>etc.</strong></span> <span class='ocrx_word' id='word_1_57' title='bbox 892 564 1091 602; x_wconf 79' lang='lat' dir='ltr'><strong>cedrenus</strong></span> <span class='ocrx_word' id='word_1_58' title='bbox 1112 563 1221 602; x_wconf 88' lang='lat' dir='ltr'><strong>idem</strong></span> <span class='ocrx_word' id='word_1_59' title='bbox 1243 567 1444 603; x_wconf 88' lang='lat' dir='ltr'><strong>somnium</strong></span> <span class='ocrx_word' id='word_1_60' title='bbox 1466 577 1673 604; x_wconf 81' lang='lat' dir='ltr'><strong>enarrans.</strong></span> 
     </span>
     <span class='ocr_line' id='line_1_8' title="bbox 217 618 1675 674; baseline 0.001 -13"><span class='ocrx_word' id='word_1_61' title='bbox 217 621 361 668; x_wconf 82' lang='grc' dir='ltr'><strong><em>οίτινες</em></strong></span> <span class='ocrx_word' id='word_1_62' title='bbox 388 619 625 673; x_wconf 79' lang='grc' dir='ltr'><em>ὁδηγοῦντες</em></span> <span class='ocrx_word' id='word_1_63' title='bbox 659 636 784 661; x_wconf 82' lang='grc' dir='ltr'><strong><em>αυτον</em></strong></span> <span class='ocrx_word' id='word_1_64' title='bbox 818 618 960 673; x_wconf 84' lang='grc' dir='ltr'><strong><em>α’γουσι</em></strong></span> <span class='ocrx_word' id='word_1_65' title='bbox 990 619 1088 674; x_wconf 82' lang='grc' dir='ltr'><strong><em>πρὸς</em></strong></span> <span class='ocrx_word' id='word_1_66' title='bbox 1115 619 1186 669; x_wconf 73' lang='grc' dir='ltr'><strong>τοὶς</strong></span> <span class='ocrx_word' id='word_1_67' title='bbox 1210 622 1411 673; x_wconf 81' lang='grc' dir='ltr'><strong><em>κιγκλίδας</em></strong></span> <span class='ocrx_word' id='word_1_68' title='bbox 1434 624 1507 662; x_wconf 84' lang='grc' dir='ltr'><strong>τοῦ</strong></span> <span class='ocrx_word' id='word_1_69' title='bbox 1531 626 1675 662; x_wconf 73' lang='grc' dir='ltr'><strong><em>θυσια-</em></strong></span> 
     </span>
     <span class='ocr_line' id='line_1_9' title="bbox 216 675 1675 730; baseline -0.001 -13"><span class='ocrx_word' id='word_1_70' title='bbox 216 678 390 728; x_wconf 83' lang='grc' dir='ltr'><strong><em>στηρίου.</em></strong></span> <span class='ocrx_word' id='word_1_71' title='bbox 447 678 612 714; x_wconf 86' lang='lat' dir='ltr'><strong>alteram</strong></span> <span class='ocrx_word' id='word_1_72' title='bbox 640 684 773 715; x_wconf 91' lang='lat' dir='ltr'><strong>autem</strong></span> <span class='ocrx_word' id='word_1_73' title='bbox 801 678 982 716; x_wconf 84' lang='lat' dir='ltr'>ambonis</span> <span class='ocrx_word' id='word_1_74' title='bbox 1012 684 1187 729; x_wconf 86' lang='lat' dir='ltr'><strong>partem,</strong></span> <span class='ocrx_word' id='word_1_75' title='bbox 1220 690 1320 730; x_wconf 92' lang='lat' dir='ltr'><strong>quae</strong></span> <span class='ocrx_word' id='word_1_76' title='bbox 1345 679 1495 716; x_wconf 84' lang='lat' dir='ltr'><strong>scilicet</strong></span> <span class='ocrx_word' id='word_1_77' title='bbox 1514 675 1615 718; x_wconf 78' lang='grc' dir='ltr'><strong>ναόν</strong></span> <span class='ocrx_word' id='word_1_78' title='bbox 1635 685 1675 716; x_wconf 89' lang='lat' dir='ltr'><strong>et</strong></span> 
     </span>
     <span class='ocr_line' id='line_1_10' title="bbox 214 730 1732 786; baseline 0.001 -13"><span class='ocrx_word' id='word_1_79' title='bbox 214 730 396 785; x_wconf 85' lang='grc' dir='ltr'><strong><em>πρόναον</em></strong></span> <span class='ocrx_word' id='word_1_80' title='bbox 423 747 494 771; x_wconf 88' lang='lat' dir='ltr'><strong>seu</strong></span> <span class='ocrx_word' id='word_1_81' title='bbox 518 732 747 771; x_wconf 89' lang='lat' dir='ltr'><strong>narthecem</strong></span> <span class='ocrx_word' id='word_1_82' title='bbox 775 735 998 785; x_wconf 86' lang='lat' dir='ltr'><strong>spectabat,</strong></span> <span class='ocrx_word' id='word_1_83' title='bbox 1030 730 1223 775; x_wconf 77' lang='grc' dir='ltr'><strong><em>ὅπίσθιον</em></strong></span> <span class='ocrx_word' id='word_1_84' title='bbox 1249 733 1368 786; x_wconf 83' lang='grc' dir='ltr'><strong><em>μέρος</em></strong></span> <span class='ocrx_word' id='word_1_85' title='bbox 1393 737 1465 775; x_wconf 84' lang='grc' dir='ltr'><strong>τοῦ</strong></span> <span class='ocrx_word' id='word_1_86' title='bbox 1487 731 1675 786; x_wconf 77' lang='grc' dir='ltr'><strong><em>ὅῖμβωνος</em></strong></span> <span class='ocrx_word' id='word_1_87' title='bbox 1714 747 1732 783; x_wconf 12' lang='grc' dir='ltr'><strong>γ’</strong></span> 
     </span>
     <span class='ocr_line' id='line_1_11' title="bbox 214 787 1676 843; baseline 0.003 -16"><span class='ocrx_word' id='word_1_88' title='bbox 214 797 329 827; x_wconf 83' lang='lat' dir='ltr'><strong>vocat</strong></span> <span class='ocrx_word' id='word_1_89' title='bbox 347 791 514 828; x_wconf 88' lang='lat' dir='ltr'><strong>Alexius</strong></span> <span class='ocrx_word' id='word_1_90' title='bbox 533 792 738 829; x_wconf 86' lang='lat' dir='ltr'><strong>Aristenus</strong></span> <span class='ocrx_word' id='word_1_91' title='bbox 757 793 799 827; x_wconf 90' lang='lat' dir='ltr'><strong>in</strong></span> <span class='ocrx_word' id='word_1_92' title='bbox 818 805 905 829; x_wconf 87' lang='lat' dir='ltr'><strong>can.</strong></span> <span class='ocrx_word' id='word_1_93' title='bbox 925 793 976 831; x_wconf 85' lang='lat'><strong>21</strong></span> <span class='ocrx_word' id='word_1_94' title='bbox 997 793 1144 843; x_wconf 87' lang='lat' dir='ltr'><strong>Ancyr.</strong></span> <span class='ocrx_word' id='word_1_95' title='bbox 1203 797 1323 843; x_wconf 84' lang='lat' dir='ltr'><strong>atque</strong></span> <span class='ocrx_word' id='word_1_96' title='bbox 1349 790 1443 828; x_wconf 88' lang='lat' dir='ltr'><strong>inde</strong></span> <span class='ocrx_word' id='word_1_97' title='bbox 1474 787 1676 843; x_wconf 63' lang='grc' dir='ltr'><strong>ὅπισθοῖμ-</strong></span> 
     </span>
     <span class='ocr_line' id='line_1_12' title="bbox 214 843 1675 899; baseline -0.001 -13"><span class='ocrx_word' id='word_1_98' title='bbox 214 848 346 899; x_wconf 89' lang='grc' dir='ltr'><strong><em>βωνος</em></strong></span> <span class='ocrx_word' id='word_1_99' title='bbox 371 843 466 899; x_wconf 70' lang='grc' dir='ltr'><strong>εὐχή</strong></span> <span class='ocrx_word' id='word_1_100' title='bbox 496 848 697 898; x_wconf 86' lang='lat' dir='ltr'><strong>appellata</strong></span> <span class='ocrx_word' id='word_1_101' title='bbox 726 854 784 885; x_wconf 90' lang='lat' dir='ltr'><strong>est</strong></span> <span class='ocrx_word' id='word_1_102' title='bbox 813 861 835 885; x_wconf 86' lang='lat' dir='ltr'><strong>a</strong></span> <span class='ocrx_word' id='word_1_103' title='bbox 866 849 1025 885; x_wconf 87' lang='lat' dir='ltr'><strong>Graecis</strong></span> <span class='ocrx_word' id='word_1_104' title='bbox 1048 861 1094 885; x_wconf 88' lang='lat' dir='ltr'><strong>ea</strong></span> <span class='ocrx_word' id='word_1_105' title='bbox 1116 849 1239 885; x_wconf 92' lang='lat' dir='ltr'><strong>oratio</strong></span> <span class='ocrx_word' id='word_1_106' title='bbox 1263 860 1363 899; x_wconf 90' lang='lat' dir='ltr'><strong>quae</strong></span> <span class='ocrx_word' id='word_1_107' title='bbox 1382 854 1541 899; x_wconf 86' lang='lat' dir='ltr'><strong>peracta</strong></span> <span class='ocrx_word' id='word_1_108' title='bbox 1564 860 1675 885; x_wconf 82' lang='lat' dir='ltr'><strong>sacra</strong></span> 
     </span>
     <span class='ocr_line' id='line_1_13' title="bbox 215 903 1674 955; baseline 0.001 -15"><span class='ocrx_word' id='word_1_109' title='bbox 215 904 375 954; x_wconf 83' lang='lat' dir='ltr'><strong>liturgia</strong></span> <span class='ocrx_word' id='word_1_110' title='bbox 405 904 454 940; x_wconf 87' lang='lat' dir='ltr'><strong>ab</strong></span> <span class='ocrx_word' id='word_1_111' title='bbox 485 903 686 941; x_wconf 80' lang='lat' dir='ltr'><strong>sacerdote</strong></span> <span class='ocrx_word' id='word_1_112' title='bbox 712 918 822 942; x_wconf 88' lang='lat' dir='ltr'><strong>sacra</strong></span> <span class='ocrx_word' id='word_1_113' title='bbox 841 905 1010 942; x_wconf 82' lang='lat' dir='ltr'><strong>faciente</strong></span> <span class='ocrx_word' id='word_1_114' title='bbox 1029 906 1072 941; x_wconf 90' lang='lat' dir='ltr'><strong>iu</strong></span> <span class='ocrx_word' id='word_1_115' title='bbox 1091 904 1257 941; x_wconf 85' lang='lat' dir='ltr'><strong>ambone</strong></span> <span class='ocrx_word' id='word_1_116' title='bbox 1282 903 1332 941; x_wconf 90' lang='lat' dir='ltr'><strong>ad</strong></span> <span class='ocrx_word' id='word_1_117' title='bbox 1357 905 1551 955; x_wconf 90' lang='lat' dir='ltr'><strong>populum</strong></span> <span class='ocrx_word' id='word_1_118' title='bbox 1570 906 1674 941; x_wconf 92' lang='lat' dir='ltr'><strong>reci-</strong></span> 
     </span>
     <span class='ocr_line' id='line_1_14' title="bbox 213 957 1674 1014; baseline -0.001 -17"><span class='ocrx_word' id='word_1_119' title='bbox 213 966 340 1008; x_wconf 80' lang='lat' dir='ltr'><strong>tatur,</strong></span> <span class='ocrx_word' id='word_1_120' title='bbox 371 959 656 1012; x_wconf 79' lang='grc' dir='ltr'><strong><em>ἑκφωνουμένη</em></strong></span> <span class='ocrx_word' id='word_1_121' title='bbox 685 958 794 1012; x_wconf 78' lang='grc' dir='ltr'><strong><em>παροέ</em></strong></span> <span class='ocrx_word' id='word_1_122' title='bbox 822 964 894 1001; x_wconf 84' lang='grc' dir='ltr'><strong>τοῦ</strong></span> <span class='ocrx_word' id='word_1_123' title='bbox 921 960 1054 1014; x_wconf 80' lang='grc' dir='ltr'><strong><em>ἱερέως</em></strong></span> <span class='ocrx_word' id='word_1_124' title='bbox 1075 960 1148 1009; x_wconf 75' lang='grc' dir='ltr'><strong>ἔξω</strong></span> <span class='ocrx_word' id='word_1_125' title='bbox 1167 962 1241 1001; x_wconf 81' lang='grc' dir='ltr'><strong>τοῦ</strong></span> <span class='ocrx_word' id='word_1_126' title='bbox 1258 957 1456 1012; x_wconf 84' lang='grc' dir='ltr'><strong><em>βήματος,</em></strong></span> <span class='ocrx_word' id='word_1_127' title='bbox 1489 966 1533 997; x_wconf 89' lang='lat' dir='ltr'><strong>ut</strong></span> <span class='ocrx_word' id='word_1_128' title='bbox 1550 966 1609 997; x_wconf 88' lang='lat' dir='ltr'><strong>est</strong></span> <span class='ocrx_word' id='word_1_129' title='bbox 1630 962 1674 997; x_wconf 89' lang='lat' dir='ltr'><strong>in</strong></span> 
     </span>
     <span class='ocr_line' id='line_1_15' title="bbox 212 1015 1674 1070; baseline 0 -17"><span class='ocrx_word' id='word_1_130' title='bbox 212 1016 372 1067; x_wconf 83' lang='lat' dir='ltr'><strong>liturgia</strong></span> <span class='ocrx_word' id='word_1_131' title='bbox 401 1017 442 1054; x_wconf 90' lang='lat' dir='ltr'><strong>S.</strong></span> <span class='ocrx_word' id='word_1_132' title='bbox 471 1019 528 1054; x_wconf 91' lang='lat' dir='ltr'><strong>Io.</strong></span> <span class='ocrx_word' id='word_1_133' title='bbox 555 1016 852 1069; x_wconf 79' lang='lat' dir='ltr'><strong>Chrysostomi3</strong></span> <span class='ocrx_word' id='word_1_134' title='bbox 894 1030 994 1070; x_wconf 88' lang='lat' dir='ltr'><strong>quae</strong></span> <span class='ocrx_word' id='word_1_135' title='bbox 1028 1016 1193 1069; x_wconf 89' lang='lat' dir='ltr'><strong>quidem</strong></span> <span class='ocrx_word' id='word_1_136' title='bbox 1228 1018 1352 1054; x_wconf 91' lang='lat' dir='ltr'><strong>oratio</strong></span> <span class='ocrx_word' id='word_1_137' title='bbox 1391 1015 1674 1067; x_wconf 86' lang='lat' dir='ltr'><strong>compendium</strong></span> 
     </span>
     <span class='ocr_line' id='line_1_16' title="bbox 210 1072 1671 1126; baseline 0 -16"><span class='ocrx_word' id='word_1_138' title='bbox 210 1072 414 1124; x_wconf 87' lang='lat' dir='ltr'><strong>quoddam</strong></span> <span class='ocrx_word' id='word_1_139' title='bbox 432 1080 490 1111; x_wconf 90' lang='lat' dir='ltr'><strong>est</strong></span> <span class='ocrx_word' id='word_1_140' title='bbox 510 1075 688 1112; x_wconf 87' lang='lat' dir='ltr'><strong>omnium</strong></span> <span class='ocrx_word' id='word_1_141' title='bbox 712 1076 933 1111; x_wconf 90' lang='lat' dir='ltr'><strong>orationum</strong></span> <span class='ocrx_word' id='word_1_142' title='bbox 953 1087 1054 1126; x_wconf 87' lang='lat' dir='ltr'><strong>quae</strong></span> <span class='ocrx_word' id='word_1_143' title='bbox 1075 1076 1117 1111; x_wconf 92' lang='lat' dir='ltr'><strong>in</strong></span> <span class='ocrx_word' id='word_1_144' title='bbox 1135 1075 1304 1111; x_wconf 86' lang='lat' dir='ltr'><strong>sacrario</strong></span> <span class='ocrx_word' id='word_1_145' title='bbox 1325 1072 1530 1123; x_wconf 84' lang='lat' dir='ltr'><strong>dicuntur,</strong></span> <span class='ocrx_word' id='word_1_146' title='bbox 1561 1079 1600 1110; x_wconf 91' lang='lat' dir='ltr'><strong>et</strong></span> <span class='ocrx_word' id='word_1_147' title='bbox 1622 1073 1671 1110; x_wconf 84' lang='lat' dir='ltr'><strong>ab</strong></span> 
     </span>
     <span class='ocr_line' id='line_1_17' title="bbox 210 1128 1671 1182; baseline 0.001 -16"><span class='ocrx_word' id='word_1_148' title='bbox 210 1130 381 1180; x_wconf 88' lang='lat' dir='ltr'><strong>ipsomet</strong></span> <span class='ocrx_word' id='word_1_149' title='bbox 410 1130 611 1167; x_wconf 87' lang='lat' dir='ltr'><strong>sacerdote</strong></span> <span class='ocrx_word' id='word_1_150' title='bbox 639 1130 852 1182; x_wconf 86' lang='lat' dir='ltr'><strong>profertur,</strong></span> <span class='ocrx_word' id='word_1_151' title='bbox 896 1137 940 1167; x_wconf 90' lang='lat' dir='ltr'><strong>ut</strong></span> <span class='ocrx_word' id='word_1_152' title='bbox 970 1131 1141 1181; x_wconf 88' lang='lat' dir='ltr'><strong>populus</strong></span> <span class='ocrx_word' id='word_1_153' title='bbox 1170 1128 1334 1166; x_wconf 87' lang='lat' dir='ltr'><strong>tandem</strong></span> <span class='ocrx_word' id='word_1_154' title='bbox 1361 1129 1561 1180; x_wconf 86' lang='lat' dir='ltr'><strong>intelligat</strong></span> <span class='ocrx_word' id='word_1_155' title='bbox 1582 1131 1671 1181; x_wconf 83' lang='lat' dir='ltr'><strong>quis</strong></span> 
     </span>
     <span class='ocr_line' id='line_1_18' title="bbox 212 1185 1671 1238; baseline 0 -15"><span class='ocrx_word' id='word_1_156' title='bbox 212 1199 347 1223; x_wconf 89' lang='lat' dir='ltr'><strong>earum</strong></span> <span class='ocrx_word' id='word_1_157' title='bbox 370 1187 663 1237; x_wconf 84' lang='lat' dir='ltr'><strong>precationum,</strong></span> <span class='ocrx_word' id='word_1_158' title='bbox 694 1199 794 1238; x_wconf 90' lang='lat' dir='ltr'><strong>quae</strong></span> <span class='ocrx_word' id='word_1_159' title='bbox 813 1187 855 1223; x_wconf 87' lang='lat' dir='ltr'><strong>in</strong></span> <span class='ocrx_word' id='word_1_160' title='bbox 876 1185 1005 1238; x_wconf 86' lang='lat' dir='ltr'><strong>adytis</strong></span> <span class='ocrx_word' id='word_1_161' title='bbox 1024 1185 1214 1223; x_wconf 90' lang='lat' dir='ltr'><strong>hactenus</strong></span> <span class='ocrx_word' id='word_1_162' title='bbox 1237 1186 1364 1222; x_wconf 81' lang='lat' dir='ltr'><strong>factae</strong></span> <span class='ocrx_word' id='word_1_163' title='bbox 1385 1192 1498 1233; x_wconf 91' lang='lat' dir='ltr'><strong>sunt,</strong></span> <span class='ocrx_word' id='word_1_164' title='bbox 1529 1198 1671 1236; x_wconf 86' lang='lat' dir='ltr'><strong>scopus</strong></span> 
     </span>
     <span class='ocr_line' id='line_1_19' title="bbox 210 1240 1670 1292; baseline 0 -13"><span class='ocrx_word' id='word_1_165' title='bbox 210 1243 331 1279; x_wconf 86' lang='lat' dir='ltr'><strong>fuerit</strong></span> <span class='ocrx_word' id='word_1_166' title='bbox 350 1249 387 1279; x_wconf 85' lang='lat' dir='ltr'><strong>et</strong></span> <span class='ocrx_word' id='word_1_167' title='bbox 403 1243 514 1290; x_wconf 91' lang='lat' dir='ltr'><strong>finis,</strong></span> <span class='ocrx_word' id='word_1_168' title='bbox 545 1250 599 1280; x_wconf 60' lang='lat' dir='ltr'><strong>ut«</strong></span> <span class='ocrx_word' id='word_1_169' title='bbox 616 1243 770 1280; x_wconf 89' lang='lat' dir='ltr'><strong>disertis</strong></span> <span class='ocrx_word' id='word_1_170' title='bbox 780 1243 917 1280; x_wconf 82' lang='lat' dir='ltr'><strong>&#39;verbis</strong></span> <span class='ocrx_word' id='word_1_171' title='bbox 934 1241 1082 1280; x_wconf 91' lang='lat' dir='ltr'><strong>indicat</strong></span> <span class='ocrx_word' id='word_1_172' title='bbox 1101 1243 1321 1280; x_wconf 85' lang='lat' dir='ltr'><strong>Germanus</strong></span> <span class='ocrx_word' id='word_1_173' title='bbox 1340 1240 1562 1292; x_wconf 88' lang='lat' dir='ltr'><strong>patriarcha</strong></span> <span class='ocrx_word' id='word_1_174' title='bbox 1583 1242 1670 1291; x_wconf 83' lang='lat' dir='ltr'><strong>CP3</strong></span> 
     </span>
     <span class='ocr_line' id='line_1_20' title="bbox 212 1297 1672 1349; baseline 0 -14"><span class='ocrx_word' id='word_1_175' title='bbox 212 1298 434 1336; x_wconf 87' lang='lat' dir='ltr'><strong>cuiusmodi</strong></span> <span class='ocrx_word' id='word_1_176' title='bbox 453 1299 578 1336; x_wconf 82' lang='lat' dir='ltr'><strong>ferme</strong></span> <span class='ocrx_word' id='word_1_177' title='bbox 598 1300 674 1336; x_wconf 86' lang='lat' dir='ltr'><strong>fuit</strong></span> <span class='ocrx_word' id='word_1_178' title='bbox 696 1301 820 1336; x_wconf 82' lang='lat' dir='ltr'><strong>oratio</strong></span> <span class='ocrx_word' id='word_1_179' title='bbox 838 1299 896 1336; x_wconf 85' lang='lat' dir='ltr'><strong>ad</strong></span> <span class='ocrx_word' id='word_1_180' title='bbox 912 1299 1206 1349; x_wconf 78' lang='lat' dir='ltr'><strong>complendum,</strong></span> <span class='ocrx_word' id='word_1_181' title='bbox 1237 1312 1308 1336; x_wconf 93' lang='lat' dir='ltr'><strong>seu</strong></span> <span class='ocrx_word' id='word_1_182' title='bbox 1332 1300 1478 1336; x_wconf 86' lang='lat' dir='ltr'><strong>missae</strong></span> <span class='ocrx_word' id='word_1_183' title='bbox 1508 1297 1672 1335; x_wconf 84' lang='lat' dir='ltr'><strong>collecta</strong></span> 
     </span>
     <span class='ocr_line' id='line_1_21' title="bbox 208 1353 1672 1408; baseline 0 -15"><span class='ocrx_word' id='word_1_184' title='bbox 208 1356 352 1393; x_wconf 89' lang='lat' dir='ltr'><strong>ultima</strong></span> <span class='ocrx_word' id='word_1_185' title='bbox 366 1385 377 1404; x_wconf 93' lang='lat'><strong>,</strong></span> <span class='ocrx_word' id='word_1_186' title='bbox 409 1354 456 1392; x_wconf 89' lang='lat' dir='ltr'><strong>de</strong></span> <span class='ocrx_word' id='word_1_187' title='bbox 480 1368 557 1407; x_wconf 89' lang='lat' dir='ltr'><strong>qua</strong></span> <span class='ocrx_word' id='word_1_188' title='bbox 579 1358 727 1407; x_wconf 87' lang='lat' dir='ltr'><strong>passim</strong></span> <span class='ocrx_word' id='word_1_189' title='bbox 746 1357 814 1408; x_wconf 90' lang='lat' dir='ltr'><strong>qui</strong></span> <span class='ocrx_word' id='word_1_190' title='bbox 836 1355 885 1393; x_wconf 89' lang='lat' dir='ltr'><strong>de</strong></span> <span class='ocrx_word' id='word_1_191' title='bbox 904 1356 1043 1394; x_wconf 89' lang='lat' dir='ltr'><strong>ritibus</strong></span> <span class='ocrx_word' id='word_1_192' title='bbox 1062 1356 1250 1393; x_wconf 92' lang='lat' dir='ltr'><strong>ecclesiae</strong></span> <span class='ocrx_word' id='word_1_193' title='bbox 1270 1356 1522 1406; x_wconf 85' lang='lat' dir='ltr'><strong>scripserunt.</strong></span> <span class='ocrx_word' id='word_1_194' title='bbox 1566 1353 1672 1393; x_wconf 83' lang='lat' dir='ltr'><strong>hanc</strong></span> 
     </span>
     <span class='ocr_line' id='line_1_22' title="bbox 205 1410 1670 1463; baseline 0 -14"><span class='ocrx_word' id='word_1_195' title='bbox 205 1413 329 1463; x_wconf 87' lang='lat' dir='ltr'><strong>igitur</strong></span> <span class='ocrx_word' id='word_1_196' title='bbox 358 1414 575 1449; x_wconf 87' lang='lat' dir='ltr'><strong>orationem</strong></span> <span class='ocrx_word' id='word_1_197' title='bbox 608 1415 841 1450; x_wconf 86' lang='lat' dir='ltr'><strong>recitaturus</strong></span> <span class='ocrx_word' id='word_1_198' title='bbox 873 1412 1055 1451; x_wconf 85' lang='lat' dir='ltr'><strong>sacerdos</strong></span> <span class='ocrx_word' id='word_1_199' title='bbox 1082 1413 1239 1456; x_wconf 84' lang='lat' dir='ltr'><strong>bemate</strong></span> <span class='ocrx_word' id='word_1_200' title='bbox 1269 1410 1488 1462; x_wconf 86' lang='lat' dir='ltr'><strong>egreditur,</strong></span> <span class='ocrx_word' id='word_1_201' title='bbox 1529 1412 1670 1449; x_wconf 86' lang='lat' dir='ltr'><strong>ambo-</strong></span> 
     </span>
     <span class='ocr_line' id='line_1_23' title="bbox 204 1468 1670 1521; baseline 0 -16"><span class='ocrx_word' id='word_1_202' title='bbox 204 1482 380 1521; x_wconf 84' lang='lat' dir='ltr'><strong>nemque</strong></span> <span class='ocrx_word' id='word_1_203' title='bbox 404 1468 632 1507; x_wconf 84' lang='lat' dir='ltr'><strong>conscendit</strong></span> <span class='ocrx_word' id='word_1_204' title='bbox 654 1470 701 1507; x_wconf 90' lang='lat' dir='ltr'><strong>ab</strong></span> <span class='ocrx_word' id='word_1_205' title='bbox 724 1470 906 1507; x_wconf 86' lang='lat' dir='ltr'><strong>orientali</strong></span> <span class='ocrx_word' id='word_1_206' title='bbox 930 1469 1061 1517; x_wconf 89' lang='lat' dir='ltr'><strong>aditu,</strong></span> <span class='ocrx_word' id='word_1_207' title='bbox 1092 1476 1131 1506; x_wconf 91' lang='lat' dir='ltr'><strong>et</strong></span> <span class='ocrx_word' id='word_1_208' title='bbox 1151 1468 1203 1506; x_wconf 87' lang='lat' dir='ltr'><strong>ad</strong></span> <span class='ocrx_word' id='word_1_209' title='bbox 1217 1469 1411 1520; x_wconf 86' lang='lat' dir='ltr'><strong>populum</strong></span> <span class='ocrx_word' id='word_1_210' title='bbox 1431 1470 1670 1506; x_wconf 82' lang='lat' dir='ltr'><strong>convertitur</strong></span> 
     </span>
     <span class='ocr_line' id='line_1_24' title="bbox 205 1525 1670 1578; baseline 0 -16"><span class='ocrx_word' id='word_1_211' title='bbox 205 1525 258 1562; x_wconf 82' lang='lat' dir='ltr'><strong>ad.</strong></span> <span class='ocrx_word' id='word_1_212' title='bbox 287 1525 554 1574; x_wconf 88' lang='lat' dir='ltr'><strong>occidentem,</strong></span> <span class='ocrx_word' id='word_1_213' title='bbox 582 1539 683 1578; x_wconf 88' lang='lat' dir='ltr'><strong>quae</strong></span> <span class='ocrx_word' id='word_1_214' title='bbox 706 1539 796 1576; x_wconf 89' lang='lat' dir='ltr'><strong>pars</strong></span> <span class='ocrx_word' id='word_1_215' title='bbox 816 1533 875 1564; x_wconf 89' lang='lat' dir='ltr'><strong>est</strong></span> <span class='ocrx_word' id='word_1_216' title='bbox 896 1527 1076 1563; x_wconf 88' lang='lat' dir='ltr'><strong>ambonis</strong></span> <span class='ocrx_word' id='word_1_217' title='bbox 1095 1527 1245 1576; x_wconf 86' lang='lat' dir='ltr'><strong>postica</strong></span> <span class='ocrx_word' id='word_1_218' title='bbox 1266 1532 1305 1562; x_wconf 90' lang='lat' dir='ltr'><strong>et</strong></span> <span class='ocrx_word' id='word_1_219' title='bbox 1322 1525 1501 1571; x_wconf 87' lang='lat' dir='ltr'><strong>sinistra,</strong></span> <span class='ocrx_word' id='word_1_220' title='bbox 1533 1537 1670 1575; x_wconf 82' lang='lat' dir='ltr'><strong>respe-</strong></span> 
     </span>
     <span class='ocr_line' id='line_1_25' title="bbox 205 1581 1669 1620; baseline 0 -2"><span class='ocrx_word' id='word_1_221' title='bbox 205 1587 272 1618; x_wconf 89' lang='lat' dir='ltr'><strong>ctu</strong></span> <span class='ocrx_word' id='word_1_222' title='bbox 306 1582 487 1618; x_wconf 87' lang='lat' dir='ltr'><strong>bematis.</strong></span> <span class='ocrx_word' id='word_1_223' title='bbox 546 1582 652 1618; x_wconf 87' lang='lat' dir='ltr'><strong>unde</strong></span> <span class='ocrx_word' id='word_1_224' title='bbox 684 1595 775 1618; x_wconf 86' lang='lat' dir='ltr'><strong>cum</strong></span> <span class='ocrx_word' id='word_1_225' title='bbox 800 1583 1016 1620; x_wconf 87' lang='lat' dir='ltr'><strong>Balsamon</strong></span> <span class='ocrx_word' id='word_1_226' title='bbox 1040 1583 1082 1618; x_wconf 91' lang='lat' dir='ltr'><strong>in</strong></span> <span class='ocrx_word' id='word_1_227' title='bbox 1109 1594 1195 1618; x_wconf 88' lang='lat' dir='ltr'><strong>can.</strong></span> <span class='ocrx_word' id='word_1_228' title='bbox 1224 1583 1274 1620; x_wconf 82' lang='grc'><strong>12</strong></span> <span class='ocrx_word' id='word_1_229' title='bbox 1298 1582 1453 1618; x_wconf 89' lang='lat' dir='ltr'><strong>concilii</strong></span> <span class='ocrx_word' id='word_1_230' title='bbox 1471 1581 1635 1618; x_wconf 81' lang='lat' dir='ltr'><strong>Nicaeni</strong></span> <span class='ocrx_word' id='word_1_231' title='bbox 1653 1593 1669 1618; x_wconf 87' lang='lat'>1</span> 
     </span>
     <span class='ocr_line' id='line_1_26' title="bbox 206 1635 1669 1690; baseline 0.001 -16"><span class='ocrx_word' id='word_1_232' title='bbox 206 1639 434 1688; x_wconf 78' lang='lat' dir='ltr'><strong>transfugas</strong></span> <span class='ocrx_word' id='word_1_233' title='bbox 465 1650 487 1674; x_wconf 87' lang='lat' dir='ltr'><strong>a</strong></span> <span class='ocrx_word' id='word_1_234' title='bbox 515 1637 593 1675; x_wconf 89' lang='lat' dir='ltr'><strong>fide</strong></span> <span class='ocrx_word' id='word_1_235' title='bbox 627 1640 683 1674; x_wconf 85' lang='lat' dir='ltr'><strong>ait</strong></span> <span class='ocrx_word' id='word_1_236' title='bbox 713 1637 855 1674; x_wconf 87' lang='lat' dir='ltr'><strong>debere</strong></span> <span class='ocrx_word' id='word_1_237' title='bbox 891 1639 979 1690; x_wconf 84' lang='grc' dir='ltr'><strong><em>τρία</em></strong></span> <span class='ocrx_word' id='word_1_238' title='bbox 1007 1635 1079 1690; x_wconf 84' lang='grc' dir='ltr'><strong>μὲν</strong></span> <span class='ocrx_word' id='word_1_239' title='bbox 1111 1636 1167 1676; x_wconf 73' lang='grc' dir='ltr'><strong>ἔτι</strong></span> <span class='ocrx_word' id='word_1_240' title='bbox 1198 1636 1349 1684; x_wconf 72' lang='grc' dir='ltr'><em>ἔξωθεν</em></span> <span class='ocrx_word' id='word_1_241' title='bbox 1371 1638 1443 1686; x_wconf 86' lang='grc' dir='ltr'><strong>τῆς</strong></span> <span class='ocrx_word' id='word_1_242' title='bbox 1462 1636 1669 1688; x_wconf 79' lang='grc' dir='ltr'><strong><em>ἐκκλησίας</em></strong></span> 
     </span>
     <span class='ocr_line' id='line_1_27' title="bbox 206 1688 1669 1745; baseline -0.001 -10.997"><span class='ocrx_word' id='word_1_243' title='bbox 206 1694 397 1734; x_wconf 76' lang='grc' dir='ltr'><strong><em>’ἵστασθαι</em></strong></span> <span class='ocrx_word' id='word_1_244' title='bbox 426 1691 598 1734; x_wconf 77' lang='grc' dir='ltr'><strong><em>ὄπισθεν</em></strong></span> <span class='ocrx_word' id='word_1_245' title='bbox 627 1697 701 1733; x_wconf 81' lang='grc' dir='ltr'><strong>τοῦ</strong></span> <span class='ocrx_word' id='word_1_246' title='bbox 726 1692 911 1745; x_wconf 85' lang='grc' dir='ltr'><strong><em>α’μβωνος</em></strong></span> <span class='ocrx_word' id='word_1_247' title='bbox 928 1709 993 1733; x_wconf 81' lang='grc' dir='ltr'><strong>και</strong></span> <span class='ocrx_word' id='word_1_248' title='bbox 1012 1693 1238 1744; x_wconf 80' lang='grc' dir='ltr'><strong><em>ἐξέρχεσθαι</em></strong></span> <span class='ocrx_word' id='word_1_249' title='bbox 1262 1688 1358 1743; x_wconf 72' lang='grc' dir='ltr'><strong>μετὰ</strong></span> <span class='ocrx_word' id='word_1_250' title='bbox 1376 1707 1458 1732; x_wconf 87' lang='grc' dir='ltr'><strong>των</strong></span> <span class='ocrx_word' id='word_1_251' title='bbox 1475 1706 1669 1744; x_wconf 79' lang='grc' dir='ltr'><strong><em>κατηχου-</em></strong></span> 
     </span>
     <span class='ocr_line' id='line_1_28' title="bbox 207 1749 1667 1803; baseline -0.003 -13"><span class='ocrx_word' id='word_1_252' title='bbox 207 1750 359 1803; x_wconf 79' lang='grc' dir='ltr'><strong><em>μένων,</em></strong></span> <span class='ocrx_word' id='word_1_253' title='bbox 389 1749 488 1787; x_wconf 85' lang='lat' dir='ltr'><strong>haec</strong></span> <span class='ocrx_word' id='word_1_254' title='bbox 521 1752 576 1787; x_wconf 87' lang='lat' dir='ltr'><strong>ita</strong></span> <span class='ocrx_word' id='word_1_255' title='bbox 605 1749 796 1802; x_wconf 88' lang='lat' dir='ltr'><strong>capienda</strong></span> <span class='ocrx_word' id='word_1_256' title='bbox 824 1757 938 1798; x_wconf 91' lang='lat' dir='ltr'><strong>sunt,</strong></span> <span class='ocrx_word' id='word_1_257' title='bbox 975 1756 1019 1787; x_wconf 88' lang='lat' dir='ltr'><strong>ut</strong></span> <span class='ocrx_word' id='word_1_258' title='bbox 1050 1751 1079 1794; x_wconf 68' lang='grc' dir='ltr'><strong>η’</strong></span> <span class='ocrx_word' id='word_1_259' title='bbox 1105 1751 1208 1786; x_wconf 86' lang='lat' dir='ltr'><strong>intra</strong></span> <span class='ocrx_word' id='word_1_260' title='bbox 1230 1749 1419 1786; x_wconf 82' lang='lat' dir='ltr'><strong>ecclesiae</strong></span> <span class='ocrx_word' id='word_1_261' title='bbox 1437 1762 1508 1786; x_wconf 89' lang='lat' dir='ltr'><strong>seu</strong></span> <span class='ocrx_word' id='word_1_262' title='bbox 1526 1749 1667 1800; x_wconf 77' lang='lat' dir='ltr'><strong>templi</strong></span> 
     </span>
     <span class='ocr_line' id='line_1_29' title="bbox 206 1803 1668 1858; baseline -0.002 -14"><span class='ocrx_word' id='word_1_263' title='bbox 206 1814 318 1858; x_wconf 88' lang='lat' dir='ltr'><strong>septa</strong></span> <span class='ocrx_word' id='word_1_264' title='bbox 362 1820 446 1844; x_wconf 90' lang='lat' dir='ltr'><strong>esse</strong></span> <span class='ocrx_word' id='word_1_265' title='bbox 485 1808 777 1857; x_wconf 79' lang='lat' dir='ltr'><strong>intelligantur,</strong></span> <span class='ocrx_word' id='word_1_266' title='bbox 817 1805 1155 1858; x_wconf 83' lang='lat' dir='ltr'><strong>quemadmodum</strong></span> <span class='ocrx_word' id='word_1_267' title='bbox 1187 1803 1482 1842; x_wconf 83' lang='lat' dir='ltr'><strong>catechumeni:</strong></span> <span class='ocrx_word' id='word_1_268' title='bbox 1521 1807 1668 1856; x_wconf 87' lang='lat' dir='ltr'><strong>quippe</strong></span> 
     </span>
     <span class='ocr_line' id='line_1_30' title="bbox 206 1861 1668 1914; baseline -0.001 -14"><span class='ocrx_word' id='word_1_269' title='bbox 206 1866 309 1901; x_wconf 89' lang='lat' dir='ltr'><strong>sicut</strong></span> <span class='ocrx_word' id='word_1_270' title='bbox 330 1865 359 1900; x_wconf 86' lang='lat' dir='ltr'><strong>ii</strong></span> <span class='ocrx_word' id='word_1_271' title='bbox 381 1870 471 1900; x_wconf 89' lang='lat' dir='ltr'><strong>ante</strong></span> <span class='ocrx_word' id='word_1_272' title='bbox 489 1864 637 1900; x_wconf 88' lang='lat' dir='ltr'><strong>lectum</strong></span> <span class='ocrx_word' id='word_1_273' title='bbox 658 1864 909 1914; x_wconf 83' lang='lat' dir='ltr'><strong>evangelium</strong></span> <span class='ocrx_word' id='word_1_274' title='bbox 932 1861 1074 1900; x_wconf 88' lang='lat' dir='ltr'><strong>aedem</strong></span> <span class='ocrx_word' id='word_1_275' title='bbox 1094 1875 1246 1900; x_wconf 86' lang='lat' dir='ltr'><strong>sacram</strong></span> <span class='ocrx_word' id='word_1_276' title='bbox 1269 1862 1439 1899; x_wconf 90' lang='lat' dir='ltr'><strong>subeunt</strong></span> <span class='ocrx_word' id='word_1_277' title='bbox 1457 1874 1668 1914; x_wconf 82' lang='lat' dir='ltr'><strong>sacrasque</strong></span> 
     </span>
     <span class='ocr_line' id='line_1_31' title="bbox 205 1915 1668 1971; baseline 0.001 -14"><span class='ocrx_word' id='word_1_278' title='bbox 205 1920 395 1958; x_wconf 89' lang='lat' dir='ltr'><strong>lectiones</strong></span> <span class='ocrx_word' id='word_1_279' title='bbox 426 1927 464 1957; x_wconf 90' lang='lat' dir='ltr'><strong>et</strong></span> <span class='ocrx_word' id='word_1_280' title='bbox 491 1918 677 1958; x_wconf 87' lang='lat' dir='ltr'><strong>homilias</strong></span> <span class='ocrx_word' id='word_1_281' title='bbox 707 1920 846 1957; x_wconf 85' lang='lat' dir='ltr'><strong>auditu</strong></span> <span class='ocrx_word' id='word_1_282' title='bbox 877 1921 1103 1971; x_wconf 83' lang='lat' dir='ltr'><strong>excipiunt,</strong></span> <span class='ocrx_word' id='word_1_283' title='bbox 1134 1920 1189 1956; x_wconf 89' lang='lat' dir='ltr'><strong>ita</strong></span> <span class='ocrx_word' id='word_1_284' title='bbox 1213 1919 1279 1955; x_wconf 89' lang='lat' dir='ltr'><strong>isti</strong></span> <span class='ocrx_word' id='word_1_285' title='bbox 1305 1915 1473 1958; x_wconf 77' lang='grc' dir='ltr'><strong><em>ὄπισθεν</em></strong></span> <span class='ocrx_word' id='word_1_286' title='bbox 1493 1921 1567 1957; x_wconf 85' lang='grc' dir='ltr'><strong>τοῦ</strong></span> <span class='ocrx_word' id='word_1_287' title='bbox 1589 1916 1668 1970; x_wconf 72' lang='grc' dir='ltr'><strong>ὄμ-</strong></span> 
     </span>
     <span class='ocr_line' id='line_1_32' title="bbox 207 1973 1667 2029; baseline -0.004 -12"><span class='ocrx_word' id='word_1_288' title='bbox 207 1978 340 2028; x_wconf 83' lang='grc' dir='ltr'><strong><em>βωνος</em></strong></span> <span class='ocrx_word' id='word_1_289' title='bbox 367 1976 457 2027; x_wconf 83' lang='grc' dir='ltr'><strong><em>περὶ</em></strong></span> <span class='ocrx_word' id='word_1_290' title='bbox 490 1974 538 2016; x_wconf 69' lang='lat' dir='ltr'><strong>zo&gt;</strong></span> <span class='ocrx_word' id='word_1_291' title='bbox 566 1973 766 2029; x_wconf 80' lang='grc' dir='ltr'><strong><em>κατώτερα</em></strong></span> <span class='ocrx_word' id='word_1_292' title='bbox 785 1974 838 2027; x_wconf 70' lang='grc' dir='ltr'><strong>δή</strong></span> <span class='ocrx_word' id='word_1_293' title='bbox 856 1979 928 2017; x_wconf 85' lang='grc' dir='ltr'><strong>τοῦ</strong></span> <span class='ocrx_word' id='word_1_294' title='bbox 948 1978 1050 2016; x_wconf 84' lang='grc' dir='ltr'><strong><em>ναοῦ</em></strong></span> <span class='ocrx_word' id='word_1_295' title='bbox 1072 1976 1311 2022; x_wconf 88' lang='lat' dir='ltr'><strong>consistunt,</strong></span> <span class='ocrx_word' id='word_1_296' title='bbox 1342 1980 1385 2011; x_wconf 91' lang='lat' dir='ltr'><strong>ut</strong></span> <span class='ocrx_word' id='word_1_297' title='bbox 1411 1975 1464 2011; x_wconf 90' lang='lat' dir='ltr'><strong>ait</strong></span> <span class='ocrx_word' id='word_1_298' title='bbox 1490 1974 1667 2025; x_wconf 84' lang='lat' dir='ltr'><strong>Symeon</strong></span> 
     </span>
     <span class='ocr_line' id='line_1_33' title="bbox 205 2030 1667 2084; baseline -0.001 -14"><span class='ocrx_word' id='word_1_299' title='bbox 205 2033 597 2080; x_wconf 80' lang='lat' dir='ltr'><strong>Thessalonicensis,</strong></span> <span class='ocrx_word' id='word_1_300' title='bbox 629 2033 672 2070; x_wconf 91' lang='lat' dir='ltr'><strong>id</strong></span> <span class='ocrx_word' id='word_1_301' title='bbox 697 2040 773 2081; x_wconf 86' lang='lat' dir='ltr'><strong>est,</strong></span> <span class='ocrx_word' id='word_1_302' title='bbox 805 2045 883 2084; x_wconf 89' lang='lat' dir='ltr'><strong>qua</strong></span> <span class='ocrx_word' id='word_1_303' title='bbox 911 2039 1021 2084; x_wconf 86' lang='lat' dir='ltr'><strong>parte</strong></span> <span class='ocrx_word' id='word_1_304' title='bbox 1051 2032 1166 2068; x_wconf 88' lang='lat' dir='ltr'><strong>ambo</strong></span> <span class='ocrx_word' id='word_1_305' title='bbox 1185 2030 1333 2068; x_wconf 84' lang='lat' dir='ltr'><strong>bemati</strong></span> <span class='ocrx_word' id='word_1_306' title='bbox 1351 2032 1526 2081; x_wconf 89' lang='lat' dir='ltr'><strong>posticus</strong></span> <span class='ocrx_word' id='word_1_307' title='bbox 1548 2038 1587 2068; x_wconf 88' lang='lat' dir='ltr'><strong>et</strong></span> <span class='ocrx_word' id='word_1_308' title='bbox 1608 2032 1667 2068; x_wconf 89' lang='lat' dir='ltr'><strong>si·-</strong></span> 
     </span>
     <span class='ocr_line' id='line_1_34' title="bbox 62 2086 1701 2139; baseline -0.001 -14"><span class='ocrx_word' id='word_1_309' title='bbox 62 2091 93 2124; x_wconf 82' lang='lat' dir='ltr'><strong>P</strong></span> <span class='ocrx_word' id='word_1_310' title='bbox 117 2090 184 2127; x_wconf 89' lang='grc'><strong>589</strong></span> <span class='ocrx_word' id='word_1_311' title='bbox 207 2091 332 2127; x_wconf 86' lang='lat' dir='ltr'><strong>nister</strong></span> <span class='ocrx_word' id='word_1_312' title='bbox 366 2091 624 2139; x_wconf 81' lang='lat' dir='ltr'><strong>conspicitur,</strong></span> <span class='ocrx_word' id='word_1_313' title='bbox 657 2103 745 2126; x_wconf 91' lang='lat' dir='ltr'><strong>cum</strong></span> <span class='ocrx_word' id='word_1_314' title='bbox 775 2091 913 2126; x_wconf 88' lang='lat' dir='ltr'><strong>ceteris</strong></span> <span class='ocrx_word' id='word_1_315' title='bbox 942 2087 1146 2135; x_wconf 85' lang='lat' dir='ltr'><strong>fidelibus,</strong></span> <span class='ocrx_word' id='word_1_316' title='bbox 1176 2088 1217 2124; x_wconf 87' lang='lat' dir='ltr'><strong>iu</strong></span> <span class='ocrx_word' id='word_1_317' title='bbox 1244 2088 1412 2124; x_wconf 87' lang='lat' dir='ltr'><strong>statione</strong></span> <span class='ocrx_word' id='word_1_318' title='bbox 1437 2093 1570 2124; x_wconf 83' lang='lat' dir='ltr'><strong>tamen</strong></span> <span class='ocrx_word' id='word_1_319' title='bbox 1588 2087 1666 2124; x_wconf 86' lang='lat' dir='ltr'><strong>sibi</strong></span> <span class='ocrx_word' id='word_1_320' title='bbox 1698 2086 1701 2089; x_wconf 73' lang='grc'><strong>’</strong></span> 
     </span>
     <span class='ocr_line' id='line_1_35' title="bbox 208 2141 1666 2196; baseline -0.001 -14"><span class='ocrx_word' id='word_1_321' title='bbox 208 2146 260 2183; x_wconf 85' lang='lat' dir='ltr'><strong>ad</strong></span> <span class='ocrx_word' id='word_1_322' title='bbox 292 2146 520 2182; x_wconf 85' lang='lat' dir='ltr'><strong>inferiorem</strong></span> <span class='ocrx_word' id='word_1_323' title='bbox 549 2144 656 2182; x_wconf 74' lang='lat' dir='ltr'><strong>aedis</strong></span> <span class='ocrx_word' id='word_1_324' title='bbox 686 2152 839 2196; x_wconf 86' lang='lat' dir='ltr'><strong>partem</strong></span> <span class='ocrx_word' id='word_1_325' title='bbox 866 2147 1084 2195; x_wconf 88' lang='lat' dir='ltr'><strong>assignata,</strong></span> <span class='ocrx_word' id='word_1_326' title='bbox 1118 2150 1156 2180; x_wconf 86' lang='lat' dir='ltr'><strong>et</strong></span> <span class='ocrx_word' id='word_1_327' title='bbox 1177 2155 1278 2194; x_wconf 90' lang='lat' dir='ltr'><strong>quae</strong></span> <span class='ocrx_word' id='word_1_328' title='bbox 1298 2141 1477 2180; x_wconf 85' lang='lat' dir='ltr'><strong>nartheci</strong></span> <span class='ocrx_word' id='word_1_329' title='bbox 1498 2145 1666 2182; x_wconf 77' lang='lat' dir='ltr'><strong>coniun-</strong></span> 
     </span>
     <span class='ocr_line' id='line_1_36' title="bbox 205 2198 1664 2253; baseline -0.002 -13.994"><span class='ocrx_word' id='word_1_330' title='bbox 205 2205 334 2253; x_wconf 85' lang='lat' dir='ltr'><strong>gitur,</strong></span> <span class='ocrx_word' id='word_1_331' title='bbox 364 2204 406 2238; x_wconf 88' lang='lat' dir='ltr'><strong>in</strong></span> <span class='ocrx_word' id='word_1_332' title='bbox 443 2202 607 2238; x_wconf 88' lang='lat' dir='ltr'><strong>ecclesia</strong></span> <span class='ocrx_word' id='word_1_333' title='bbox 638 2208 764 2248; x_wconf 85' lang='lat' dir='ltr'><strong>stant,</strong></span> <span class='ocrx_word' id='word_1_334' title='bbox 794 2202 984 2252; x_wconf 86' lang='lat' dir='ltr'><strong>finitaque</strong></span> <span class='ocrx_word' id='word_1_335' title='bbox 1016 2198 1390 2237; x_wconf 87' lang='lat' dir='ltr'><strong>catechumenorum</strong></span> <span class='ocrx_word' id='word_1_336' title='bbox 1420 2201 1542 2237; x_wconf 87' lang='lat' dir='ltr'><strong>missa</strong></span> <span class='ocrx_word' id='word_1_337' title='bbox 1572 2213 1664 2237; x_wconf 86' lang='lat' dir='ltr'><strong>cum</strong></span> 
     </span>
     <span class='ocr_line' id='line_1_37' title="bbox 202 2256 1663 2308; baseline -0.001 -12"><span class='ocrx_word' id='word_1_338' title='bbox 202 2261 252 2296; x_wconf 84' lang='lat' dir='ltr'><strong>iis</strong></span> <span class='ocrx_word' id='word_1_339' title='bbox 282 2257 498 2304; x_wconf 86' lang='lat' dir='ltr'><strong>excedunt,</strong></span> <span class='ocrx_word' id='word_1_340' title='bbox 530 2265 569 2294; x_wconf 88' lang='lat' dir='ltr'><strong>et</strong></span> <span class='ocrx_word' id='word_1_341' title='bbox 596 2259 638 2293; x_wconf 87' lang='lat' dir='ltr'><strong>in</strong></span> <span class='ocrx_word' id='word_1_342' title='bbox 667 2256 873 2295; x_wconf 88' lang='lat' dir='ltr'><strong>nartheces</strong></span> <span class='ocrx_word' id='word_1_343' title='bbox 891 2271 962 2295; x_wconf 88' lang='lat' dir='ltr'><strong>seu</strong></span> <span class='ocrx_word' id='word_1_344' title='bbox 980 2258 1152 2308; x_wconf 88' lang='lat' dir='ltr'><strong>porticus</strong></span> <span class='ocrx_word' id='word_1_345' title='bbox 1173 2269 1259 2294; x_wconf 90' lang='lat' dir='ltr'><strong>sese</strong></span> <span class='ocrx_word' id='word_1_346' title='bbox 1279 2258 1485 2307; x_wconf 86' lang='lat' dir='ltr'><strong>recipiunt.</strong></span> <span class='ocrx_word' id='word_1_347' title='bbox 1544 2263 1663 2308; x_wconf 80' lang='lat' dir='ltr'><strong>atque</strong></span> 
     </span>
     <span class='ocr_line' id='line_1_38' title="bbox 203 2311 1662 2365; baseline -0.001 -13"><span class='ocrx_word' id='word_1_348' title='bbox 203 2314 271 2353; x_wconf 89' lang='lat' dir='ltr'><strong>hic</strong></span> <span class='ocrx_word' id='word_1_349' title='bbox 300 2321 358 2351; x_wconf 89' lang='lat' dir='ltr'><strong>est</strong></span> <span class='ocrx_word' id='word_1_350' title='bbox 387 2315 583 2364; x_wconf 88' lang='lat' dir='ltr'><strong>genuinus</strong></span> <span class='ocrx_word' id='word_1_351' title='bbox 604 2314 814 2351; x_wconf 87' lang='lat' dir='ltr'><strong>verborum</strong></span> <span class='ocrx_word' id='word_1_352' title='bbox 832 2314 1082 2352; x_wconf 86' lang='lat' dir='ltr'><strong>Balsamonis</strong></span> <span class='ocrx_word' id='word_1_353' title='bbox 1099 2326 1260 2362; x_wconf 90' lang='lat' dir='ltr'><strong>sensus,</strong></span> <span class='ocrx_word' id='word_1_354' title='bbox 1293 2325 1394 2365; x_wconf 86' lang='lat' dir='ltr'><strong>quae</strong></span> <span class='ocrx_word' id='word_1_355' title='bbox 1414 2311 1662 2351; x_wconf 78' lang='lat' dir='ltr'><strong>doctissimos</strong></span> 
     </span>
     <span class='ocr_line' id='line_1_39' title="bbox 201 2371 760 2410; baseline -0.007 -1"><span class='ocrx_word' id='word_1_356' title='bbox 201 2373 307 2410; x_wconf 82' lang='lat' dir='ltr'><strong>viros</strong></span> <span class='ocrx_word' id='word_1_357' title='bbox 325 2371 469 2408; x_wconf 89' lang='lat' dir='ltr'><strong>frustra</strong></span> <span class='ocrx_word' id='word_1_358' title='bbox 489 2371 760 2407; x_wconf 86' lang='lat' dir='ltr'><strong>sollicitarunt.</strong></span> 
     </span>
     <span class='ocr_line' id='line_1_40' title="bbox 314 2421 1662 2477; baseline -0.003 -14"><span class='ocrx_word' id='word_1_359' title='bbox 314 2427 382 2468; x_wconf 87' lang='lat'><strong>75.</strong></span> <span class='ocrx_word' id='word_1_360' title='bbox 440 2425 504 2463; x_wconf 89' lang='lat' dir='ltr'><strong>Ad</strong></span> <span class='ocrx_word' id='word_1_361' title='bbox 523 2426 703 2463; x_wconf 88' lang='lat' dir='ltr'><strong>ambonis</strong></span> <span class='ocrx_word' id='word_1_362' title='bbox 721 2427 923 2477; x_wconf 85' lang='lat' dir='ltr'><strong>superiora</strong></span> <span class='ocrx_word' id='word_1_363' title='bbox 942 2423 1241 2463; x_wconf 85' lang='lat' dir='ltr'><strong>conscendenda</strong></span> <span class='ocrx_word' id='word_1_364' title='bbox 1260 2423 1410 2476; x_wconf 86' lang='lat' dir='ltr'><strong>duplex</strong></span> <span class='ocrx_word' id='word_1_365' title='bbox 1424 2423 1552 2474; x_wconf 89' lang='lat' dir='ltr'><strong>patuit</strong></span> <span class='ocrx_word' id='word_1_366' title='bbox 1571 2421 1662 2460; x_wconf 87' lang='lat' dir='ltr'><strong>adi-</strong></span> 
     </span>
     <span class='ocr_line' id='line_1_41' title="bbox 202 2481 1662 2532; baseline -0.003 -11"><span class='ocrx_word' id='word_1_367' title='bbox 202 2490 265 2521; x_wconf 77' lang='lat' dir='ltr'><strong>tus</strong></span> <span class='ocrx_word' id='word_1_368' title='bbox 295 2496 365 2520; x_wconf 91' lang='lat' dir='ltr'><strong>seu</strong></span> <span class='ocrx_word' id='word_1_369' title='bbox 394 2482 538 2532; x_wconf 80' lang='lat' dir='ltr'><strong>gradus</strong></span> <span class='ocrx_word' id='word_1_370' title='bbox 569 2483 633 2519; x_wconf 87' lang='lat' dir='ltr'><strong>vel</strong></span> <span class='ocrx_word' id='word_1_371' title='bbox 660 2483 764 2520; x_wconf 89' lang='lat' dir='ltr'><strong>scala</strong></span> <span class='ocrx_word' id='word_1_372' title='bbox 785 2490 851 2519; x_wconf 88' lang='lat' dir='ltr'><strong>aut</strong></span> <span class='ocrx_word' id='word_1_373' title='bbox 871 2481 1052 2531; x_wconf 87' lang='lat' dir='ltr'><strong>cochlea,</strong></span> <span class='ocrx_word' id='word_1_374' title='bbox 1083 2482 1131 2519; x_wconf 89' lang='lat' dir='ltr'><strong>ab</strong></span> <span class='ocrx_word' id='word_1_375' title='bbox 1155 2483 1303 2518; x_wconf 85' lang='lat' dir='ltr'><strong>oriente</strong></span> <span class='ocrx_word' id='word_1_376' title='bbox 1325 2481 1476 2518; x_wconf 89' lang='lat' dir='ltr'><strong>scilicet</strong></span> <span class='ocrx_word' id='word_1_377' title='bbox 1497 2485 1536 2516; x_wconf 89' lang='lat' dir='ltr'><strong>et</strong></span> <span class='ocrx_word' id='word_1_378' title='bbox 1555 2481 1662 2517; x_wconf 89' lang='lat' dir='ltr'><strong>occi-</strong></span> 
     </span>
     <span class='ocr_line' id='line_1_42' title="bbox 140 2534 1662 2589; baseline -0.003 -13"><span class='ocrx_word' id='word_1_379' title='bbox 140 2583 142 2585; x_wconf 16' lang='lat'>&gt;</span> <span class='ocrx_word' id='word_1_380' title='bbox 202 2538 320 2576; x_wconf 88' lang='lat' dir='ltr'><strong>dente</strong></span> <span class='ocrx_word' id='word_1_381' title='bbox 334 2569 343 2587; x_wconf 98' lang='lat'><strong>,</strong></span> <span class='ocrx_word' id='word_1_382' title='bbox 374 2545 418 2575; x_wconf 91' lang='lat' dir='ltr'><strong>ut</strong></span> <span class='ocrx_word' id='word_1_383' title='bbox 439 2540 479 2575; x_wconf 88' lang='lat' dir='ltr'><strong>in</strong></span> <span class='ocrx_word' id='word_1_384' title='bbox 505 2540 641 2576; x_wconf 88' lang='lat' dir='ltr'><strong>ceteris</strong></span> <span class='ocrx_word' id='word_1_385' title='bbox 661 2539 908 2576; x_wconf 86' lang='lat' dir='ltr'><strong>ambonibus.</strong></span> <span class='ocrx_word' id='word_1_386' title='bbox 966 2540 1109 2589; x_wconf 87' lang='lat' dir='ltr'><strong>Ugutio</strong></span> <span class='ocrx_word' id='word_1_387' title='bbox 1129 2539 1296 2575; x_wconf 88' lang='lat' dir='ltr'><strong>Pisanus</strong></span> <span class='ocrx_word' id='word_1_388' title='bbox 1316 2548 1399 2574; x_wconf 88' lang='lat' dir='ltr'><strong>ms:</strong></span> <span class='ocrx_word' id='word_1_389' title='bbox 1429 2534 1545 2572; x_wconf 84' lang='lat' dir='ltr'><strong>ambo</strong></span> <span class='ocrx_word' id='word_1_390' title='bbox 1558 2535 1662 2586; x_wconf 79' lang='lat' dir='ltr'><strong>pul-</strong></span> 
     </span>
     <span class='ocr_line' id='line_1_43' title="bbox 195 2591 1661 2647; baseline -0.003 -14"><span class='ocrx_word' id='word_1_391' title='bbox 195 2597 346 2647; x_wconf 81' lang='lat' dir='ltr'><strong>pitum,</strong></span> <span class='ocrx_word' id='word_1_392' title='bbox 379 2594 451 2632; x_wconf 70' lang='lat' dir='ltr'><strong>ubi</strong></span> <span class='ocrx_word' id='word_1_393' title='bbox 479 2608 524 2632; x_wconf 82' lang='lat' dir='ltr'><strong>ex</strong></span> <span class='ocrx_word' id='word_1_394' title='bbox 551 2594 745 2632; x_wconf 70' lang='lat' dir='ltr'><strong>ambabus</strong></span> <span class='ocrx_word' id='word_1_395' title='bbox 764 2594 952 2645; x_wconf 79' lang='lat' dir='ltr'><strong>partibus</strong></span> <span class='ocrx_word' id='word_1_396' title='bbox 977 2602 1071 2631; x_wconf 77' lang='lat' dir='ltr'><strong>sunt</strong></span> <span class='ocrx_word' id='word_1_397' title='bbox 1090 2594 1261 2645; x_wconf 75' lang='lat' dir='ltr'><strong>gradus;</strong></span> <span class='ocrx_word' id='word_1_398' title='bbox 1292 2595 1360 2645; x_wconf 86' lang='lat' dir='ltr'><strong>qui</strong></span> <span class='ocrx_word' id='word_1_399' title='bbox 1382 2591 1545 2644; x_wconf 88' lang='lat' dir='ltr'><strong>quidem</strong></span> <span class='ocrx_word' id='word_1_400' title='bbox 1565 2604 1661 2642; x_wconf 86' lang='lat' dir='ltr'><strong>gra-</strong></span> 
     </span>
     <span class='ocr_line' id='line_1_44' title="bbox 202 2648 1660 2702; baseline -0.002 -13"><span class='ocrx_word' id='word_1_401' title='bbox 202 2652 275 2690; x_wconf 89' lang='lat' dir='ltr'><strong>dus</strong></span> <span class='ocrx_word' id='word_1_402' title='bbox 307 2665 377 2690; x_wconf 86' lang='lat' dir='ltr'><strong>seu</strong></span> <span class='ocrx_word' id='word_1_403' title='bbox 406 2650 535 2688; x_wconf 87' lang='lat' dir='ltr'><strong>aditus</strong></span> <span class='ocrx_word' id='word_1_404' title='bbox 563 2651 719 2702; x_wconf 77' lang='lat' dir='ltr'><strong>gradus</strong></span> <span class='ocrx_word' id='word_1_405' title='bbox 744 2653 981 2688; x_wconf 79' lang='lat' dir='ltr'><strong>ascensionis</strong></span> <span class='ocrx_word' id='word_1_406' title='bbox 1003 2658 1040 2687; x_wconf 81' lang='lat' dir='ltr'><strong>et</strong></span> <span class='ocrx_word' id='word_1_407' title='bbox 1057 2651 1316 2688; x_wconf 77' lang='lat' dir='ltr'><strong>descensionis</strong></span> <span class='ocrx_word' id='word_1_408' title='bbox 1339 2648 1524 2686; x_wconf 88' lang='lat' dir='ltr'><strong>dicuntur</strong></span> <span class='ocrx_word' id='word_1_409' title='bbox 1546 2650 1660 2686; x_wconf 81' lang='lat' dir='ltr'><strong>Ana-</strong></span> 
     </span>
     <span class='ocr_line' id='line_1_45' title="bbox 201 2706 1512 2758; baseline -0.004 -11"><span class='ocrx_word' id='word_1_410' title='bbox 201 2710 320 2747; x_wconf 84' lang='lat' dir='ltr'><strong>stasio</strong></span> <span class='ocrx_word' id='word_1_411' title='bbox 339 2709 435 2746; x_wconf 88' lang='lat' dir='ltr'><strong>bibl.</strong></span> <span class='ocrx_word' id='word_1_412' title='bbox 457 2709 497 2743; x_wconf 89' lang='lat' dir='ltr'><strong>in</strong></span> <span class='ocrx_word' id='word_1_413' title='bbox 518 2708 559 2745; x_wconf 87' lang='lat' dir='ltr'><strong>S.</strong></span> <span class='ocrx_word' id='word_1_414' title='bbox 581 2709 769 2745; x_wconf 82' lang='lat' dir='ltr'><strong>silvestro</strong></span> <span class='ocrx_word' id='word_1_415' title='bbox 791 2710 856 2745; x_wconf 91' lang='lat' dir='ltr'><strong>PP</strong></span> <span class='ocrx_word' id='word_1_416' title='bbox 880 2721 920 2758; x_wconf 89' lang='lat' dir='ltr'><strong>p.</strong></span> <span class='ocrx_word' id='word_1_417' title='bbox 948 2710 1011 2747; x_wconf 92' lang='lat'><strong>17.</strong></span> <span class='ocrx_word' id='word_1_418' title='bbox 1068 2707 1215 2744; x_wconf 84' lang='lat' dir='ltr'><strong>Paulus</strong></span> <span class='ocrx_word' id='word_1_419' title='bbox 1241 2706 1512 2743; x_wconf 71' lang='lat' dir='ltr'><strong>silentiarius.</strong></span> 
     </span>
     <span class='ocr_line' id='line_1_46' title="bbox 418 2759 1482 2830; baseline -0.003 -26"><span class='ocrx_word' id='word_1_420' title='bbox 418 2759 612 2813; x_wconf 77' lang='grc' dir='ltr'><strong><em>ὄρθαδιος</em></strong></span> <span class='ocrx_word' id='word_1_421' title='bbox 631 2760 823 2817; x_wconf 76' lang='grc' dir='ltr'><strong><em>βάθροις,</em></strong></span> <span class='ocrx_word' id='word_1_422' title='bbox 853 2759 1097 2815; x_wconf 81' lang='grc' dir='ltr'><strong><em>διδυμαονος</em></strong></span> <span class='ocrx_word' id='word_1_423' title='bbox 1118 2759 1294 2815; x_wconf 81' lang='grc' dir='ltr'><strong><em>αμβατος</em></strong></span> <span class='ocrx_word' id='word_1_424' title='bbox 1319 2762 1482 2830; x_wconf 74' lang='grc' dir='ltr'><strong><em>οῖ’μοις,</em></strong></span> 
     </span>
     <span class='ocr_line' id='line_1_47' title="bbox 420 2812 1496 2872; baseline -0.004 -12"><span class='ocrx_word' id='word_1_425' title='bbox 420 2835 478 2861; x_wconf 84' lang='grc' dir='ltr'><strong>ων</strong></span> <span class='ocrx_word' id='word_1_426' title='bbox 499 2821 570 2872; x_wconf 84' lang='grc' dir='ltr'><strong>μία</strong></span> <span class='ocrx_word' id='word_1_427' title='bbox 590 2818 662 2871; x_wconf 83' lang='grc' dir='ltr'><strong>μὲν</strong></span> <span class='ocrx_word' id='word_1_428' title='bbox 687 2819 779 2861; x_wconf 73' lang='grc' dir='ltr'><strong><em>ποτὶ</em></strong></span> <span class='ocrx_word' id='word_1_429' title='bbox 796 2817 922 2862; x_wconf 78' lang='grc' dir='ltr'><strong><em>νύκτα</em></strong></span> <span class='ocrx_word' id='word_1_430' title='bbox 939 2820 1170 2869; x_wconf 76' lang='grc' dir='ltr'><strong><em>τιταίνεῐαι,</em></strong></span> <span class='ocrx_word' id='word_1_431' title='bbox 1201 2835 1227 2871; x_wconf 84' lang='grc' dir='ltr'><strong><em>η</em></strong></span> <span class='ocrx_word' id='word_1_432' title='bbox 1218 2816 1289 2859; x_wconf 81' lang='grc' dir='ltr'><strong>δὲ</strong></span> <span class='ocrx_word' id='word_1_433' title='bbox 1306 2812 1446 2872; x_wconf 83' lang='grc' dir='ltr'><strong><em>πρὸς’</em></strong></span> <span class='ocrx_word' id='word_1_434' title='bbox 1421 2813 1496 2868; x_wconf 68' lang='lat' dir='ltr'><strong>nm&#39;.</strong></span> 
     </span>
    </p>
   </div>
  </div>
 </body>
</html>
