1890 3224
289 177 355 224 32
492 211 496 215 -
643 180 995 226 NICEPHORUS
1021 181 1369 227 CPOLITANUS

289 292 345 343 εἲς
367 291 440 348 τὴν
466 292 674 347 βασιλείαν
699 294 910 351 φέρεσθαι.
978 295 1079 345 τινὲς
1097 296 1141 337 δὲ
1159 299 1233 338 τοῦ
1254 298 1496 346 συνεστῶτος
1516 299 1617 339 λαοῦ
1639 295 1733 338 ἆνε-

287 359 448 418 φῶνουν
479 361 580 416 πρὸς
610 362 734 416 αὐτὴν
762 362 822 404 ὅτι
850 363 900 405 σὺ
930 363 1004 417 μὲν
1023 363 1145 418 τιμὴν
1167 362 1266 418 ξ’χεις
1286 362 1341 414 ὥς
1362 362 1496 420 μήτηρ
1519 366 1731 418 βασιλέοιν,

235 436 266 473 Β
289 424 397 470 οὗτοι
430 429 474 470 δὲ
506 427 559 479 ὥς
584 434 765 484 βασιλεῖς
793 433 861 473 καὶ
890 429 1090 474 δεσπόται.
1158 432 1354 489 ἐξαίρετον
1376 433 1418 474 δὲ
1440 434 1594 474 ἐδίδουν
1613 434 1733 489 γέρας

285 498 572 555 Κωνσταντίνῳ
601 496 656 549 ὥς
683 497 828 557 πρώτῳ
859 502 915 549 εἷς
944 500 1019 554 τὴν
1046 502 1252 554 βασιλείαν
1279 500 1382 542 κατὰ
1413 500 1484 554 τὴν
1513 498 1668 554 ἡλικίαν
1688 501 1732 542 ἔκ

283 564 427 614 παιδὸς
458 568 786 623 προχειρισθέντα
849 565 972 610 “οὗδε“
992 568 1068 623 γὰρ
1089 567 1303 625 βαρβάρου
1323 567 1350 622 ἢ
1372 567 1610 625 ἀλλοφύλων
1632 567 1763 624 πρὸςό

282 633 332 675 τὰ
371 635 556 686 βασίλεια
597 636 899 691 εἷσερχομένων,
947 631 980 678 ὦ
1011 636 1250 688 δέσποινα,”
1295 635 1491 693 ἔφασκον,
1531 633 1733 678 “δύνασαι

280 699 552 755 ὑποδέχεσθαι
582 701 608 757 ἢ
635 702 767 758 λόγοις
796 704 1036 758 ἀμείβεσθαι
1046 735 1060 755 ,
1093 705 1197 759 μηδὲ
1222 705 1310 759 δοίη
1331 704 1431 754 θεὸς
1449 706 1489 746 ἐν
1507 702 1635 760 τούτῳ
1658 701 1732 745 τά·-

283 771 380 819 ξεως
410 769 481 823 τὴν
508 768 733 826 Ῥωμαϊκὴν
767 774 899 814 ἐλθεῖν
932 772 1181 814 πολιτειάν.”
1252 774 1319 815 καὶ
1344 770 1587 827 κατήρχοντο
1615 771 1732 813 ἀνευ-

282 842 506 894 φημοῦντες
528 838 622 889 τούς
640 843 832 894 βασιλεῖς.
899 845 1026 884 ταῦτα
1051 838 1259 883 ἀκούσασα
1281 842 1381 898 πρὸς
1401 841 1447 883 τὸ
1469 835 1613 894 ἑαυτῆς
1634 838 1733 880 ἀπε-

276 904 399 963 χώρει
420 905 626 949 παλάτιον.
1743 914 1801 965 10-

407 974 477 1024 Ἓξ
499 969 546 1017 οὗ
567 977 632 1017 καὶ
656 977 958 1026 Κωνσταντῖνος
978 980 1049 1030 τῆς
1069 977 1275 1029 βασιλείας
1292 971 1404 1033 ἦρχε.
1451 975 1734 1032 προσαγγέλλει

281 1041 325 1082 δὲ
349 1041 459 1098 αύτῷ
492 1043 731 1098 Φιλάγριος,
762 1044 811 1093 ’ὃς
831 1039 880 1097 ἦν
902 1048 981 1085 τῶν
999 1048 1218 1096 βασιλικῶν
1234 1043 1456 1100 χρημάτων
1478 1045 1643 1097 ταμίας,
1677 1039 1734 1091 ὥς

232 1108 262 1143 C
286 1108 552 1159 ἀσθενοῦντος
571 1115 643 1153 τοῦ
665 1109 1067 1167 πατρὸς“Ηρακλείου
1085 1110 1279 1167 χρήματα
1299 1109 1455 1167 Πύρρῳ
1480 1115 1536 1167 τῷ
1557 1111 1739 1166 ἀρχιερεῖ

277 1179 582 1232 παρατίθεσθαι
602 1180 818 1234 Μαρτίνης
838 1183 909 1232 τῆς
925 1180 1165 1231 βασιλίσσης
1185 1179 1308 1220 ἕνεκεν
1319 1209 1331 1228 ,
1367 1176 1421 1227 ὡς
1438 1176 1496 1232 μή
1517 1194 1609 1219 ποτε
1630 1176 1732 1230 αὐτὴ

278 1242 356 1285 ὕπὸ
390 1246 693 1287 Κωνσταντίνου
726 1249 799 1287 τοῦ
827 1246 1027 1299 βασιλέως
1054 1247 1120 1287 καὶ
1147 1249 1344 1302 προγονοῧ
1363 1247 1404 1287 ἐκ
1425 1250 1503 1287 τῶν
1518 1246 1732 1298 βασιλείων
1743 1249 1785 1285 15

279 1312 532 1366 διωθουμὲνη
559 1310 780 1369 χρημάτων
813 1315 1155 1370 καθυστερίζυιτο.
1222 1311 1243 1355 ὅ
1273 1315 1317 1355 δὲ
1337 1312 1506 1369 Πύρρον
1523 1329 1733 1366 μεταστει-

277 1378 448 1433 λάμενος
471 1379 758 1423 διεπυνθάνετο
786 1383 820 1423 εἲ
842 1380 946 1422 οὕτω
970 1386 1096 1423 ταῦτα
1122 1380 1216 1435 ἔχοι.
1264 1379 1434 1437 Πύρρος
1449 1382 1491 1423 δὲ
1503 1379 1580 1422 ὑπὸ
1599 1383 1733 1422 Φιλα-

276 1449 389 1504 γριόυ
431 1447 725 1503 διελεγχόμενος
769 1450 982 1506 προεδίδου
1029 1452 1095 1491 καὶ
1138 1449 1210 1490 οὐκ
1249 1450 1400 1490 ἐθέλων
1441 1449 1491 1490 τὰ
1525 1447 1733 1506 χρήματα.

277 1516 358 1557 ἐπεὶ
381 1517 425 1558 δὲ
445 1515 550 1573 νόσῳ
563 1519 708 1575 χρονία
728 1518 1032 1567 Κωνσταντῖνος
1061 1519 1256 1570 συνείχετο
1285 1518 1351 1558 καὶ
1381 1516 1577 1573 ἀκρασίας
1603 1516 1733 1571 ἀέρων

277 1584 401 1626 ἕνεκεν
420 1585 460 1626 ἓν
479 1584 717 1639 Χαλκηδόνι
735 1586 928 1640 διέτριβεν
945 1586 985 1626 ἓν
1005 1589 1062 1640 τῷ
1079 1582 1152 1625 ὑπ”
1176 1584 1298 1626 αὐτοῦ
1318 1586 1517 1626 κτισθέντι
1535 1586 1788 1641 παλατι’ῳ,20

277 1651 375 1693 ἴδιὸν
401 1650 620 1707 Φιλάγριος
643 1650 863 1708 ἀρρώστως
883 1651 1003 1693 αὐτὸν
1025 1652 1290 1703 διακείμενον,
1326 1652 1392 1692 καὶ
1414 1653 1575 1701 ἐλπίσας
1594 1650 1733 1704 τάχιον

219 1723 252 1760 D
278 1719 517 1773 ἀποβιῶσαι,
539 1717 925 1775 ἔδεδίει(Ηράκλειον
938 1720 1004 1761 καὶ
1014 1721 1231 1775 Μαρτῖναν
1251 1716 1306 1769 ὥς
1326 1718 1447 1761 αὐτὸν
1465 1717 1735 1769 κακώσοντας.

365 1825 389 1860 4
412 1824 509 1860 κατὰ
530 1825 712 1868 Petavius,
735 1823 798 1860 καὶ
818 1826 848 1859 Ρ
955 1825 977 1860 5
1002 1821 1202 1871 βαρβάρων
1219 1825 1401 1861 Petavius.
1506 1827 1530 1862 7
1551 1823 1683 1871 λόγους
1700 1825 1730 1860 P

367 1874 415 1908 22
437 1871 674 1911 κακώσαντας
695 1872 743 1906 P:
767 1883 846 1905 corr
866 1871 1047 1906 Petavius.

276 1963 531 2006 moderaretur,
560 1974 625 2007 pro
647 1962 870 2019 imperatrice
893 1974 932 1996 se
955 1975 1079 2007 gerere
1101 1962 1287 2007 cogitabat.
1334 1962 1395 1996 sed
1419 1961 1573 1996 nonnulli
1591 1973 1611 1996 e
1631 1962 1734 1996 turba

277 2011 322 2043 ad
347 2021 419 2043 eam
443 2008 643 2042 clamarunt.
720 2008 785 2042 tibi
804 2013 842 2042 ut
862 2008 1107 2055 imperatorum
1129 2009 1231 2043 matri
1254 2009 1431 2042 habendus
1451 2008 1561 2041 honor
1579 2010 1653 2050 est,
1676 2007 1731 2040 his

274 2061 438 2099 tanquam
465 2053 733 2099 imperatoribus
760 2065 801 2087 ac
823 2051 1013 2088 dominis.”
1057 2059 1162 2098 atque
1184 2054 1321 2087 interim
1347 2052 1576 2087 Constantino
1603 2052 1732 2097 primas

275 2101 481 2135 deferebant
514 2104 636 2144 utpote
670 2104 706 2134 et
741 2104 857 2133 aetate
888 2099 1010 2133 maiori
1035 2105 1071 2133 et
1094 2101 1138 2133 ad
1160 2098 1340 2145 imperium
1361 2099 1429 2132 iam
1451 2104 1522 2132 tum
1541 2109 1563 2131 a
1580 2097 1732 2142 pueritia

274 2150 446 2192 promoto.
493 2141 638 2189 “neque
669 2142 788 2179 enim''
821 2145 961 2179 aiebant
989 2142 1178 2179 “barbaris
1207 2150 1268 2178 aut
1294 2144 1447 2177 externis
1479 2143 1645 2177 adversus
1670 2154 1730 2176 re—

275 2192 366 2236 giam
390 2191 479 2225 hanc
500 2192 621 2224 urbem
644 2191 884 2234 venientibus,
910 2203 929 2224 o
952 2191 1106 2234 domina,
1129 2194 1230 2235 potes
1253 2190 1416 2223 resistere
1439 2194 1499 2223 aut
1519 2188 1733 2234 respondere

274 2236 407 2271 verbis.
455 2240 592 2269 avertat
624 2235 709 2269 deus
743 2240 780 2269 ut
811 2248 852 2269 eo
879 2237 1111 2270 Romanorum
1142 2247 1200 2269 res
1229 2235 1367 2280 publica
1400 2231 1636 2269 deducatur.”
1680 2234 1733 2268 ita

275 2280 541 2327 imperatoribus
566 2280 717 2314 feliciter
743 2287 928 2324 precantes
951 2285 1183 2315 recesserunt.
1231 2280 1356 2325 quibus
1379 2280 1508 2315 auditis
1529 2279 1733 2325 imperatrix

276 2340 373 2362 suum
395 2328 432 2360 in
457 2326 620 2371 palatium
643 2337 681 2359 se
704 2326 862 2360 contulit.

367 2374 424 2408 Ex
447 2384 515 2416 quo
539 2372 703 2416 deinceps
726 2371 974 2405 Constantinus
996 2371 1168 2416 imperare
1191 2370 1319 2417 coepit.
1368 2372 1412 2406 ad
1429 2371 1519 2405 hunc
1535 2369 1733 2415 Philagrius

274 2430 390 2453 rerum
418 2418 631 2463 privatarum
662 2429 774 2451 comes
808 2417 930 2451 detulit
952 2417 1116 2451 Heraclio
1140 2423 1239 2462 patre
1271 2417 1383 2451 adhuc
1413 2420 1615 2461 aegrotante
1639 2416 1733 2460 apud

275 2464 449 2508 Pyrrhum
474 2463 703 2508 patriarcham
727 2462 892 2509 pecunias
917 2474 993 2496 esse
1018 2463 1218 2508 depositas,
1256 2467 1296 2496 ut
1321 2462 1494 2497 Martinae
1518 2460 1734 2506 imperatrici

277 2510 533 2551 consuleretur,
567 2521 610 2542 ne
633 2509 725 2542 forte
751 2519 771 2542 a
795 2508 1023 2543 Constantino
1049 2509 1258 2553 imperatore
1281 2508 1442 2553 privigno
1468 2519 1487 2541 e
1509 2507 1644 2541 Palatio
1668 2518 1730 2540 ex-

277 2556 418 2590 turbata
440 2554 559 2599 inopia
581 2554 767 2588 laboraret.
814 2554 1003 2599 imperator
1030 2554 1149 2599 itaque
1180 2553 1352 2599 Pyrrhum
1377 2564 1555 2587 arcessens
1577 2563 1657 2586 num
1679 2551 1733 2586 ita

277 2612 317 2635 se
339 2612 395 2634 res
419 2600 563 2633 haberet
585 2600 780 2634 sciscitatus
802 2605 867 2634 est.
916 2600 976 2644 qui
1000 2612 1021 2634 a
1044 2599 1221 2644 Philagrio
1245 2599 1423 2633 convictus
1447 2598 1644 2634 commissas
1667 2609 1732 2642 pe-

278 2645 396 2680 cunias
414 2645 497 2679 licet
517 2646 647 2680 invitus
666 2645 822 2680 tradidit.
871 2647 933 2679 sed
959 2646 1206 2679 Constantinus
1231 2656 1304 2678 cum
1326 2644 1488 2678 diuturno
1507 2645 1625 2678 morbo
1647 2654 1731 2679 con-

277 2692 492 2735 metaretur,
529 2703 568 2725 ac
596 2697 740 2738 propter
763 2690 853 2725 aeris
878 2692 1116 2737 intemperiem
1142 2690 1360 2724 Chalcedone
1388 2690 1423 2724 in
1452 2689 1601 2734 palatio,
1638 2687 1733 2734 quod

277 2739 356 2783 ipse
374 2743 625 2780 construxerat,
646 2737 828 2779 habitaret,
847 2737 1046 2782 Philagrius
1065 2738 1222 2770 affectam
1241 2736 1314 2770 eius
1332 2735 1559 2770 valetudinem
1577 2734 1731 2771 animad-

277 2788 439 2827 vertens,
473 2794 513 2817 ac
535 2784 736 2828 propediem
763 2782 934 2817 obiturum
958 2784 1156 2828 suspicans,
1180 2781 1379 2815 Heraclium
1403 2786 1440 2816 et
1462 2780 1644 2815 Martinam
1667 2778 1731 2812 vess

277 2828 455 2865 hementer
477 2828 705 2876 formidabat,
730 2841 774 2864 ne
792 2828 875 2875 quid
898 2829 942 2864 ab
965 2829 1010 2864 iis
1028 2828 1110 2865 mali
1132 2832 1323 2876 pateretur.
1370 2838 1479 2874 quare
1502 2824 1731 2863 Constantino
