1890 3224
278 220 370 269 104
602 221 880 276 QUERCIUS
913 221 972 264 IN
1005 220 1405 265 EXPEDITIONIS

277 329 486 386 σάλπιγγές
516 345 556 371 τε
582 328 651 370 καὶ
677 327 875 384 φάλαγγες
907 326 1111 381 ἀσπίδων,
1152 330 1221 371 καὶ
1257 326 1352 379 λαός
1389 328 1728 386 τεθωρακισμένος

276 390 423 431 ἵστατο.

393 445 486 485 136.
545 440 776 480 dubitabam
804 455 855 480 an
883 456 936 481 ex
954 441 1204 495 Theophane
1224 456 1295 495 pro
1315 439 1363 483 τὰ
1380 457 1588 496 πραγματα
1609 455 1726 494 repo-

278 514 415 539 nerem
436 496 484 538 τοὶ
507 495 698 551 τάγματα.
756 501 810 537 ait
832 501 940 537 enim
958 515 998 552 p.
1020 500 1125 541 255:
1158 499 1242 541 ἐπεὶ
1265 497 1309 540 δὲ
1331 496 1519 550 ασφαλῶς
1536 499 1726 551 συνέστη·

277 570 351 597 σαν
370 554 418 596 τοὶ
437 552 628 622 τάγματα,
647 552 887 625 συμβάλλειν
903 553 1098 609 ἀλλήλους
1114 555 1326 597 ἐκέλευσεν.
1357 551 1532 607 ω’θισμοί
1548 570 1588 595 τε
1605 556 1730 607 βίαιοι

277 613 344 654 καὶ
372 608 677 665 συγκρούσματα
703 610 803 665 πρός
831 609 1027 665 αλληλους
1055 613 1254 666 ἐγίνοντο,
1285 612 1354 653 καὶ
1375 609 1640 665 σχηματισμὸς
1656 614 1729 652 τοῦ

275 668 450 721 πολέμου
466 669 681 710 ἐδείκνυτο.
720 671 943 708 versionem
961 676 1137 708 nostram
1156 670 1398 722 probabunt,
1429 670 1499 721 qui
1516 682 1569 706 ex
1585 669 1730 706 Leonis

286 728 396 763 Tact.
421 739 456 763 c.
480 729 506 767 7
528 732 673 764 norunt
688 725 787 778 quid
807 726 996 799 ε’σφιγξαν
1017 725 1083 764 hic
1102 727 1315 778 significet:
1346 728 1400 764 ait
1421 727 1528 763 enim
1546 721 1591 766 τὸ
1611 724 1728 778 σφίγ-

274 782 419 850 γεσθαί
438 781 519 822 ἐστι
535 779 580 823 το“
603 785 863 824 πυκνουσθαι
875 813 886 833 ,
916 784 985 824 ἵνα
1014 782 1083 824 καὶ
1101 782 1202 825 κατοὶ
1217 780 1393 837 πλευραν
1411 781 1479 823 καὶ
1498 797 1597 822 κατα
1618 776 1730 832 οἶμον

276 835 464 891 αλλήλοις
477 837 691 891 ἒγγίζωσιν.

390 894 482 935 141.
542 897 576 932 si
595 896 815 934 umbratilis
833 894 933 934 haec
952 896 1027 934 fuit
1044 909 1178 947 pugna
1199 902 1236 933 et
1254 909 1347 934 vere
1367 894 1595 947 σκιομαχία,
1630 899 1670 930 et
1686 898 1730 929 ut

275 963 374 988 mox
405 952 459 988 ait
487 956 604 1002 poeta
619 981 629 1000 ,
657 952 746 1004 δίχα
768 948 968 1005 αἱμάτων,
998 966 1067 990 cur
1090 950 1186 1004 μετα
1202 955 1360 993 πολλῶν
1383 948 1561 1003 αἷμάτων
1583 948 1729 987 exserti

275 1006 400 1058 gladii
429 1007 719 1046 ostenduntur?
779 1016 882 1046 certe
910 1008 976 1046 hic
1007 1010 1123 1047 cubat
1153 1008 1367 1047 mendum:
1407 1021 1503 1045 nam
1529 1014 1567 1047 et
1593 1017 1729 1045 versus

274 1065 359 1114 ipse
387 1063 593 1101 claudicat.
658 1065 792 1103 forsan
829 1064 1046 1117 legendum
1085 1062 1230 1117 μεστά,
1276 1066 1391 1117 quasi
1432 1063 1538 1102 dicat
1578 1068 1730 1100 tantam

274 1120 396 1157 fuisse
440 1121 675 1157 irruentium
705 1123 787 1159 vim
822 1129 866 1158 ut
869 1095 1098 1159 Ovislmemr
1138 1121 1312 1183 undique
1350 1122 1512 1168 sanguis
1555 1119 1730 1165 effluere,

274 1176 456 1227 quamvis
475 1176 586 1212 nulla
608 1173 701 1211 inde
724 1173 863 1211 caedes
890 1175 1098 1212 subsecuta
1120 1175 1183 1211 sit.

388 1230 481 1272 143.
540 1228 810 1281 Theophanes
822 1244 868 1280 p.
893 1229 998 1271 255:
1028 1229 1096 1269 καὶ
1114 1225 1168 1281 ἦν
1189 1229 1290 1270 ἰδεῖν
1309 1225 1478 1282 φρικτὸν
1496 1227 1632 1296 θέαμα
1650 1225 1730 1280 φό-

271 1301 345 1328 νου
364 1285 485 1338 χωρὶς
502 1285 568 1326 καὶ
587 1283 800 1335 κινδύνου,
829 1285 897 1326 καὶ
914 1283 1016 1352 πρός
1034 1283 1184 1337 φόνους
1203 1297 1415 1334 συννευσις
1431 1281 1610 1355 αἷματων
1629 1286 1732 1353 δίχα,

272 1342 340 1383 καὶ
367 1357 444 1396 προ
473 1345 545 1394 τῆς
568 1358 746 1411 αναγκης
763 1358 858 1390 τους
875 1338 1069 1393 τρόπους,
1100 1338 1210 1390 ὅπως
1228 1341 1389 1390 ἕκαστος
1407 1341 1449 1383 ἐκ
1470 1344 1544 1396 τῆς
1564 1338 1732 1384 ἀκινδυ-

271 1414 345 1439 νου
366 1401 526 1452 σφαγῆς
544 1397 681 1451 λαβων
702 1395 889 1452 ἀφορμὰς
908 1395 1196 1452 ἀσφαλέστερος
1219 1397 1344 1451 με’νοι.

386 1455 480 1497 153.
540 1468 642 1507 quae
668 1456 818 1493 fuerint
837 1469 889 1494 ex
909 1457 1054 1494 veteris
1077 1455 1310 1507 disciplinae
1327 1455 1475 1506 regulis
1497 1452 1676 1507 σχήματα
1693 1461 1732 1492 et

270 1507 460 1562 κινήσεις,
486 1512 601 1548 iuxta
619 1525 717 1564 quas
735 1514 868 1550 variae
886 1513 1182 1550 immutationes
1200 1513 1476 1550 conversiones
1494 1512 1747 1558 inflexiones,

271 1568 537 1605 revolutiones
569 1574 608 1605 et
635 1570 902 1606 restitutiones
935 1568 1082 1606 fiebant
1107 1581 1130 1606 a
1159 1569 1375 1617 militibus,
1405 1575 1450 1605 ut
1479 1581 1503 1605 a
1531 1569 1678 1617 latere,
1707 1581 1731 1605 a

269 1624 422 1672 fronte,
453 1637 476 1661 a
497 1630 609 1675 tergo
628 1625 899 1675 ingruentiiun
919 1623 1096 1662 hostium
1115 1626 1311 1675 impetum
1329 1625 1586 1673 sustinerent,
1616 1623 1730 1662 vide-

270 1681 324 1717 sis
342 1680 386 1716 in
403 1680 563 1717 Aeliani
583 1679 805 1718 Onosandri
827 1687 866 1718 et
885 1682 1031 1718 Leonis
1054 1681 1250 1729 Tacticis,
1281 1687 1320 1717 et
1342 1681 1384 1717 in
1403 1681 1567 1731 Rigaltii
1595 1680 1725 1718 Gloss.

277 1737 388 1773 Taet.
414 1735 466 1773 ad
486 1749 628 1774 vocem
647 1732 851 1788 σχήματα,
880 1738 950 1788 qui
968 1748 1021 1773 ex
1036 1737 1122 1788 ipso
1139 1737 1308 1774 Aeliano
1330 1743 1369 1773 et
1387 1738 1522 1774 Leone
1542 1736 1731 1775 mandata

269 1804 292 1829 a
313 1791 480 1830 ducibus
498 1791 584 1829 dari
603 1793 719 1830 solita
734 1793 929 1830 militibus
951 1793 1244 1844 elegantissime
1264 1805 1317 1830 ex
1333 1794 1483 1830 Graeco
1501 1795 1633 1831 vertit.

385 1849 479 1891 160.
537 1845 681 1898 τόνους
707 1851 998 1901 perspicuitatis
1026 1851 1151 1900 gratia
1181 1848 1399 1887 reddebam
1427 1850 1559 1896 acies,
1596 1850 1731 1894 Italico

271 1904 307 1941 le
321 1904 416 1952 file:
448 1911 488 1942 at
516 1909 654 1956 poeta,
685 1919 776 1943 oum
798 1907 1018 1943 exercitum
1036 1907 1157 1944 maris
1175 1905 1295 1943 undis
1315 1913 1600 1957 comparasset,
1632 1907 1732 1944 alle-

269 1963 423 2011 goriam
457 1969 686 2013 persecutus
720 1975 793 2014 per
827 1959 1015 2015 κυμάτων
1048 1958 1190 2011 τόνους
1226 1963 1498 2001 fluctuationes
1528 1964 1731 2014 intelligit,

269 2018 406 2055 Italice
429 2017 466 2055 le
487 2019 642 2056 ondate.

387 2075 479 2115 162.
539 2074 690 2126 duplici
723 2075 872 2112 ratione
909 2075 1277 2125 praescribebantur
1306 2073 1494 2112 mandata
1522 2075 1730 2123 militibus,

271 2143 368 2167 voce
389 2136 427 2167 et
445 2137 558 2168 nutu.
618 2133 673 2168 ita
692 2132 774 2168 Leo
791 2133 889 2182 imp.
919 2132 1030 2168 Tact.
1053 2145 1086 2167 e.
1107 2133 1156 2171 7:
1186 2130 1395 2178 ἐθίζεσθαι
1409 2129 1454 2171 δὲ
1470 2127 1618 2179 αὐτοῦς
1640 2130 1732 2173 δέον

269 2183 371 2239 πρός
397 2189 521 2226 ταῦτα
550 2189 674 2242 φωνῇ
702 2184 731 2238 ἢ
763 2184 931 2239 νεύματι
963 2184 1029 2227 διοὶ
1061 2186 1227 2239 σημείου
1252 2185 1358 2236 τινὸς
1387 2183 1476 2229 οἷον
1506 2192 1635 2229 κινεῖν
1663 2187 1731 2229 καὶ

266 2242 469 2283 ἵστασθαι.

386 2298 480 2339 165.
538 2298 713 2347 legerem
737 2294 914 2365 διαφορά
933 2297 999 2336 vel
1017 2294 1228 2351 διαφοράς.

387 2354 481 2394 167.
539 2354 679 2404 supple
694 2349 866 2405 Ὀρφεύς
879 2383 889 2403 ,
921 2353 970 2391 de
985 2367 1062 2406 quo
1081 2356 1260 2392 similia·
1248 2369 1291 2392 m
1308 2355 1516 2396 Ahar-ihus
1537 2355 1691 2397 v.105.

387 2410 481 2450 170.
538 2409 637 2446 Act.
666 2412 692 2450 2
722 2412 769 2450 3:
805 2417 840 2447 et
873 2419 1150 2461 apparuerunt
1176 2411 1260 2449 illis
1289 2412 1516 2463 dispertitae
1548 2412 1730 2464 linguae,

274 2472 468 2516 tanquam
496 2466 603 2516 ignis
611 2494 628 2511 ,
670 2465 846 2517 seditque
880 2481 1003 2518 supra
1034 2468 1215 2519 singulos
1245 2482 1391 2506 eorum.
1460 2482 1578 2520 saepe
1607 2482 1731 2506 exae-

275 2525 516 2615 stuatdpoeta
533 2523 575 2559 in
596 2521 782 2560 laudibus
801 2525 996 2573 Heraclii,
1027 2526 1138 2563 cuius
1161 2525 1428 2578 eloquentiam
1449 2527 1598 2577 passim
1621 2538 1731 2563 com-

275 2589 368 2615 men
398 2584 450 2615 at.

391 2636 484 2675 178.
542 2632 632 2671 vide
650 2633 821 2672 Acroas.
850 2638 871 2677 1
901 2635 954 2677 46
974 2643 1012 2674 et
1035 2639 1128 2679 127.

391 2691 485 2731 188.
543 2696 611 2728 tua
637 2692 763 2743 pietas
791 2698 830 2729 et
854 2698 946 2730 tuus
976 2706 1069 2744 erga
1097 2707 1170 2732 nos
1202 2692 1365 2732 affectus
1392 2691 1443 2732 ad
1471 2705 1729 2746 quaecunque

278 2746 453 2798 pericula
472 2746 652 2784 alacriter
668 2747 873 2786 subeunda
889 2763 961 2787 nos
979 2750 1165 2801 impellit.

394 2803 489 2844 191.
548 2803 750 2842 medicum
779 2803 999 2857 sophistam
1029 2813 1165 2855 vocat,
1195 2807 1308 2858 quasi
1329 2805 1476 2844 diceret
1495 2805 1728 2856 sapientem.

282 2860 437 2911 sapiens
473 2867 607 2898 autem
639 2861 818 2900 medicus
847 2869 950 2900 recte
983 2875 1074 2901 ctun
1097 2861 1231 2902 Pisida
1260 2862 1464 2912 definitur,
1502 2863 1571 2914 qui
1598 2859 1729 2899 studio
