1890 3224
296 193 359 239 98
910 189 1136 234 PETAVII

180 308 208 342 P
231 306 274 342 57
562 300 621 339 A.
664 300 704 338 d.
748 290 853 349 623',
898 298 1043 337 India.
1080 301 1153 346 11,
1197 298 1382 335 Heraclei
1413 299 1486 347 13,

658 363 753 408 post
780 369 857 394 cos.
892 357 967 405 12,
996 354 1183 393 Heraclii
1210 356 1294 392 iun.
1330 357 1397 395 11.

410 435 615 474 Heraclius
643 434 786 472 Martio
816 446 953 472 mense
981 433 1175 471 celebrato
1201 431 1252 470 ad
1274 431 1547 470 Nicomediam
1566 428 1751 482 paschate

299 499 433 531 contra
459 494 599 530 Persas
632 504 725 529 cum
752 491 922 528 Martina
949 491 1114 541 coniuge
1142 491 1338 541 perrexit,
1379 491 1554 527 remissis
1595 488 1751 538 Cpolim

298 549 446 586 liberis.

410 604 602 643 Sarbarus
629 615 653 641 a
682 601 856 641 chosroe
883 604 927 641 in
952 601 1183 655 Bithyniam
1216 602 1358 642 missus
1389 615 1411 639 e
1441 601 1606 651 vestigio
1636 611 1751 636 revo-

298 668 420 699 catur.
952 706 955 709 χ

406 716 613 754 Heraclius
633 713 838 753 Persidem
854 715 958 754 ferro
977 715 1226 766 flammisque
1248 714 1478 765 populatur,
1506 713 1748 763 fugientem-

295 785 373 825 que
393 771 594 812 Chosroen
614 774 877 825 persequitur.
900 807 904 810 .
934 773 978 810 in
994 771 1162 810 Albania
1186 771 1348 809 demum
1368 769 1533 808 hiemat.

567 873 626 911 A.
667 873 709 911 d.
750 870 853 922 624,
895 873 1041 911 Indict.
1074 875 1148 922 12,
1188 872 1375 910 Heraclii
1403 869 1478 921 14,

644 936 737 981 post
765 943 841 967 cos.
877 930 952 979 13,
991 930 1179 967 Heraclii
1205 930 1290 966 ιἰιη.
1328 930 1391 969 12.

402 1007 609 1046 Heraclius
629 1008 896 1046 Sarbazanem
915 1014 954 1046 et
973 1008 1256 1046 Sarablancam
1274 1005 1456 1044 Chosrois
1477 1004 1596 1042 duces
1608 1032 1618 1051 ,
1651 1015 1747 1039 nec·

289 1076 379 1157 nonl
401 1070 440 1129 et
467 1064 635 1103 Sainum
655 1065 780 1103 tribus
799 1064 959 1116 praeliis
977 1071 1149 1116 superat.
1206 1062 1301 1101 inde
1319 1061 1495 1099 hiemem
1517 1062 1559 1097 in
1577 1059 1747 1097 Albania

290 1126 350 1158 tra
380 1126 474 1158 ucit.

562 1206 623 1245 A.
656 1206 698 1244 d.
732 1204 839 1255 625,
880 1206 1028 1244 Indict.
1065 1206 1140 1253 13,
1183 1205 1369 1243 Heraclii
1400 1205 1476 1254 15,

639 1269 736 1313 post
763 1275 840 1299 cos.
877 1260 952 1311 14,
989 1261 1177 1300 Heraclii
1204 1263 1288 1299 iun.
1325 1263 1390 1303 13.

403 1329 609 1368 Heraclius
626 1330 769 1371 Martio
787 1342 925 1367 mense
944 1343 1016 1382 per
1031 1330 1190 1381 Syriam
1208 1328 1260 1367 ad
1275 1331 1417 1380 Tigrin
1433 1327 1624 1380 pervenit.
1650 1325 1745 1364 inde

247 1390 252 1395 '
291 1384 392 1423 datis
425 1384 478 1423 ad
508 1377 737 1438 cpolitanos
765 1387 890 1424 literis
913 1399 1004 1424 cum
1023 1386 1238 1425 Sarbaraza
1258 1392 1421 1437 pugnat.
1479 1385 1605 1422 multa
1629 1385 1671 1421 in
1696 1397 1744 1420 eo

288 1442 441 1493 praelio
462 1454 581 1494 supra
598 1440 794 1480 humanas
818 1444 922 1482 vires
943 1450 1100 1481 strenue
1121 1455 1166 1480 ac
1183 1442 1336 1481 fortiter
1360 1440 1499 1480 edidit.
1556 1454 1744 1493 superve-

285 1499 421 1536 niente
443 1505 560 1537 nocte
579 1511 625 1537 ac
643 1499 793 1551 praelio
817 1497 1012 1551 dirempto
1032 1499 1190 1537 barbari
1210 1499 1384 1550 fugiunt.

560 1587 621 1625 A.
652 1587 694 1625 d.
728 1589 830 1635 626,
875 1587 1022 1626 Indici.
1066 1586 1137 1636 14,
1180 1588 1368 1625 Heraclii
1395 1589 1470 1636 16,

639 1650 732 1694 post
759 1656 835 1680 cos.
872 1644 947 1692 15,
986 1643 1173 1681 Heraclii
1199 1647 1283 1681 iun.
1319 1642 1385 1685 14.

397 1706 594 1747 Chosroes
609 1716 668 1747 tot
688 1707 866 1747 cladibus
886 1710 1143 1748 exacerbatus
1160 1710 1393 1760 conscriptis
1411 1722 1465 1746 ex
1478 1708 1590 1747 omni
1608 1706 1742 1746 homi-

287 1777 387 1804 num
410 1763 635 1803 conditione
657 1766 781 1816 copiis
803 1778 940 1802 earum
956 1773 1111 1817 partem
1128 1780 1220 1804 cum
1235 1766 1451 1805 Sarbaraza
1468 1764 1568 1803 duce
1586 1765 1743 1816 Cpolim

286 1822 431 1870 mittit,
459 1829 615 1873 partem
642 1822 763 1859 aliam
796 1822 916 1860 Saino
951 1821 1042 1860 duci
1073 1821 1194 1861 tradit
1227 1829 1266 1861 et
1295 1821 1484 1861 adversus
1514 1821 1742 1859 Heraclium

286 1879 435 1917 obiicit.

396 1936 548 1972 Avares
570 1946 593 1971 a
616 1933 831 1972 Sarbaraza
852 1934 1037 1972 solicitati
1057 1935 1214 1986 Cpolim
1229 1933 1424 1973 obsident.
1483 1933 1555 1973 sed
1580 1935 1627 1972 B.
1657 1933 1741 1972 vir-

286 1991 391 2043 ginis
410 2003 486 2042 ope
504 1991 672 2028 liberata
689 1991 786 2028 urbe
805 1990 960 2028 barbari
981 2005 1083 2042 pene
1104 2004 1242 2029 omnes
1260 1993 1500 2042 interempti.

397 2047 623 2096 Heraclius,
654 2048 724 2099 qui
741 2047 935 2084 trifariam
949 2050 1168 2085 exercitum
1185 2047 1392 2095 diviserat,
1422 2050 1644 2086 Turcorum
1665 2058 1739 2082 au-

285 2104 387 2141 xilia
419 2102 626 2140 contrahit.
687 2105 756 2155 qui
782 2105 986 2155 eruptione
1012 2106 1054 2141 in
1082 2103 1287 2142 Persidem
1308 2104 1410 2142 facta
1433 2105 1579 2142 reversi
1600 2108 1736 2154 postea

286 2160 335 2197 ab
358 2160 539 2197 Heraclio
556 2157 856 2211 perhumaniter
874 2162 1032 2212 excepti
1052 2167 1155 2199 sunt.

398 2216 486 2254 Sais
519 2229 542 2253 a
564 2214 783 2253 'Theodoro
803 2217 976 2254 Heraclii
993 2217 1114 2255 fratre
1134 2218 1260 2254 victus
1279 2229 1332 2253 ex
1348 2214 1593 2267 aegritudine
1615 2215 1737 2251 animi

284 2273 463 2310 moritur.

393 2327 558 2366 Interim
570 2327 809 2366 Sarbarazas
829 2325 1122 2365 chalcedonem
1141 2326 1323 2366 obsidere
1341 2330 1484 2380 pergit.

569 2415 630 2454 A
662 2416 703 2454 d.
736 2416 839 2464 627,
869 2416 1017 2454 Indice.
1055 2415 1126 2466 15,
1158 2417 1346 2455 Heraclii
1373 2419 1450 2466 17,

332 2479 426 2523 post
454 2473 634 2521 cos.16‚
676 2472 863 2510 Heraclii
889 2474 973 2510 iun.
1001 2473 1074 2521 15,
1113 2474 1221 2524 cyclo
1250 2474 1370 2512 lunae
1403 2478 1423 2515 1
1439 2503 1450 2522 ,
1489 2471 1583 2510 solis
1609 2472 1678 2512 20·

395 2538 589 2578 chosroes
619 2541 808 2577 Razatem
835 2537 977 2577 ducem
1001 2541 1263 2578 fort-issilnum
1297 2540 1483 2580 adversus
1505 2539 1732 2577 Heraclium

283 2594 426 2644 mittit,
457 2597 528 2647 qui
553 2608 644 2633 cum
671 2595 813 2634 Turcis
839 2597 881 2632 in
909 2596 1113 2635 Persidem
1134 2597 1333 2648 ingressus
1354 2598 1402 2635 ab
1423 2594 1567 2635 iisdem
1583 2595 1732 2634 deseri-

282 2656 366 2700 tur,
397 2664 500 2689 anno
521 2653 602 2688 iam
620 2653 778 2704 imperii
798 2650 980 2691 inchoato
1005 2653 1057 2694 18
1079 2667 1170 2691 cum
1188 2653 1329 2692 Indict.
1351 2655 1389 2694 1.

390 2709 493 2745 Hinc
517 2709 684 2759 regione
712 2709 820 2746 omni
847 2709 968 2759 longe
997 2710 1154 2763 lateque
1178 2717 1328 2748 vastata
1345 2739 1355 2759 ,
1399 2709 1629 2748 Decembris
1658 2707 1730 2746 de-

278 2774 392 2800 mum
415 2766 465 2805 12
481 2762 566 2812 die,
568 2736 757 2804 &sabbato
770 2794 781 2815 ,
810 2767 998 2803 Razatem
1019 2779 1110 2804 cum
1131 2768 1307 2805 exercitu
1323 2780 1393 2805 suo
1410 2765 1588 2805 funditus
1609 2763 1736 2803 delet.

280 2831 455 2872 moxque
473 2820 692 2872 fugientem
709 2820 910 2861 Chosroen
927 2824 1188 2876 persequitur.
