1890 3224
347 719 445 767 AD
491 721 933 773 NIGEPHORI
975 723 1471 774 BREVIARIUM

179 851 243 921 N
530 855 596 927 Ο
881 856 948 927 Τ
1228 858 1295 926 Α
1584 858 1638 927 E

452 1018 696 1058 AUCTORE
724 1018 967 1059 DIONYSIO
995 1017 1227 1059 PETAVIO
1257 1019 1301 1059 S.
1328 1022 1362 1059 Ι.

595 1293 1217 1354 ΠΡΟΘΕΩΡΙΑ.

171 1410 264 1478 Ex
283 1441 463 1479 omnium
479 1440 763 1494 imperatorum
779 1455 947 1482 numero
966 1442 1172 1482 neminem
1188 1442 1361 1494 reperies
1379 1441 1449 1494 qui
1467 1449 1535 1480 aut
1554 1441 1636 1481 dif-

172 1498 338 1536 ficiliora
362 1511 485 1550 quam
507 1500 715 1538 Heraclius
732 1506 913 1551 tempora
927 1507 1065 1539 nactus
1085 1500 1137 1538 sit
1155 1506 1223 1536 aut
1236 1500 1353 1551 plura
1370 1502 1636 1550 praestantio-

172 1567 295 1606 taque
312 1555 423 1592 brevi
442 1553 541 1593 adeo
561 1556 689 1607 spatio
706 1557 931 1608 perfecerit.
988 1555 1130 1595 eadem
1155 1569 1248 1594 vero
1267 1557 1338 1593 illa
1359 1562 1538 1607 tempora
1555 1570 1637 1594 non

171 1612 302 1662 magis
336 1611 436 1648 olim
462 1611 660 1649 bellorum
687 1613 925 1651 tumultibus
958 1619 1072 1651 erant
1106 1624 1231 1665 quam
1261 1611 1383 1650 hodie
1410 1614 1636 1650 narratione

170 1667 259 1718 ipsa
276 1673 369 1705 sunt
386 1673 507 1718 atque
531 1680 726 1706 annorum
745 1670 847 1707 serie
868 1669 1110 1720 perturbata.
1166 1666 1244 1706 hoc
1276 1670 1384 1706 enim
1410 1669 1507 1706 citra
1527 1670 1636 1706 invi-

171 1723 282 1761 diam
311 1721 391 1760 dici
416 1730 569 1774 potest,
597 1724 756 1762 nullum
782 1723 863 1762 huc
886 1737 1014 1777 usque
1047 1724 1285 1773 chronicon,
1315 1725 1479 1762 annales
1501 1726 1635 1764 nullos

169 1779 395 1827 exstitisse,
422 1780 467 1816 iu
495 1779 640 1831 quibus
669 1793 753 1818 non
779 1781 851 1818 illa
879 1787 1133 1832 praepostere
1168 1779 1363 1832 descripta
1386 1781 1484 1829 sint,
1515 1787 1635 1832 atque

169 1849 226 1874 ex
249 1847 444 1873 annorum
459 1836 526 1873 vel
549 1836 832 1887 anticipatione
854 1837 921 1874 vel
937 1838 1167 1875 traiectione
1194 1838 1282 1875 vitii
1305 1835 1459 1888 aliquid
1482 1835 1635 1875 adhae—

167 1893 278 1931 serit.
335 1890 524 1944 equidem
553 1899 746 1945 quanttnn
772 1894 815 1931 in
840 1893 923 1931 illis
951 1894 1096 1944 partim
1120 1892 1304 1932 eruendis
1328 1894 1474 1944 partim
1495 1906 1635 1931 emen-

170 1947 315 1987 dandis
331 1961 475 2000 operae
493 1950 710 2000 posuerim,
738 1948 841 1987 mihi
855 1950 943 2001 ipse
961 1962 1052 1988 sum
1068 1951 1273 1988 conscius:
1303 1955 1498 2002 quantum
1515 1963 1634 2001 porro

167 2011 403 2044 consecutus
429 2005 595 2054 fflerim,
627 2006 736 2045 malo
761 2004 807 2045 id
828 2006 1001 2045 aliorum
1029 2005 1179 2047 iudicio
1201 2007 1426 2059 relinquere
1449 2018 1572 2059 quam
1588 2007 1633 2045 in

166 2063 347 2101 oratione
364 2074 456 2099 mea
471 2075 635 2114 ponere.

281 2119 475 2157 Auctores
500 2131 595 2157 vero
619 2131 669 2157 ao
694 2115 816 2158 duces
847 2116 1016 2158 adhibui
1045 2131 1137 2158 cum
1163 2119 1264 2157 alios
1284 2118 1518 2171 plerosque,
1545 2125 1635 2158 tmn

170 2172 398 2213 cedrenum
426 2187 473 2213 ac
499 2173 817 2227 Theophanem,
845 2177 957 2215 cuius
976 2177 1127 2214 Graeca
1143 2174 1325 2214 nondum
1340 2176 1384 2212 in
1402 2173 1507 2212 hanc
1525 2174 1634 2214 diem

170 2231 334 2281 vulgata
354 2244 478 2282 penes
496 2245 571 2271 nos
591 2230 829 2282 habuimus,
860 2239 949 2271 tum
965 2231 1286 2271 Alexandrinum
1306 2230 1530 2270 Chronicon
1548 2234 1634 2271 sive

170 2288 310 2325 Fastos
338 2286 515 2337 Siculos,
545 2300 645 2341 quos
672 2287 751 2327 hoo
780 2302 886 2328 anno
914 2291 961 2329 P.
981 2288 1208 2327 Matthaeus
1227 2286 1427 2338 Raderus,
1457 2289 1517 2326 vir
1544 2302 1636 2327 cum

169 2344 311 2395 primis
341 2342 537 2392 eruditus,
566 2345 610 2382 in
635 2345 769 2383 lucem
802 2344 941 2394 edidit.
995 2344 1143 2384 horum
1170 2346 1400 2383 auctoritate
1429 2345 1521 2382 freti
1550 2358 1636 2383 non

168 2399 293 2439 modo
324 2399 423 2452 quid
451 2413 693 2453 unoquoque
719 2402 969 2454 imperatoris
988 2416 1092 2442 anno
1115 2409 1272 2454 gestum
1295 2402 1346 2440 sit
1366 2408 1546 2439 accurate
1568 2401 1634 2439 di·-

167 2457 407 2505 stinximus,
435 2470 576 2495 verum
603 2457 745 2506 etiam,
774 2458 884 2510 quod
910 2466 1029 2511 caput
1059 2466 1139 2508 est,
1170 2459 1330 2496 cuinam
1353 2464 1458 2496 esset
1478 2458 1634 2496 Iuliano

167 2525 274 2552 anno
293 2512 569 2562 tribuendum,
594 2525 674 2565 qua
694 2515 789 2551 anni
807 2513 1079 2554 modulatione
1098 2515 1261 2552 annales
1280 2515 1407 2552 nostri
1426 2527 1564 2552 omnes
1586 2527 1633 2551 ac

168 2567 450 2621 chronologiae
488 2571 682 2608 nituntur.
753 2583 833 2623 quo
874 2571 1040 2624 quidem
1071 2585 1145 2610 nos
1174 2571 1319 2622 partim
1350 2569 1634 2618 Indictionum,

165 2637 270 2677 quas
293 2625 372 2664 duo
393 2626 456 2664 illi
476 2627 713 2678 posteriores
735 2626 985 2679 adscribunt,
1015 2634 1156 2667 exacta
1184 2627 1307 2676 ratio,
1335 2628 1483 2678 partim
1504 2641 1635 2665 anno-

106 2686 109 2687 ’
168 2694 260 2718 rum
285 2689 404 2720 notae
424 2683 535 2722 velut
551 2696 676 2721 manu
691 2681 956 2724 deduxerunt.
1010 2691 1103 2724 sunt
1118 2682 1164 2722 hi
1179 2683 1299 2721 lunae
1316 2684 1494 2736 solisque
1514 2683 1628 2734 cycli,

166 2749 217 2774 ac
244 2737 480 2789 paschatum
512 2746 553 2778 et
580 2740 771 2778 feriarum
797 2738 1106 2780 characterismi.
1163 2752 1333 2792 quorum
1353 2739 1568 2778 methodus
1587 2746 1633 2776 ut

169 2794 302 2832 facilis
328 2801 410 2844 est,
449 2795 508 2848 sic
533 2795 811 2834 incredibilem
840 2810 887 2836 ac
918 2811 1042 2850 prope
1068 2797 1337 2835 necessarium
1357 2795 1480 2834 habet
1500 2807 1632 2844 usum,

170 2856 217 2888 ut
237 2848 427 2890 historiae
450 2853 745 2893 munimentum
767 2865 814 2892 ac
831 2860 1058 2907 temporum
1082 2850 1212 2907 ὄχημα
1227 2852 1308 2892 dici
1326 2854 1468 2892 merito
1491 2852 1630 2904 possit.

1661 735 1759 770 1³50

1653 2685 1750 2723 1³51
