1890 3224
281 201 374 249 154
619 205 894 258 QUERCIUS
926 205 986 248 IN
1018 203 1378 249 HERACLIADIS

275 314 366 365 ped.
392 317 417 356 2
447 315 547 362 289,
577 321 663 352 tum
682 313 788 367 quod
804 308 845 351 in
865 314 1038 352 curribus
1050 344 1060 364 ,
1091 315 1232 366 quibus
1250 315 1459 353 utebantur
1474 322 1624 354 veteres
1640 329 1720 354 non

275 370 397 408 modo
421 373 463 408 in
483 371 588 409 bello
612 370 683 409 sed
707 373 826 408 etiam
845 372 887 408 in
911 373 1163 423 spectaculis,
1194 371 1345 410 duobus
1375 378 1458 409 erat
1483 373 1612 422 locus,
1642 375 1720 410 sci-

279 428 372 465 licet
395 423 538 481 η’νιόχω
558 429 725 479 aurigae
742 434 780 465 et
799 427 937 483 ὁπλίτῃ
957 428 1022 466 vel
1041 426 1251 483 παραβάτῃ
1271 429 1392 466 militi
1404 429 1469 465 vel
1484 429 1720 478 parabatae;

280 481 385 519 unde
416 467 645 521 huiusmodi
675 497 809 522 currus
835 484 973 537 δίφροι
995 483 1245 533 dicebantur,
1274 492 1318 522 ut
1340 491 1471 536 aperte
1488 487 1720 537 interpreta-

279 545 343 575 tur
375 538 604 578 Eustathius
639 541 682 578 in
713 543 930 578 Homerum
957 541 1078 579 Iliad.
1106 545 1126 582 1
1159 544 1240 582 262
1270 541 1329 578 ed.
1359 542 1531 578 Florent.
1550 555 1596 592 p.
1619 545 1721 583 890:

280 595 423 647 δίφρος
451 591 573 644 τόπος
601 600 672 637 τοῦ
695 612 869 650 αρματος
900 596 923 638 ὅ
957 595 1050 645 τούς
1084 597 1281 650 ῥηθέντας
1301 597 1457 651 φέρων·
1490 595 1552 638 διο
1573 596 1642 637 καὶ
1662 597 1724 637 δ’ἴ-

280 666 382 701 φρος
407 650 554 704 λέγεται
583 651 637 701 ὥς
669 653 792 694 οἷονεὶ
820 654 1006 705 δίφορος,
1035 670 1103 693 και
1134 657 1260 708 τροπῇ
1279 653 1344 694 καὶ
1369 656 1549 709 συγκοπῇ
1569 654 1723 704 δίφρος.

279 705 426 745 videsis
461 708 609 746 ibidem
639 711 919 747 commentaria
941 712 987 747 P.
1006 711 1126 748 Politi
1145 717 1182 747 et
1202 694 1448 748 Sohefferum
1472 711 1520 748 de
1537 723 1578 747 re
1596 709 1719 747 velzic.

281 770 355 800 vet
379 764 401 803 1
433 768 458 806 7
481 779 528 816 Ρ.
553 767 621 807 71.
659 769 743 804 iure
761 774 893 804 autem
908 768 1127 819 meritoque
1147 768 1275 818 primo
1298 779 1415 804 sensu
1427 765 1632 817 parabata
1646 765 1724 803 dici

278 821 408 870 potuit
435 820 652 871 Chosroes,
680 824 748 875 qui
766 836 847 861 non
862 822 982 861 modo
1002 825 1182 860 Mauricii
1201 825 1448 874 imperatoris
1467 823 1572 860 filius
1594 823 1725 861 vocari

279 876 418 926 voluit,
449 877 520 916 sed
543 880 661 916 etiam
679 880 881 931 religionis
901 878 1144 918 Christianae
1163 882 1370 918 veritatem
1387 880 1503 917 fateri
1518 879 1583 917 vel
1599 891 1725 930 agno-

280 945 388 970 scere
415 947 495 972 non
527 934 741 973 dubitavit:
773 943 818 973 ut
847 938 953 973 enim
979 943 1112 973 narrat
1141 935 1466 988 Theophylactus
1497 936 1724 983 simocatta,

281 987 472 1028 chosroes
495 993 763 1029 Romanorum
783 993 983 1030 beneficiis
1002 991 1206 1030 devinctus
1223 991 1410 1045 ὁμολογεῖ
1424 991 1604 1044 μέγιστον
1622 988 1727 1032 εἶναι

279 1042 468 1086 απᾶντων
503 1045 604 1088 θεόν
630 1063 701 1087 τον
730 1046 841 1100 παροέ
870 1047 1084 1100 ‘Poeaatozg'
1115 1046 1282 1100 Χριστὸν
1311 1045 1636 1101 θρησκευόμενον
1657 1047 1727 1087 καὶ

278 1097 526 1155 τιμώμενον,
555 1102 621 1143 καὶ
650 1098 845 1160 ἄπυλῶτῳ
871 1107 925 1159 τῷ
952 1102 1113 1157 στόματι
1142 1101 1216 1156 τήν
1242 1102 1364 1145 πάλαι
1385 1104 1605 1156 θρησκείαν
1622 1099 1726 1156 ω’βέ-

277 1158 367 1205 λιζε.

390 1217 485 1255 207.
543 1212 825 1267 διφροστοὲτης,
854 1221 898 1251 ut
924 1222 1033 1265 patet
1065 1227 1118 1251 ex
1148 1215 1198 1252 iis
1229 1227 1328 1266 quae
1350 1227 1477 1266 nuper
1496 1214 1600 1252 dicta
1620 1221 1725 1262 sunt,

277 1267 386 1306 idem
417 1281 461 1307 ac
486 1268 647 1322 ηνίοχος
673 1272 837 1321 auriga,
872 1270 979 1322 quod
1007 1271 1077 1308 ille
1104 1277 1222 1308 staret
1238 1273 1280 1308 in
1302 1282 1457 1309 summa
1484 1278 1522 1308 et
1541 1273 1726 1308 anteriori

278 1332 389 1375 parte
423 1324 573 1377 diphri,
605 1333 643 1363 et
669 1333 759 1378 post
789 1339 880 1363 eum
908 1334 1011 1364 esset
1036 1327 1224 1377 parabata
1247 1328 1313 1364 vel
1337 1327 1568 1377 paraebata‚
1598 1326 1641 1364 id
1662 1334 1726 1365 est

276 1382 339 1418 vir
367 1389 560 1431 armatus,
592 1384 658 1435 qui
685 1397 706 1420 e
728 1381 868 1434 diphro
893 1389 996 1420 esset
1018 1389 1284 1433 pugnaturus,
1313 1384 1368 1420 ita
1388 1389 1522 1420 tamen
1543 1389 1589 1420 ut
1604 1385 1727 1420 utris-

276 1445 356 1489 'que
375 1445 476 1476 esset
494 1440 603 1477 locus
624 1441 667 1476 in
687 1438 826 1476 eadem
842 1446 953 1490 parte
972 1441 1175 1487 anteriori,
1205 1452 1296 1476 cum
1321 1446 1423 1477 esset
1443 1438 1725 1489 dimicandum,

275 1500 322 1530 'ut
343 1501 505 1545 apparet
525 1509 578 1532 ex
594 1496 935 1534 Selinuntinorum
952 1497 1126 1532 nummis
1143 1494 1251 1546 apud
1269 1496 1469 1533 Goltzium
1486 1496 1534 1533 de
1546 1509 1587 1532 re
1607 1509 1727 1533 num-

278 1563 379 1587 mar.
414 1558 505 1587 tom.
537 1550 584 1599 4,
623 1553 665 1588 in
696 1565 774 1603 quo
805 1550 882 1588 duo
913 1558 1017 1589 stant
1042 1554 1084 1588 in
1117 1550 1303 1602 diphrum
1331 1552 1529 1600 inclinati,
1560 1560 1727 1604 quorum

279 1607 378 1643 alter
397 1614 455 1643 est
475 1605 635 1657 ὁπλίτης
660 1619 747 1644 cum
766 1609 920 1644 intenso
945 1606 996 1643 ad
1011 1609 1134 1643 ictum
1153 1620 1245 1644 arcu
1257 1637 1267 1656 ,
1298 1608 1397 1644 alter
1415 1620 1510 1646 vero
1534 1615 1592 1645 est
1609 1607 1726 1661 ἤνίο-
1795 1607 1798 1609 ’

277 1677 362 1714 χος,
398 1665 465 1714 qui
490 1661 665 1700 habenas
687 1664 789 1713 regit
809 1670 847 1700 et
866 1675 989 1714 equos
1006 1663 1190 1714 impellit.

386 1721 482 1760 212.
541 1717 632 1756 vide
650 1731 768 1770 supra
786 1731 826 1756 v.
843 1721 938 1759 202.

386 1774 482 1816 215.
540 1773 616 1812 1100
633 1788 713 1812 11011
729 1774 910 1824 intelligo
929 1773 978 1811 de
994 1775 1091 1812 urbe
1111 1775 1237 1826 cpoli,
1263 1774 1311 1811 >in
1329 1787 1450 1826 quam
1467 1780 1556 1825 post
1574 1781 1726 1826 septem

276 1843 468 1867 annorum
497 1831 649 1868 bellum
675 1829 939 1881 triumphator
962 1832 1093 1868 Persis
1115 1831 1285 1869 subactis
1303 1832 1501 1881 ingressus
1521 1837 1579 1868 est
1598 1833 1726 1868 Hera-

277 1887 395 1934 clius,
439 1893 483 1923 ut
514 1893 573 1924 est
602 1889 645 1924 in
669 1885 919 1938 Theophane
941 1901 985 1937 Ρ.
1011 1887 1114 1935 275,
1144 1886 1215 1925 sed
1237 1886 1286 1924 de
1307 1888 1489 1924 omnibus
1506 1888 1727 1925 civitatibus

274 1956 347 1993 per
375 1955 472 1994 quas
499 1943 760 1995 pertransibat
787 1945 1024 1994 imperator,
1068 1950 1282 1996 antequam
1308 1945 1350 1980 in
1373 1944 1514 1981 urbem
1542 1957 1585 1981 se
1615 1957 1726 1982 rece-

303 2000 410 2037 isset.

274 2013 299 2050 P
386 2055 482 2096 216.
539 2053 630 2092 vide
651 2068 769 2106 supra
785 2069 824 2092 v.
844 2057 939 2097 202.
998 2052 1220 2123 βραβευτής
1239 2055 1467 2106 designator
1486 2062 1524 2091 et
1541 2054 1726 2092 ludorum

271 2111 517 2162 praefectus,
558 2113 627 2163 qui
658 2114 777 2149 etiam
805 2110 931 2148 dictus
958 2111 1159 2148 invenitur
1185 2107 1455 2176 ἀγωνοθέτης,
1483 2106 1724 2163 αθλοθέτης,

277 2165 448 2219 αγοόνων
470 2167 671 2219 διαθέτης,
702 2164 843 2207 ἄθλων
862 2164 1116 2219 ἐπιμελητής,
1141 2163 1380 2219 προστάτης,
1411 2164 1602 2218 ἐπόπτης,
1633 2169 1724 2219 qui-

276 2225 351 2262 bus
371 2224 598 2261 nominibus
620 2236 736 2273 supra
753 2236 775 2260 a
794 2224 971 2274 patribus
991 2221 1087 2261 deus
1104 2223 1207 2260 bene
1229 2223 1464 2261 certantibus
1488 2221 1725 2262 distribuens

270 2281 453 2331 ‘praemia
497 2280 731 2330 appellatur.
790 2280 924 2316 confer
961 2278 1073 2316 lees.
1104 2279 1217 2317 Eccl.
1250 2280 1415 2318 Suiceri.
1474 2292 1547 2331 ego
1592 2287 1726 2317 autem

269 2340 423 2388 puncta
451 2334 686 2386 apponenda
715 2347 800 2372 esse
827 2341 865 2372 et
895 2331 1117 2387 βραβεῦτής
1143 2334 1396 2374 scribendum
1421 2349 1506 2374 esse
1532 2343 1650 2387 puto,
1680 2343 1726 2374 ut

275 2393 405 2430 soluta
425 2390 693 2443 diphthongo,
723 2390 888 2442 spondei
906 2392 1013 2441 loco,
1044 2404 1165 2444 quem
1185 2394 1301 2430 metri
1319 2394 1418 2430 ratio
1437 2405 1518 2430 non
1537 2391 1723 2441 admittit,

274 2447 467 2486 habeatur
489 2448 658 2486 iambus.

387 2508 483 2546 217.
540 2500 738 2558 παγγενής
757 2499 998 2557 νικηφόρος,
1028 2505 1098 2556 qui
1115 2505 1156 2542 in
1174 2505 1282 2542 omni
1303 2503 1488 2542 athletico
1511 2505 1725 2541 certamine

275 2562 399 2598 victor
428 2559 582 2610 evadit3
614 2567 811 2613 peraeque
842 2573 886 2597 ac
910 2562 943 2598 si
961 2562 1190 2598 Heraclium
1203 2568 1323 2600 vocet
1340 2559 1576 2602 πένταθλον.
1631 2559 1724 2599 vide

272 2629 392 2668 'supra
415 2630 454 2654 v.
476 2616 571 2659 204.

286 2680 289 2682 “
375 2673 482 2714 218.
539 2675 754 2724 imaginem
785 2668 1104 2724 ἀχειροποίητον,
1135 2671 1183 2710 de
1211 2685 1287 2725 qua
1308 2674 1430 2724 »plura
1454 2672 1672 2723 de·Exped.
1698 2673 1719 2712 1

279 2727 357 2772 140
377 2737 413 2767 et
426 2743 466 2765 se

386 2744 531 2827 221qq
540 2787 730 2824 succurrit
746 2783 854 2822 illud
880 2785 1134 2822 Homericum
1169 2784 1307 2836 Odys-s.
1334 2787 1360 2826 9
1394 2783 1465 2825 14:
1495 2784 1533 2825 τί
1553 2797 1725 2839 πρωτον,

267 2842 313 2882 τί
332 2837 373 2882 δ’
392 2841 545 2893 ἔπειτα,
575 2842 613 2882 τί
633 2839 675 2882 δ’
693 2837 882 2883 ὑστάτιον
901 2839 1116 2890 καταλέξω,
