1890 3224
377 175 453 218 DE
484 174 667 219 REBUS
699 174 844 218 POST
871 172 1186 219 MAURIGIUM
1215 173 1424 218 GESTIS.
1559 176 1622 220 21
1674 220 1675 223 ,

172 287 294 339 αὖτός
321 286 471 347 διήρεις
495 290 570 344 μὲν
594 290 662 332 καὶ
687 287 863 347 τριήρεις
891 287 1100 347 ἇρμόσας,
1135 290 1191 340 εἷς
1216 288 1286 332 τὸν
1300 292 1438 347 χῶρον
1463 288 1505 332 ἓν
1526 282 1561 346 ᾧ
1577 289 1624 331 τὸ

171 364 334 412 σημεῖον
355 359 539 410 ἐδέδοτο,
583 360 839 408 καθοπλίσας
871 357 1174 415 προσώρμισεν,
1222 356 1414 408 ὡσαύτως
1433 359 1500 399 καὶ
1523 357 1625 414 πρὸς

169 425 245 480 τὴν
267 426 455 483 ἀντίπερα
483 426 607 481 ἀκτὴν
636 421 710 477 τὰς
738 425 886 483 διήρεις
915 428 1104 470 ἐπέλασεν
1113 458 1127 478 ,
1159 427 1561 484 διαφρυκτωρεῖσθαί
1579 443 1620 469 τε
1643 427 1674 462 Β

170 493 322 545 εὐθέως
343 495 570 552 ἐπέτρεψεν.
624 494 722 552 ὅπερ
746 494 796 549 δὴ
817 496 855 537 οἷ
876 494 1055 550 Σκλάβοι
1078 493 1321 548 θεασάμενοι
1345 497 1389 537 ἐκ
1404 499 1478 537 τοῦ
1494 511 1624 536 ποτα-

134 566 248 616 5μοῢ
276 567 349 606 τοῦ
379 563 624 617 καλουμένου
650 561 894 620 Βαρνύσσου
915 563 1140 621 ἀφώρμουν
1160 565 1226 605 καὶ
1249 562 1351 605 κατὰ
1373 567 1446 616 τῆς
1468 561 1622 613 πόλεως

165 630 302 686 ᾔεσαν.
372 631 414 673 αἳ
431 632 475 673 δὲ
497 632 818 688 ἓπεκδραμοῦσαι
845 633 911 674 καὶ
938 635 993 682 εἷς
1016 633 1140 686 μέσον
1166 631 1314 682 αὐτοὺς
1339 631 1621 685 ἀπολαβοῦσαι

163 699 210 741 ἐκ
232 703 305 740 τοῦ
325 699 477 750 εὐθέως
495 699 687 752 ἔκτεινον,
735 702 803 742 καὶ
835 703 975 754 αἵματι
1006 704 1143 758 πολλῷ
1172 699 1218 742 τὸ
1251 698 1481 742 θαλάσσιον
1504 698 1618 756 ὕδωρ

164 768 425 824 ἓφοινίσσετο.
493 770 535 811 ἓν
554 776 638 819 τοῖς
654 767 864 822 πτώμασιν
884 764 955 810 οὖν
975 773 1055 811 τῶν
1078 769 1371 825 ἀναιρεθέντοιν
1390 769 1456 809 καὶ
1477 774 1617 822 γυναῖ-

164 852 230 885 κες
251 837 484 891 Σκλαβηναὶ
503 838 801 894 κατεφαίνοντο.
871 837 974 878 ἀλλὰ
1007 839 1134 880 ταῦτα
1164 837 1202 879 οἱ
1228 835 1433 893 βάρβαροι
1456 834 1617 878 θεασά-

111 911 156 946 10
163 920 276 957 μενοι
295 906 362 946 καὶ
382 909 454 960 τῆς
470 907 711 963 προσεδριάς
734 903 966 955 ἀπειπόντες
983 906 1086 962 πρὸς
1104 905 1177 959 τὴν
1197 903 1328 947 αὑτῶν
1350 902 1617 959 ἀνεζεύγνυον.

164 970 185 1013 ὃ
208 973 253 1013 δὲ
275 971 481 1029 ἀρχιερεὺς
507 978 580 1028 τῆς
608 972 762 1023 πόλεως
789 973 863 1015 σὺν
885 975 1177 1030 Κιονσταντίνῳ
1197 978 1256 1030 τῷ
1273 976 1439 1026 βασιλεῖ
1454 971 1617 1029 εὔχαρι-

162 1041 349 1097 στηρίους
369 1040 483 1091 λιτὰς
499 1046 558 1098 τῷ
579 1045 666 1098 θεῷ
686 1042 935 1098 προσέφερον
956 1042 998 1083 ἒν
1017 1045 1076 1098 τῷ
1092 1046 1178 1098 ναῷ
1194 1045 1266 1094 τῆς
1285 1039 1538 1096 θεομήτορος
1556 1044 1614 1098 τῷ
1638 1044 1669 1078 C

162 1109 203 1149 ἓν
226 1109 473 1165 Βλαχέρναις
502 1110 700 1167 ἱδρυμένῳ
730 1107 986 1166 ἀφικόμενοι·
1020 1115 1150 1163 τεῖχος
1177 1109 1303 1158 εὐθύς
1332 1106 1615 1162 δωμησάμενοι

161 1181 235 1219 τοῦ
255 1177 363 1234 ἱεροῦ
385 1178 532 1220 ἐκείνου
551 1181 652 1220 ναοῦ
673 1175 870 1235 φρούριον
890 1177 1150 1232 κατέστησαν.
1184 1179 1252 1218 καὶ
1270 1176 1321 1218 τὰ
1341 1177 1414 1230 μὲν
1427 1174 1615 1234 Ἀβάρων

107 1253 150 1288 15
162 1243 267 1288 οὕτω
288 1263 343 1301 πῃ
367 1244 480 1300 εἶχεν.

294 1313 468 1356 Μαθὼν
488 1314 531 1355 δὲ
542 1308 735 1370 Χοσρόης
747 1309 987 1370 ”Ηράκλειον
1003 1309 1282 1367 πλησιάσαντα
1301 1317 1386 1361 τοῖς
1395 1311 1616 1365 βασιλείοις

158 1384 333 1438 Περσῶν
362 1382 548 1436 ἐκπέμπει
585 1381 678 1423 κατ’
719 1382 842 1424 αὐτοῦ
874 1380 1095 1438 στρατηγόν
1127 1397 1217 1422 τινα
1243 1378 1611 1435 Ῥυζάτηνιῖίνομα,

157 1457 336 1506 γενναῖον
357 1449 455 1493 ὄντα
474 1452 541 1493 καὶ
566 1449 752 1505 Ξζιιπειρον
770 1450 821 1492 τὰ
839 1451 1023 1503 πολέμια.
1091 1442 1207 1499 οὗτος
1227 1449 1360 1490 ἐλθὼν
1380 1453 1437 1506 τῷ
1454 1451 1620 1502 βασιλεῖ’

159 1517 486 1575 παρατάσσεται,
534 1520 601 1560 καὶ
629 1522 702 1571 τῆς
732 1519 879 1568 οἰκείας
910 1518 1108 1574 ἀφορμῶν
1141 1515 1347 1574 φάλαγγος
1367 1515 1492 1571 μόνος
1512 1515 1615 1573 πρὸς

105 1585 270 1644 2ομόνῳ
291 1591 552 1643 προυκαλεῖτο
574 1585 862 1639 διαμάχεσθαι.
924 1584 1165 1642 ιΗράκλειος
1193 1585 1237 1627 δὲ
1261 1586 1342 1626 ἐπεὶ
1375 1585 1518 1626 οὐδένα
1538 1588 1612 1625 τοῦ

158 1656 303 1697 οἰκείου
336 1659 512 1712 στρατοῦ
545 1652 883 1711 προθυμούμενον
911 1653 1188 1709 ἒπεγίνωσκεν,
1233 1653 1354 1702 αὐτὸς
1375 1651 1478 1708 ἐξῄει
1504 1651 1609 1694 κατὰ

158 1728 229 1765 τοῦ
246 1721 478 1781 βαρβάρου.
547 1721 569 1764 ὃ
591 1722 634 1765 δὲ
656 1720 712 1773 ὡς
737 1722 810 1777 τὴν
838 1722 997 1776 τοξικὴν
1021 1709 1207 1778 ἔμπειρος
1225 1721 1358 1764 ὀϊστὸν
1379 1721 1511 1778 ἠφίει,
1545 1721 1613 1762 καὶ

251 1876 297 1912 13
312 1874 376 1911 aaz
392 1874 535 1918 τεῒχος7
669 1873 716 1908 20
731 1871 851 1918 μόνον
873 1871 1060 1908 petavius:
1088 1872 1173 1908 vide
1189 1871 1342 1908 indicem
1361 1883 1398 1906 ν.
1420 1869 1530 1916 πρός.

157 2012 340 2059 patricium
360 2011 516 2058 perlatis,
540 2023 619 2046 mox
638 2012 826 2046 biremibus
855 2022 897 2045 ac
918 2009 1118 2044 triremibus
1139 2008 1320 2044 instructis
1342 2007 1516 2051 armisque
1539 2006 1612 2041 dis-

156 2059 282 2104 positis
305 2060 349 2094 ad
369 2070 444 2093 eum
467 2058 577 2092 locum
598 2059 690 2091 unde
715 2058 850 2102 signum
874 2057 1093 2091 attollendum
1118 2061 1194 2089 erat
1216 2054 1358 2088 classem
1376 2053 1515 2097 dirigit,
1549 2064 1611 2086 eo—

156 2107 304 2150 demque
323 2112 481 2150 tempore
500 2104 650 2138 biremes
671 2103 878 2138 contrarium
903 2104 947 2136 ad
970 2102 1051 2135 litus
1075 2101 1240 2145 applicat.
1264 2101 1346 2134 inde
1370 2098 1506 2133 facibus
1529 2110 1609 2133 ere-

157 2152 224 2185 ctis
247 2151 381 2195 signum
403 2150 480 2185 dari
498 2150 608 2184 iubet.
656 2150 722 2183 hoc
743 2149 803 2183 ubi
822 2148 940 2183 Sclavi
972 2147 1164 2191 conspicati
1192 2153 1292 2190 sunt,
1323 2158 1343 2180 e
1369 2144 1478 2179 fluvio
1507 2155 1610 2188 quem

156 2198 369 2240 Barnyssum
391 2202 519 2230 vocant
543 2201 639 2230 recta
663 2197 706 2230 ad
725 2197 844 2229 urbem
866 2194 1016 2238 navigiis
1039 2194 1210 2226 feruntur.
1270 2197 1308 2226 at
1334 2190 1445 2226 nostri
1470 2190 1609 2224 obviam

156 2242 335 2288 progressi
357 2242 394 2275 in
411 2241 559 2275 medium
577 2248 738 2287 receptos
762 2247 799 2275 et
821 2240 1072 2274 circumventos
1091 2238 1309 2284 opprimunt,
1342 2242 1512 2280 tantaque
1527 2247 1608 2268 cae—

157 2290 221 2322 des
244 2288 392 2322 hostium
415 2288 511 2321 facta
534 2293 589 2321 est
611 2294 650 2321 ut
671 2299 767 2321 mare
788 2287 900 2332 ipsum
924 2297 1098 2331 purpureo
1123 2283 1238 2318 colore
1263 2283 1471 2327 tingeretur.
1516 2281 1610 2314 inter

157 2345 336 2368 caesorum
359 2334 531 2367 cadavera
552 2332 737 2366 sclavinae
759 2344 896 2386 quoque
921 2332 1080 2366 mulieres
1099 2330 1263 2364 inventae
1281 2334 1374 2363 sunt.
1421 2339 1511 2372 quae
1532 2337 1609 2360 cum

158 2380 272 2414 omnia
294 2379 433 2414 barbari
458 2378 740 2422 conspexissent,
778 2378 970 2412 obsidionis
1001 2389 1042 2412 ac
1074 2388 1190 2410 morae
1221 2374 1374 2421 pertaesi
1402 2373 1439 2407 in
1461 2372 1608 2418 patriam

155 2432 393 2461 revertuntur.
439 2431 510 2459 tum
533 2424 732 2468 patriarcha
755 2435 829 2457 cum
850 2423 1080 2458 Constantino
1103 2423 1312 2467 imperatore
1337 2421 1382 2454 ad
1410 2419 1514 2453 divae
1535 2417 1607 2451 vir·
1648 2434 1651 2438 -

157 2472 248 2516 ginis
270 2471 454 2516 templum,
486 2471 579 2515 quod
599 2469 637 2503 in
657 2468 861 2503 Blachernis
882 2476 980 2512 erat,
1004 2467 1183 2515 progressi
1205 2467 1362 2510 ingentes
1386 2466 1451 2498 deo
1475 2463 1609 2508 gratias

155 2517 371 2562 persolvunt,
393 2517 591 2560 ibidemque
608 2526 739 2549 murum
763 2515 807 2548 ad
823 2514 923 2549 huius
939 2514 1058 2559 templi
1073 2513 1284 2559 praesidium
1299 2510 1497 2546 aedificant.
1517 2509 1609 2543 hunc

154 2563 193 2597 in
212 2564 347 2597 modum
371 2564 414 2597 ab
436 2562 611 2597 Avaribus
634 2572 691 2595 res
712 2561 756 2595 ad
778 2559 913 2606 Cpolim
935 2565 1035 2605 gesta
1059 2564 1125 2594 est.

247 2608 390 2643 Interim
411 2609 588 2643 Cbosroes
610 2607 670 2641 ubi
694 2607 818 2641 adesse
838 2606 906 2640 iam
923 2605 1123 2640 Heraclium
1145 2608 1251 2647 atque
1272 2601 1316 2637 ad
1341 2601 1474 2647 regiam
1505 2611 1608 2635 acee—

160 2655 245 2690 dere
266 2654 456 2699 comperit,
487 2665 590 2689 unum
610 2665 654 2687 ex
676 2652 821 2687 ducibus
842 2651 919 2686 suis
932 2652 1098 2686 Rusatem
1117 2649 1274 2692 nomine,
1297 2647 1410 2682 virum
1431 2652 1607 2682 strenuum
1632 2656 1667 2679 a.
1688 2643 1758 2680 627

161 2713 203 2735 ac
222 2700 305 2734 belli
326 2700 488 2745 peritum,
511 2700 678 2735 adversus
703 2710 778 2732 eum
802 2697 919 2742 mittit,
945 2698 1005 2742 qui
1028 2697 1104 2732 acie
1127 2701 1248 2729 contra
1266 2694 1511 2740 imperatorem
1533 2691 1608 2725 dis-

185 2746 275 2781 osita
301 2753 383 2780 ante
407 2745 547 2780 ordines
576 2757 658 2780 suos
692 2744 886 2791 procedens
909 2743 1001 2778 solus
1028 2743 1135 2778 solum
1158 2741 1202 2774 ad
1229 2746 1403 2774 certamen
1425 2740 1606 2785 provocat.

157 2759 340 2829 heraclius
359 2803 434 2826 cum
456 2791 585 2825 nemini
604 2802 742 2826 suorum
766 2790 810 2824 ad
832 2789 899 2823 hoc
918 2789 1086 2834 praelium
1110 2785 1275 2821 audaciae
1297 2785 1383 2821 satis
1401 2796 1481 2820 esse
1504 2782 1606 2816 vide-

158 2844 233 2884 ret,
267 2843 388 2873 contra
415 2837 601 2873 barbarum
627 2837 704 2884 ipse
727 2834 962 2883 progreditur.
1006 2835 1067 2870 ille
1087 2838 1127 2868 ut
1151 2837 1228 2868 erat
1248 2831 1436 2878 sagittandi
1457 2828 1606 2876 peritus,
