1890 3224
272 188 339 236 20
497 220 499 223 ψ
578 254 581 255 ⁷
747 192 983 236 GEORGII
1018 190 1230 238 PlsmAE
1274 239 1277 241 ,

373 307 454 348 160
487 304 578 346 ἀλλ’
603 301 725 353 εἷλκες
742 304 874 347 αὐτῶν
892 307 960 347 καὶ
982 310 1193 360 μεθεῖλκες
1213 308 1307 359 τοὺς
1326 309 1488 365 τόνους,

488 372 665 423 ε’ταττες,
697 372 946 425 ἀντέταττες,
974 373 1076 416 ἔνθα
1095 374 1273 434 τῷλόγῳ

483 444 556 494 τῆς
573 443 647 494 σῆς
666 438 791 496 ῥοπῆς
809 441 854 483 τὸ
873 446 998 496 νεῦμα
1022 442 1372 502 συμμετεστράφη.

535 509 638 557 Πῶς
654 506 755 564 πρὸς
771 513 961 552 τοσοῦτον
978 513 1137 565 πλῆθος
1153 509 1320 568 ἦρμόσω
1336 511 1483 568 μόνοςς

479 577 546 615 καὶ
568 579 653 625 πῶς
673 576 763 630 γε’νη
782 581 960 619 τοσαῦτα
983 579 1050 619 καὶ
1071 578 1333 635 πολυτρόπων

364 641 443 683 165
479 641 594 696 ἠθῶν
611 644 811 700 διαφορὰς
828 647 895 686 καὶ
914 649 1069 702 φρενῶν
1087 646 1315 698 διαστάσεις

477 714 551 752 τοῦ
570 715 644 752 σοῦ
663 710 780 767 λόγον
801 711 1016 769 κρούοντος
1036 713 1230 772 εὐρύθμῳ
1249 714 1366 775 τόνῳ,

477 778 551 831 οὐχ
573 777 704 835 ὥσπερ
723 778 847 830 ἄλλος
864 781 1042 834 μυθικὸς
1062 782 1112 823 τὰ
1131 784 1261 839 θηρία

475 845 576 902 πρὸς
593 846 714 889 αὐτὸν
732 845 857 898 εἷλκες
867 879 880 899 ,
910 849 1014 890 ἀλλὰ
1033 849 1134 905 πρὸς
1152 849 1312 905 γνώμην
1327 852 1424 904 μιάν

477 918 668 969 γλωσσῶν
690 913 892 957 τοσούτων
916 914 1124 972 συγχύσεις
1139 917 1431 974 μεθήρμοσαςς

365 989 445 1028 170
478 982 580 1037 πλὴν
605 982 676 1024 οὐκ
699 983 859 1033 ἀπεικὸς
881 988 954 1026 τοῦ
974 986 1168 1039 παναγιόυ
1190 984 1414 1040 πνεύματος

477 1053 543 1092 καὶ
562 1054 633 1092 νῦν
652 1049 954 1107 ἐνεργήσαντος,
986 1052 1073 1105 οὐχὶ
1091 1051 1288 1112 πυρφόρῳ

473 1121 665 1173 γλωσσῶν
690 1120 877 1175 διαιρέσει
899 1136 941 1161 τε
963 1121 1031 1160 καὶ
1050 1121 1226 1178 θεωρίᾳ,

473 1184 633 1242 γλώσσῃ
657 1187 700 1228 δὲ
721 1190 771 1242 τῇ
793 1190 845 1242 σῇ
865 1185 938 1241 τὴν
958 1185 1209 1241 κατάλληλον
1227 1185 1351 1243 χάριν

472 1253 691 1304 στάξαντος
713 1254 859 1305 αὐτοῦ’,
895 1255 963 1295 καὶ
984 1253 1104 1296 πάλιν
1127 1259 1200 1296 τοῦ
1220 1254 1469 1309 πνεύματος,

355 1326 433 1368 175
469 1321 596 1371 οὕτως
617 1320 797 1370 ἅπαντας
815 1321 910 1370 τοὺς
929 1323 1022 1376 πρὶν
1041 1322 1313 1376 ἧμελημένους
1371 1360 1374 1363 ,

465 1395 630 1433 θᾶττων
653 1387 819 1439 διδάξας
842 1386 941 1443 εἶχες
958 1389 1306 1446 ηὗτρεπισμένους.

518 1457 621 1514 Ἒγὼ
639 1458 682 1499 δὲ
699 1459 766 1499 καὶ
785 1455 1007 1514 προμάντις
1024 1458 1096 1499 οὐκ
1118 1456 1194 1509 ὢν,
1230 1459 1426 1511 δέσποτα,

461 1524 632 1583 φθάσας
649 1523 932 1581 προεξήγγειλα
951 1529 1009 1581 τῷ
1025 1524 1172 1582 πρώτῳ
1195 1523 1301 1583 λόγῳ

466 1592 521 1644 ὡς
540 1593 655 1635 οὐδὲν
675 1593 880 1647 ἠμέλησας
886 1623 899 1643 ,
929 1591 1034 1634 ἀλλὰ
1051 1594 1119 1634 καὶ
1139 1591 1308 1649 γράφων

349 1665 429 1705 180
463 1668 547 1711 τοῖς
565 1667 650 1710 σοΐς
670 1661 907 1716 στρατηγοῖς
926 1665 1132 1713 πανταχοῦ
1152 1660 1197 1702 τὸ
1218 1659 1424 1717 συμφέρον

462 1728 639 1785 ἥμαρτες
654 1728 788 1779 οὐδέν,
816 1728 924 1784 εἴπερ
950 1728 991 1769 ἓν
1012 1728 1142 1770 δέοντί
1159 1744 1203 1783 γε

460 1797 506 1839 τὸ
527 1798 590 1838 σοὶ
612 1795 824 1852 παραστὰν
845 1796 990 1844 εὗδέως
1011 1796 1270 1851 συνέδραμεν.

461 1865 603 1915 ἔδειξεν
625 1861 735 1918 ἡμᾶς
755 1863 943 1917 οὐδαμῶς
964 1863 1234 1917 ε’ψευσμένους

459 1932 485 1988 7‘7
505 1930 702 1989 πρακτική
720 1935 794 1974 σοῦ
810 1935 890 1974 τῶν
905 1935 1061 1988 φρενῶν
1082 1931 1284 1985 εὐβουλία.

333 2085 398 2120 265
422 2081 600 2127 διαφοραὶ
623 2082 652 2116 Ρ
677 2087 713 2116 et
735 2081 776 2116 ed
917 2081 982 2117 166
1005 2081 1055 2128 τῷ
1079 2079 1120 2115 ed

241 2217 463 2263 obtorpuisti‚
499 2216 604 2261 (160)
629 2215 688 2250 sed
712 2214 800 2259 ipsas
824 2214 948 2248 ducens
964 2217 998 2248 et
1011 2213 1176 2248 reducens
1191 2212 1281 2247 acies
1296 2211 1447 2254 vertisti,
1479 2208 1690 2250 convertisti,

241 2269 411 2308 utcunque
425 2266 503 2296 tuus
519 2261 614 2295 simul
629 2271 701 2294 cum
716 2271 801 2293 voce
817 2268 917 2294 nutus
932 2259 1122 2293 inclinabat.
1177 2259 1312 2303 quinam
1334 2262 1388 2291 tot
1412 2257 1513 2291 rebus
1527 2254 1688 2290 suffecisti

240 2309 348 2343 solus!
365 2312 400 2341 et
415 2307 578 2352 quomodo
593 2310 647 2339 tot
659 2309 778 2349 gentes
795 2309 831 2338 et
843 2305 1043 2349 multiplices
1060 2305 1161 2348 (165)
1176 2315 1304 2338 morum
1319 2302 1527 2337 differentias
1542 2307 1578 2335 et
1592 2310 1687 2334 men-

237 2354 320 2388 tium
343 2352 565 2386 dissensiones
588 2351 640 2384 tui
661 2350 821 2383 sermonis
844 2350 879 2383 vi
894 2349 1087 2384 suavissima
1103 2350 1295 2394 impellente
1310 2360 1396 2390 non,
1427 2352 1585 2391 tauquam
1599 2345 1687 2378 alter

236 2399 429 2442 fabulosus,
459 2398 551 2431 feras
566 2396 609 2430 ad
625 2400 659 2430 te
672 2395 824 2437 traxisti,
849 2395 908 2429 sed
922 2395 956 2428 in
972 2406 1067 2428 unam
1085 2394 1280 2429 sententiam
1296 2398 1349 2428 tot
1362 2394 1549 2437 linguarum
1565 2391 1687 2424 consu-

235 2444 343 2478 siones
359 2442 604 2488 transtulisti?
636 2442 738 2484 (170)
764 2444 801 2473 at
823 2439 902 2484 quid
924 2445 1019 2474 vetat
1043 2440 1182 2474 credere
1205 2439 1415 2474 sanctissimo
1439 2436 1556 2483 spiritu
1585 2435 1684 2469 etiam

229 2501 318 2523 nunc
333 2494 495 2534 operante
511 2488 546 2522 id
561 2489 686 2522 factum
696 2512 707 2528 ‚
742 2497 808 2519 non
822 2486 973 2529 igniferis
989 2486 1111 2529 linguis
1126 2487 1161 2519 in
1175 2486 1324 2529 singulos
1339 2482 1525 2528 dispertitis
1542 2479 1691 2515 visibili-¹

232 2535 314 2576 bus,
344 2534 403 2569 sed
427 2533 560 2578 linguae
585 2537 666 2566 tuae
688 2530 841 2564 omnibus
862 2532 1147 2566 accommodatam
1167 2530 1311 2575 gratiam
1330 2529 1404 2575 ipso
1419 2527 1605 2562 instillante
1621 2537 1683 2560 eo-

232 2578 375 2625 demque
389 2579 509 2625 spiritu
519 2579 538 2612 2
561 2578 662 2622 (175)
679 2577 728 2610 sic
742 2587 856 2610 omnes
871 2577 928 2621 qui
944 2581 1041 2610 erant
1055 2582 1156 2610 antea
1169 2575 1303 2610 desides
1314 2601 1324 2617 ,
1349 2573 1519 2616 continuo,
1543 2575 1579 2605 te
1595 2571 1683 2606 duce

233 2629 270 2660 et
283 2625 456 2669 magistro,
479 2623 623 2658 habuisti
638 2626 789 2668 paratos.
836 2625 900 2656 Ast
916 2633 979 2666 ego
995 2622 1146 2667 quamvis
1161 2621 1292 2655 divinus
1307 2631 1374 2654 non
1388 2619 1460 2662 sim,
1488 2629 1508 2651 o
1523 2617 1679 2662 despota,

230 2671 296 2706 iam
318 2677 418 2704 antea
440 2667 674 2715 praenuntiavi
699 2667 804 2712 primo
825 2678 976 2702 sermone
998 2673 1034 2701 te
1047 2667 1128 2702 nihil
1142 2666 1355 2710 neglexisse;
1388 2664 1450 2698 sed
1465 2663 1565 2697 etiam
1579 2673 1680 2707 prae-

230 2715 380 2752 scribens
401 2717 505 2758 (180)
527 2714 593 2748 tuis
615 2714 738 2758 ubique
761 2713 902 2747 ducibus
918 2713 1008 2757 quod
1023 2713 1245 2751 conduceret,
1279 2710 1470 2755 neutiquam
1493 2706 1679 2742 aberrastie

231 2761 340 2808 siquid
366 2760 452 2796 enim
472 2761 566 2796 factu
588 2770 672 2806 opus
692 2759 778 2803 fuit,
802 2764 988 2804 promptum
1003 2770 1044 2794 ac
1059 2762 1210 2804 paratum
1225 2757 1312 2791 illico
1327 2756 1391 2791 tibi
1405 2753 1584 2789 succurrit.
1628 2751 1679 2786 ita

229 2817 396 2854 nunquam
431 2817 492 2842 nos
530 2816 608 2841 esse
644 2805 821 2840 ementitos
859 2804 1009 2840 ostendit
1045 2808 1126 2839 tuae
1154 2802 1274 2839 mentis
1303 2800 1453 2848 practica
1481 2796 1671 2847 prudentia.
