1890 3224
256 265 385 296 xxxiv
881 247 1112 300 QUERCII
1129 270 1131 273 .

254 358 508 415 Ἑξαήμερον,
537 358 608 398 sed
626 360 813 410 pertingit
830 364 986 396 tantum
1005 370 1131 410 usque
1154 355 1206 394 ad
1224 358 1358 398 locum
1375 355 1423 393 de
1438 354 1636 394 vermibus
1653 367 1715 392 se-

256 433 370 476 ricis,
399 432 509 467 cuius
528 428 610 465 illic
627 426 704 465 hoc
723 434 782 465 est
799 427 1061 478 principium,
1093 428 1209 473 ποῖος
1234 422 1277 464 δὲ
1297 422 1365 464 καὶ
1394 419 1578 475 σκώληκα
1605 434 1712 475 σηρι-

259 494 442 553 κονόμος.
502 494 699 533 secundus
727 494 854 533 codex
883 501 942 532 est
969 495 1037 546 qui
1057 495 1100 531 in
1119 494 1287 530 classem
1306 489 1551 529 medicorum
1568 491 1716 528 relatus

259 567 436 615 signatur
452 576 494 600 n.
512 561 580 605 48.
641 561 689 599 de
715 576 761 600 eo
778 562 1014 599 Lambecius
1034 560 1105 598 lib.
1129 563 1155 601 6
1179 574 1226 611 p.
1258 561 1338 601 162
1363 565 1402 596 et
1429 559 1714 596 Reimmannus

251 647 299 683 p.
327 631 422 673 493.
457 632 597 669 titulus
618 637 676 668 est
696 632 768 670 τοῦ
791 626 1028 680 σοφωτάτου
1045 628 1189 682 κυρίου
1206 627 1405 680 Γεωργίου
1426 628 1502 666 τοῦ
1521 626 1716 674 Πισίδους

256 697 348 754 περὶ
370 699 496 750 ζώων,
532 698 825 748 Sapientis-simi
852 698 1017 735 Domini
1046 697 1215 748 Georgii
1226 695 1401 733 Pisidae·
1402 694 1550 745 pok'ma
1570 691 1717 731 iambi-

257 780 348 804 cam
369 766 418 804 de
434 764 697 810 animalibus,
728 764 836 816 quod
855 771 914 802 est
934 766 1236 803 Hexaemeron:
1277 762 1349 800 sed
1375 758 1495 800 huius
1521 763 1627 801 tituli
1649 775 1715 799 re-

256 841 414 886 spectu,
453 841 496 871 ut
515 834 751 871 Lambecius
782 834 860 880 ait,
899 832 942 869 fit
967 833 1052 870 eius
1078 833 1208 883 operis
1238 833 1342 868 inter
1364 829 1542 868 medicos
1562 830 1713 866 mentio

254 909 445 954 tanquam
462 900 513 938 ad
528 900 734 939 historiam
747 901 981 937 animalium
997 901 1244 951 pertinentis,
1263 897 1372 951 quod
1392 898 1553 935 omnino
1568 897 1713 934 melius

256 967 307 1006 acl
339 968 505 1006 classem
542 967 810 1019 theologicam
843 968 1005 1005 referas.
1065 969 1167 1005 circa
1207 967 1328 1004 finem
1357 964 1476 1003 huius
1503 964 1712 1015 poematis,

251 1049 398 1088 nempe
427 1050 448 1073 e
478 1037 639 1086 regione
669 1049 707 1074 v.
736 1036 840 1077 1856
854 1048 866 1072 τ
897 1035 963 1075 καὶ
986 1030 1078 1085 δός,
1097 1036 1140 1072 in
1155 1035 1335 1085 margine
1351 1032 1497 1071 codicis
1517 1030 1617 1068 haec
1638 1028 1712 1067 ad·-

253 1105 399 1155 scripta
419 1110 511 1141 sunt
530 1104 651 1140 verba
665 1132 675 1151 ,
720 1099 822 1155 πρὸς·
847 1098 1081 1155 Ἡράκλειον
1112 1101 1236 1155 λέγει,
1278 1108 1318 1138 et
1334 1101 1471 1152 paullo
1491 1106 1583 1150 post
1607 1112 1628 1135 e
1647 1111 1711 1135 re-

63 1197 96 1231 p,
122 1182 226 1218 xxx
253 1172 370 1222 gione
391 1183 430 1208 v.
452 1171 580 1210 1880:
626 1169 650 1210 ὅ
667 1166 931 1223 πατριάρχης,
960 1171 1058 1207 item
1074 1168 1174 1206 haec
1190 1171 1398 1220 leguntur,
1428 1165 1527 1220 πρὸς
1543 1164 1712 1219 Σὲργιον

249 1236 362 1291 λέγει.
402 1237 541 1274 tertius
562 1236 692 1275 codex
710 1244 782 1285 est,
816 1251 867 1274 ex
887 1250 965 1289 quo
985 1237 1188 1275 Nesselius
1199 1243 1312 1287 part.
1334 1233 1360 1275 4
1373 1249 1421 1285 p.
1444 1237 1499 1276 83
1517 1241 1557 1272 et
1573 1236 1712 1272 Reim-

250 1318 420 1343 mannus
431 1311 543 1355 part.
567 1304 739 1345 2'lib.-2
762 1319 807 1355 p.
828 1307 884 1346 72
915 1303 1020 1351 hunc
1040 1305 1203 1351 titulum
1220 1303 1449 1355 proferunt:
1486 1303 1632 1353 poe'ma
1644 1302 1715 1340 vel

250 1386 385 1411 versus
395 1371 562 1409 iambici
580 1372 629 1410 cle
644 1372 890 1410 animalibus
910 1371 1053 1409 avibus
1064 1372 1221 1423 plantis
1239 1379 1277 1408 et
1292 1370 1440 1416 herbis,
1458 1371 1571 1422 sorte
1587 1371 1712 1408 Geor-

244 1441 308 1492 gil
323 1440 487 1478 Pisidae
503 1440 570 1478 vel
585 1440 730 1486 Pselli,
755 1441 827 1478 sed
841 1440 894 1478 ab
911 1441 1023 1477 initio
1040 1440 1187 1477 mutili.
1247 1438 1290 1476 id
1309 1452 1382 1490 ego
1401 1447 1494 1478 cum.
1509 1440 1711 1490 leg1ssem‚

245 1522 320 1546 nec
338 1509 456 1560 plane
477 1509 620 1546 scirem
640 1507 747 1546 unde
765 1522 812 1546 ea
831 1510 999 1546 oriretur
1021 1509 1123 1546 circa
1142 1506 1320 1545 Pisidam
1338 1513 1377 1545 et
1395 1507 1574 1544 Psellum
1592 1505 1710 1544 dubi-

246 1577 343 1614 tatio
356 1605 367 1623 ,
408 1576 604 1629 optimum
631 1577 762 1613 virum
781 1575 990 1613 Nicolaum
1010 1575 1250 1623 Forlosiam‚
1293 1587 1421 1612 unum
1443 1589 1464 1611 e
1484 1573 1710 1612 custodibus

245 1642 511 1682 bibliothecae
532 1642 850 1681 vindobonensis
863 1672 873 1691 ‚
910 1644 1022 1680 cuius
1042 1641 1326 1680 consuetudine
1344 1643 1487 1680 utebar
1502 1641 1710 1680 iucundis-

247 1710 370 1759 sima,
410 1709 507 1748 dum
533 1723 662 1748 essem
678 1711 855 1749 Viennae
868 1739 878 1759 ,
922 1723 1028 1747 nunc
1054 1715 1189 1749 autem
1216 1716 1343 1748 morte
1374 1718 1598 1762 surreptum
1618 1723 1708 1748 cum

246 1779 360 1816 bonis
381 1777 510 1826 doleo,
540 1775 644 1815 datis
661 1777 803 1815 litteris
826 1777 963 1827 rogavi
984 1783 1028 1814 ut
1048 1778 1142 1814 eius=
1157 1774 1302 1814 codicis
1325 1780 1609 1816 accuratiorem
1624 1774 1709 1816 “tle-

248 1845 504 1896 scriptionem
513 1843 639 1882 adme
647 1844 836 1882 mitteret.
867 1846 900 1883 is
919 1851 1053 1882 autem
1069 1842 1296 1882 humaniter
1314 1847 1512 1898 rescripsit
1531 1846 1709 1886 codicem

246 1925 320 1950 nec
340 1913 514 1963 optimae
532 1919 650 1950 notae
671 1926 756 1951 esse
770 1942 781 1961 ‚
812 1911 920 1965 quod
936 1913 1086 1964 placuit
1106 1913 1369 1952 Reimmanno
1391 1914 1596 1965 adserere,
1631 1922 1709 1954 nec

246 1978 373 2017 nitide
403 1981 616 2031 scriptum3
665 1981 864 2018 continere
894 1987 1042 2018 autem*
1058 1981 1258 2019 variorum
1283 1988 1490 2020 auctorum
1516 1985 1708 2035 opuscula

243 2047 350 2084 male
371 2047 473 2084 farta
494 2054 533 2085 et
553 2054 686 2086 assuta
698 2078 708 2097 ,
740 2061 911 2101 quorum
929 2050 1105 2100 primum
1128 2055 1231 2087 esset
1249 2062 1408 2087 carmen
1427 2051 1644 2089 iambicum
1664 2052 1707 2088 in

246 2113 344 2151 duas
363 2115 568 2153 columnas
586 2114 808 2166 digestum,
849 2114 1072 2154 charactere
1098 2116 1264 2154 barbaro
1292 2124 1332 2155 et
1354 2130 1515 2169 prorsus
1537 2118 1706 2157 evanido

246 2186 468 2229 exaratum,
500 2183 610 2219 cuius
634 2189 693 2220 est
710 2184 869 2220 initium
884 2196 896 2220 z
939 2181 1095 2237 χλωράν
1124 2183 1166 2225 δὲ
1193 2182 1267 2237 τὴν
1293 2182 1490 2239 ἄγρωστιν
1520 2187 1558 2228 εἰ
1585 2184 1707 2242 φάγει

244 2243 369 2288 κύων.
425 2246 497 2285 sed
525 2246 592 2285 hic
620 2255 679 2286 est
709 2262 844 2287 versus
881 2252 961 2292 961
991 2251 1233 2289 Hexab'meri
1255 2253 1437 2303 Pisidae3
1479 2256 1614 2308 itaque
1645 2255 1706 2292 nil

244 2313 366 2351 habet
389 2313 455 2352 hic
482 2314 590 2367 quod
616 2323 706 2367 agat
729 2317 899 2355 Psellus.
957 2325 998 2356 at
1017 2332 1110 2357 vero
1128 2324 1284 2371 praeter
1305 2320 1426 2360 hosce
1446 2329 1526 2361 tres
1548 2322 1703 2361 codices

245 2380 571 2420 vindobonenses
590 2385 869 2422 Hexaemeron
887 2385 1047 2424 Pisidae
1075 2389 1322 2428 continentes
1352 2380 1431 2428 duo
1457 2391 1526 2428 alii
1546 2403 1703 2429 memo-

245 2454 382 2486 rantur
399 2461 422 2486 a
440 2450 666 2500 Lambecio,
684 2453 726 2488 in
747 2452 899 2504 quibus
910 2462 1118 2493 occurrunt
1134 2458 1259 2494 nostri
1279 2458 1437 2509 Georgii
1455 2444 1701 2510 fragmenta:

245 2528 340 2553 nam
358 2517 400 2553 in
419 2517 489 2554 lib.
512 2517 538 2558 4
553 2532 601 2568 p.
625 2520 707 2560 208
728 2518 822 2557 dicit
838 2521 880 2558 in
899 2520 1034 2560 codice
1054 2524 1156 2573 188,
1184 2537 1226 2580 ¹¹.'
1246 2528 1300 2566 22
1319 2524 1458 2563 haberi
1477 2523 1703 2578 Izhrpositib-

246 2596 334 2622 nem
352 2584 514 2622 Psalmi
535 2588 612 2627 103
640 2581 798 2640 εὕλογεῖ
823 2586 852 2639 ἦ
879 2585 992 2642 ψυχή
1025 2605 1102 2642 μου
1133 2588 1200 2632 vdit
1218 2589 1403 2645 uv'otovs
1427 2593 1476 2630 ab
1502 2606 1702 2647 anonymo

246 2657 400 2689 auctore
425 2653 631 2690 collectam
648 2667 699 2691 ex
719 2654 890 2693 Eusebio
909 2656 1132 2710 Pamphili,
1163 2658 1206 2697 S.
1223 2659 1402 2697 Maximo
1425 2666 1497 2698 etc.
1518 2667 1558 2699 et
1575 2656 1702 2700 Geor-

249 2719 313 2769 gio
333 2718 489 2767 Pisida,
535 2722 644 2759 cuius
673 2723 841 2760 citantur
867 2724 990 2761 iambi
1023 2738 1076 2763 ex
1101 2729 1285 2776 poemate
1311 2726 1359 2764 de
1380 2728 1536 2778 opificio
1559 2726 1703 2767 mundi

248 2783 466 2838 desumpti3
498 2793 537 2824 et
555 2788 597 2824 in
618 2787 688 2826 lib.
713 2789 739 2831 5
756 2804 803 2841 p.
830 2792 906 2832 106
938 2792 992 2829 ait
1018 2793 1060 2830 in
1085 2791 1218 2831 codice
1235 2792 1315 2835 241
1335 2803 1492 2833 exstare
1511 2787 1699 2834 Iohannis

246 2852 488 2902 patriarchae
518 2855 755 2895 Antiocheni
785 2858 960 2909 Eelogas
992 2862 1182 2898 asceticus
1210 2875 1264 2900 ex
1291 2863 1411 2901 variis
1444 2863 1698 2915 scriptoribus
