1890 3224
685 168 1006 213 PRAEFATIO.
1514 180 1606 212 xvn

148 294 295 321 novam
314 295 367 320 ex
386 281 539 332 integro
555 280 779 319 versionem
796 281 1002 320 instituere
1021 277 1191 319 decrevi.
1223 278 1295 319 sed
1311 293 1362 318 ne
1379 279 1604 319 videremur

148 351 291 388 nostris
318 351 490 387 nimium
514 347 752 400 plaudentes
780 349 910 385 aliena
938 350 1185 400 vituperare,
1234 362 1256 386 e
1281 350 1442 400 regione
1467 355 1602 387 textus

147 417 425 455 Morellianam
454 418 729 468 apposuimus,
776 423 954 454 nostram
981 423 1115 454 autem
1139 418 1183 464 in
1212 429 1280 454 ora
1308 423 1486 454 extrema
1511 416 1602 454 libri

148 485 411 533 subiecimus,
447 491 493 521 ut
525 497 645 536 quam
667 485 836 536 quisque
854 484 967 522 malit
981 484 1089 536 legat
1110 491 1149 522 et
1169 491 1369 537 sequatur.
1427 496 1471 521 ac
1489 496 1603 522 mens

148 552 313 605 quidem
330 558 463 590 nostra
480 553 600 589 etiam
619 559 701 590 erat
716 552 848 590 iambo
871 552 1014 590 iambis
1042 550 1207 589 reddere
1220 581 1231 601 ,
1261 550 1333 590 sed
1353 553 1468 589 veriti
1486 564 1537 589 ne
1559 549 1603 588 id

148 620 258 674 quod
291 622 388 660 vitio
413 621 603 658 vertimus
632 621 836 669 Morellio,
882 620 997 669 nobis
1025 632 1183 672 quoque
1211 620 1391 656 eveniret.
1422 617 1604 667 (difficile

148 690 258 726 enim
285 702 371 726 esse
396 690 581 727 novimus
606 687 763 727 obscuri
786 692 928 740 poetae
957 701 1094 726 versus
1116 685 1284 725 totidem
1302 687 1482 725 versibus
1500 686 1604 725 velle

147 755 381 806 declarare),
402 755 548 794 idcirco
569 755 618 794 de
638 769 758 795 sensu
776 763 814 794 et
833 758 875 794 vi
893 757 1106 795 verborum
1123 762 1279 793 tantum
1297 754 1454 792 solliciti
1469 755 1603 806 paullo

146 824 375 862 liberiorem
403 824 646 861 confecimus
676 825 914 863 versionem.
981 826 1153 864 multam
1184 829 1318 862 autem
1359 834 1522 874 operam
1560 823 1603 859 in

145 891 393 929 Hexab'mero
416 890 652 928 illustrando
669 892 979 943 insumpsimus:
1014 907 1110 932 nam
1128 901 1167 933 et
1184 897 1467 948 prolegomena
1485 902 1603 945 prae-

144 960 326 996 misimus
346 965 384 996 et
404 957 679 997 adnotationes
699 958 917 999 adiecimus
929 990 939 1010 ‚
979 967 1023 999 ut
1048 962 1156 1014 quod
1179 965 1403 1002 maximum
1423 972 1482 1004 est
1502 979 1600 1018 opus

144 1025 325 1075 Pisidae,
363 1028 564 1078 integrum
590 1041 647 1065 ex-
665 1029 775 1066 omni
798 1035 911 1079 parte
929 1029 1107 1081 prodiret
1130 1033 1173 1070 in
1190 1032 1345 1081 lucem,
1383 1045 1428 1070 ac
1447 1034 1601 1072 nullam

144 1095 266 1132 aliam
288 1095 331 1131 in
359 1102 564 1145 posterum
598 1094 839 1134 desideraret
864 1109 1030 1135 manum
1059 1098 1306 1138 adiutricem.
1350 1102 1407 1141 in
1430 1100 1601 1139 editione

143 1162 295 1199 Graeca
315 1163 494 1199 Brunelli
522 1169 675 1201 constat
699 1168 846 1216 poema
867 1166 1012 1204 iambis
1041 1168 1169 1216 1860,
1206 1169 1249 1206 in
1269 1169 1600 1207 Graeco-Latina

142 1229 316 1267 Morellii
339 1231 460 1271 1880.
516 1237 651 1268 nostra
677 1244 805 1284 usque
837 1231 897 1270 ad·
919 1236 1027 1275 1910
1053 1246 1191 1274 versus
1218 1234 1406 1274 exhibet:
1446 1237 1601 1288 aliquos

143 1297 259 1333 enim*
281 1297 455 1334 senarios
487 1298 582 1334 alibi
609 1300 775 1337 omissos
803 1306 842 1337 et
867 1298 963 1338 hinc
981 1300 1076 1339 inde
1098 1315 1150 1340 ex
1170 1302 1370 1340 codicibus
1392 1310 1600 1354 excerptos

143 1363 225 1400 suis
241 1363 343 1400 locis
360 1365 515 1402 restitui
539 1367 778 1404 curavimus.
834 1379 979 1419 neque,
1012 1375 1058 1406 ut
1075 1369 1232 1407 videtur
1244 1400 1254 1419 ‚
1285 1369 1525 1421 sperandum
1541 1377 1601 1409 est

143 1431 315 1481 amplius
333 1437 378 1468 ut
398 1433 440 1468 in
460 1434 656 1470 maiorem
673 1447 886 1471 numerum
905 1443 1136 1474 excrescant
1152 1435 1197 1474 hi
1213 1439 1381 1486 senarii,
1412 1438 1485 1475 etsi
1503 1437 1599 1475 Sui-

143 1496 213 1536 das
228 1504 416 1547 testetur,
460 1506 506 1536 ut
523 1502 704 1551 superius
730 1500 881 1539 dictum
908 1509 990 1550 est,
1027 1510 1090 1540 ter
1115 1505 1227 1541 mille
1255 1505 1352 1542 olim
1379 1506 1600 1543 constitisse

139 1566 435 1613 Hexah'meron,
475 1574 515 1605 et
538 1568 723 1606 Labbeus
740 1583 790 1619 p.
815 1568 896 1610 385
925 1569 1030 1607 Bibl.
1059 1583 1188 1608 novae
1215 1584 1297 1609 mss
1325 1584 1378 1608 ex
1408 1572 1597 1623 Catalogo

141 1633 339 1684 Scipionis
357 1635 484 1672 Tettii
509 1643 704 1673 memoret
722 1635 882 1674 Pisidae
902 1637 1206 1689 Cosmopoeiam
1231 1645 1293 1676 ter
1320 1639 1432 1677 mille
1460 1651 1597 1677 versus

141 1702 485 1752 complectentem.
545 1716 643 1754 opus
665 1710 724 1740 est
744 1704 883 1754 Sergio
904 1704 1127 1754 patriarcha
1147 1705 1337 1744 suadente
1357 1713 1597 1758 susceptum,

141 1770 258 1820 eique
277 1770 405 1805 multa
427 1768 594 1807 laudum
613 1769 956 1807 commendatione
977 1771 1166 1810 dicatum.
1224 1775 1267 1809 in
1291 1786 1358 1822 eo,
1398 1774 1470 1811 sub
1495 1780 1598 1811 tecto

140 1837 272 1873 Procli
291 1836 452 1873 nomine
464 1865 475 1885 ,
505 1835 731 1874 Iohannem>
744 1835 1014 1886 Philoponum
1031 1840 1122 1889 peti.
1134 1839 1177 1875 in
1193 1845 1371 1876 mentem
1389 1840 1497 1876 venit
1515 1839 1600 1892 pri-

140 1917 254 1942 mum
273 1904 431 1952 Caveo,
453 1917 498 1940 ac
520 1903 664 1941 deinde
683 1905 805 1941 etiam
827 1902 1007 1952 OudinO,
1038 1904 1147 1956 quod
1166 1918 1189 1942 a
1205 1906 1320 1943 nobis
1342 1907 1386 1942 in
1408 1907 1600 1957 Prolego-

139 1972 269 2021 menis
287 1971 406 2007 latius
429 1971 686 2023 expenditur:
717 1971 790 2009 sed
812 1985 1022 2023 perperam
1052 1970 1147 2008 inde
1175 1973 1261 2023 ipse
1281 1973 1385 2009 Cave
1414 1979 1452 2010 et
1474 1972 1600 2010 Oudi-

140 2052 217 2076 nus
238 2037 463 2076 iudicarunt
480 2029 590 2076 idem
609 2037 686 2076 hoc
714 2052 799 2077 esse
821 2052 921 2090 opus
942 2052 1034 2076 cmn
1052 2043 1260 2090 poemate,
1304 2038 1412 2092 quod
1431 2052 1455 2076 a
1473 2040 1599 2078 Geor-

142 2108 208 2157 gio
228 2113 362 2144 nostro
380 2104 536 2159 μέτροις
555 2102 733 2158 ἆρίστοις
750 2104 881 2158 ὥσπερ
902 2106 1055 2147 εἴθιστο
1071 2101 1262 2159 γράφειν,
1302 2113 1436 2144 contra
1457 2105 1598 2144 Philo-

141 2187 294 2226 ponum
323 2180 533 2213 exaratum
560 2186 645 2211 esse
672 2173 806 2225 prodit
823 2172 1069 2225 Nicephorus
1089 2172 1160 2210 lib.
1188 2175 1238 2215 18
1261 2187 1304 2210 c..
1320 2173 1389 2215 48.
1445 2187 1541 2211 nam
1560 2181 1598 2211 et

144 2255 293 2280 errasse
310 2239 580 2292 Nicephorum
609 2247 648 2278 et
673 2241 820 2280 falsam
842 2243 1004 2279 omnino
1032 2255 1118 2279 esse
1143 2242 1452 2279 coniecturamva
1469 2242 1598 2279 Caveo

143 2309 238 2348 inde
255 2311 422 2361 petitam
438 2321 537 2346 mox
555 2307 913 2348 demonstrabimus
926 2339 937 2358 ,
969 2321 1060 2346 cum
1074 2307 1123 2346 de
1141 2312 1325 2359 poemate
1342 2310 1385 2346 in
1411 2309 1599 2346 Severum

145 2390 323 2428 agemus.
383 2383 558 2415 ceterum
572 2375 731 2413 Pisidae
753 2378 1015 2428 Cosmopoeia
1043 2383 1126 2413 tota
1153 2376 1298 2413 referta
1325 2382 1383 2414 est
1407 2378 1484 2427 piis
1505 2389 1599 2414 sen-

145 2446 278 2482 tentiis
291 2474 301 2494 ,
340 2445 484 2496 quibus
512 2441 565 2480 ad
585 2442 764 2481 divinam
779 2446 1029 2482 maiestatem
1046 2442 1398 2494 contemplandam·
1411 2457 1463 2481 ex
1483 2444 1598 2481 rebus

147 2514 286 2550 creatis
305 2525 419 2551 mens
437 2511 613 2549 humana
629 2513 807 2548 maxime
823 2512 999 2562 erigitur.
1059 2512 1250 2562 scriptum
1268 2518 1340 2559 est,
1368 2518 1413 2548 ut
1430 2510 1599 2558 videtur,

147 2578 224 2617 hoc
243 2593 342 2631 opus
363 2581 463 2618 circa
483 2593 632 2617 annum
650 2581 745 2626 629,
776 2591 854 2630 quo
875 2585 1054 2629 tempore
1074 2579 1279 2616 Heraclius
1298 2577 1473 2616 secundo
1491 2578 1598 2614 bello

149 2646 328 2685 confecto
347 2649 431 2684 iam
449 2646 656 2685 Persidem
674 2646 896 2696 subegerat.
953 2647 1010 2682 ita
1040 2647 1145 2683 enim
1161 2644 1296 2683 Pisida
1317 2645 1503 2696 Sergium
1526 2657 1598 2694 pro

149 2714 332 2752 Heraclio
353 2723 532 2754 orantem
550 2714 702 2753 inducit
720 2727 758 2751 v.
781 2711 907 2754 1845:
941 2711 1009 2753 καὶ
1029 2710 1099 2760 δός
1115 2710 1186 2753 τᾶν
1203 2712 1247 2753 ἐκ
1265 2714 1340 2753 σοῦ’
1356 2706 1600 2766 προσλαβόν·
1651 2754 1657 2757 ⁷

149 2797 199 2822 τοι
216 2778 262 2822 τό
283 2777 515 2834 κράτοςτόν
530 2778 829 2835 κοσμορύστην,
856 2777 928 2822 τόν
949 2776 1121 2832 διώκτην
1140 2779 1370 2834 Περσίδος,
1390 2781 1538 2832 μᾶλλον
1558 2774 1602 2818 δὲ

208 2853 339 2899 Georg.
371 2853 480 2888 Pisid.
1305 2849 1334 2888 2
