<?xml version="1.0" encoding="UTF-8"?>
<!DOCTYPE html PUBLIC "-//W3C//DTD XHTML 1.0 Transitional//EN"
    "http://www.w3.org/TR/xhtml1/DTD/xhtml1-transitional.dtd">
<html xmlns="http://www.w3.org/1999/xhtml" xml:lang="en" lang="en">
 <head>
  <title>
</title>
<meta http-equiv="Content-Type" content="text/html;charset=utf-8" />
  <meta name='ocr-system' content='tesseract 3.04.00' />
  <meta name='ocr-capabilities' content='ocr_page ocr_carea ocr_par ocr_line ocrx_word'/>
</head>
<body>
  <div class='ocr_page' id='page_1' title='image "./corpusscriptorum42niebuoft/corpusscriptorum42niebuoft_0105.png"; bbox 0 0 1838 3210; ppageno 0'>
   <div class='ocr_carea' id='block_1_1' title="bbox 550 173 1619 253">
    <p class='ocr_par' dir='ltr' id='par_1_1' title="bbox 550 173 1619 253">
     <span class='ocr_line' id='line_1_1' title="bbox 550 173 1619 253; baseline -0.004 -30"><span class='ocrx_word' id='word_1_1' title='bbox 550 178 883 223; x_wconf 86' lang='lat' dir='ltr'>DESCRIPTIO</span> <span class='ocrx_word' id='word_1_2' title='bbox 916 177 960 221; x_wconf 90' lang='lat' dir='ltr'><strong>S.</strong></span> <span class='ocrx_word' id='word_1_3' title='bbox 993 176 1241 253; x_wconf 65' lang='lat' dir='ltr'><strong>SOPIiIAE.</strong></span> <span class='ocrx_word' id='word_1_4' title='bbox 1556 173 1619 220; x_wconf 87' lang='grc'><strong>91</strong></span> 
     </span>
    </p>
   </div>
   <div class='ocr_carea' id='block_1_2' title="bbox 171 284 1780 2876">
    <p class='ocr_par' dir='ltr' id='par_1_2' title="bbox 171 284 1627 684">
     <span class='ocr_line' id='line_1_2' title="bbox 173 284 1624 340; baseline -0.008 -7"><span class='ocrx_word' id='word_1_5' title='bbox 173 295 383 340; x_wconf 77' lang='lat' dir='ltr'><strong>referrent3</strong></span> <span class='ocrx_word' id='word_1_6' title='bbox 413 289 518 329; x_wconf 85' lang='lat' dir='ltr'><strong>unde</strong></span> <span class='ocrx_word' id='word_1_7' title='bbox 543 286 658 331; x_wconf 80' lang='grc' dir='ltr'><strong><em>ω’ωτά</em></strong></span> <span class='ocrx_word' id='word_1_8' title='bbox 682 290 748 327; x_wconf 84' lang='lat' dir='ltr'><strong>vel</strong></span> <span class='ocrx_word' id='word_1_9' title='bbox 772 285 881 330; x_wconf 77' lang='grc' dir='ltr'><strong><em>αἷοτοῖ</em></strong></span> <span class='ocrx_word' id='word_1_10' title='bbox 901 287 1004 326; x_wconf 90' lang='lat' dir='ltr'><strong>dicta</strong></span> <span class='ocrx_word' id='word_1_11' title='bbox 1023 295 1115 327; x_wconf 90' lang='lat' dir='ltr'><strong>sunt</strong></span> <span class='ocrx_word' id='word_1_12' title='bbox 1134 285 1329 326; x_wconf 89' lang='lat' dir='ltr'><strong>eiusmodi</strong></span> <span class='ocrx_word' id='word_1_13' title='bbox 1351 284 1550 333; x_wconf 87' lang='lat' dir='ltr'><strong>aedificia,</strong></span> <span class='ocrx_word' id='word_1_14' title='bbox 1579 291 1624 322; x_wconf 89' lang='lat' dir='ltr'><strong>ut</strong></span> 
     </span>
     <span class='ocr_line' id='line_1_3' title="bbox 171 342 1624 401; baseline -0.008 -12"><span class='ocrx_word' id='word_1_15' title='bbox 171 350 276 389; x_wconf 92' lang='lat' dir='ltr'><strong>illud</strong></span> <span class='ocrx_word' id='word_1_16' title='bbox 299 347 405 401; x_wconf 86' lang='lat' dir='ltr'><strong>quod</strong></span> <span class='ocrx_word' id='word_1_17' title='bbox 427 343 565 388; x_wconf 81' lang='grc' dir='ltr'><strong><em>ω’ωτόν</em></strong></span> <span class='ocrx_word' id='word_1_18' title='bbox 585 347 759 398; x_wconf 86' lang='lat' dir='ltr'><strong>appellat</strong></span> <span class='ocrx_word' id='word_1_19' title='bbox 779 347 883 384; x_wconf 87' lang='lat' dir='ltr'><strong>Ioles</strong></span> <span class='ocrx_word' id='word_1_20' title='bbox 903 348 1071 397; x_wconf 83' lang='lat' dir='ltr'><strong>p.172,</strong></span> <span class='ocrx_word' id='word_1_21' title='bbox 1100 359 1173 383; x_wconf 87' lang='lat' dir='ltr'><strong>seu</strong></span> <span class='ocrx_word' id='word_1_22' title='bbox 1193 360 1340 392; x_wconf 86' lang='grc' dir='ltr'><strong><em>ωατον,</em></strong></span> <span class='ocrx_word' id='word_1_23' title='bbox 1369 345 1428 381; x_wconf 90' lang='lat' dir='ltr'><strong>uti</strong></span> <span class='ocrx_word' id='word_1_24' title='bbox 1450 342 1624 394; x_wconf 87' lang='lat' dir='ltr'><strong>praefert</strong></span> 
     </span>
     <span class='ocr_line' id='line_1_4' title="bbox 173 399 1623 455; baseline -0.007 -11"><span class='ocrx_word' id='word_1_25' title='bbox 173 407 294 444; x_wconf 87' lang='lat' dir='ltr'><strong>editio</strong></span> <span class='ocrx_word' id='word_1_26' title='bbox 321 406 468 455; x_wconf 87' lang='lat' dir='ltr'><strong>Regia,</strong></span> <span class='ocrx_word' id='word_1_27' title='bbox 499 411 539 441; x_wconf 92' lang='lat' dir='ltr'><strong>et</strong></span> <span class='ocrx_word' id='word_1_28' title='bbox 559 405 601 441; x_wconf 89' lang='grc'><strong>111</strong></span> <span class='ocrx_word' id='word_1_29' title='bbox 626 403 772 455; x_wconf 86' lang='lat' dir='ltr'><strong>palatio</strong></span> <span class='ocrx_word' id='word_1_30' title='bbox 792 404 991 440; x_wconf 82' lang='lat' dir='ltr'><strong>exstitisse</strong></span> <span class='ocrx_word' id='word_1_31' title='bbox 1007 409 1163 451; x_wconf 78' lang='lat' dir='ltr'><strong>narrat3</strong></span> <span class='ocrx_word' id='word_1_32' title='bbox 1194 401 1300 454; x_wconf 91' lang='lat' dir='ltr'><strong>quod</strong></span> <span class='ocrx_word' id='word_1_33' title='bbox 1316 399 1418 438; x_wconf 91' lang='lat' dir='ltr'><strong>illud</strong></span> <span class='ocrx_word' id='word_1_34' title='bbox 1436 399 1545 436; x_wconf 90' lang='lat' dir='ltr'><strong>idem</strong></span> <span class='ocrx_word' id='word_1_35' title='bbox 1565 405 1623 435; x_wconf 90' lang='lat' dir='ltr'><strong>est</strong></span> 
     </span>
     <span class='ocr_line' id='line_1_5' title="bbox 174 454 1625 528; baseline -0.007 -27"><span class='ocrx_word' id='word_1_36' title='bbox 174 462 282 528; x_wconf 77' lang='lat' dir='ltr'><strong>quod</strong></span> <span class='ocrx_word' id='word_1_37' title='bbox 305 469 418 499; x_wconf 85' lang='lat' dir='ltr'><strong>autea</strong></span> <span class='ocrx_word' id='word_1_38' title='bbox 437 457 618 500; x_wconf 80' lang='grc' dir='ltr'><strong><em>θολωτόν</em></strong></span> <span class='ocrx_word' id='word_1_39' title='bbox 638 466 677 496; x_wconf 87' lang='lat' dir='ltr'><strong>et</strong></span> <span class='ocrx_word' id='word_1_40' title='bbox 694 462 885 512; x_wconf 82' lang='grc' dir='ltr'><strong><em>τροῦλλον</em></strong></span> <span class='ocrx_word' id='word_1_41' title='bbox 900 458 1108 497; x_wconf 84' lang='lat' dir='ltr'><strong>vocabant.</strong></span> <span class='ocrx_word' id='word_1_42' title='bbox 1168 471 1258 496; x_wconf 89' lang='lat' dir='ltr'><strong>cum</strong></span> <span class='ocrx_word' id='word_1_43' title='bbox 1284 459 1405 508; x_wconf 88' lang='lat' dir='ltr'><strong>igitur</strong></span> <span class='ocrx_word' id='word_1_44' title='bbox 1433 454 1625 508; x_wconf 84' lang='lat' dir='ltr'><strong>sphaerae</strong></span> 
     </span>
     <span class='ocr_line' id='line_1_6' title="bbox 173 512 1627 571; baseline -0.006 -15"><span class='ocrx_word' id='word_1_45' title='bbox 173 520 348 571; x_wconf 87' lang='lat' dir='ltr'><strong>speciem</strong></span> <span class='ocrx_word' id='word_1_46' title='bbox 380 515 671 569; x_wconf 82' lang='lat' dir='ltr'><strong>quodammodo</strong></span> <span class='ocrx_word' id='word_1_47' title='bbox 701 514 928 564; x_wconf 86' lang='lat' dir='ltr'><strong>exhiberet,</strong></span> <span class='ocrx_word' id='word_1_48' title='bbox 957 514 1049 553; x_wconf 89' lang='lat' dir='ltr'><strong>ideo</strong></span> <span class='ocrx_word' id='word_1_49' title='bbox 1079 515 1252 566; x_wconf 79' lang='grc' dir='ltr'><strong><em>σφαίρας</em></strong></span> <span class='ocrx_word' id='word_1_50' title='bbox 1278 515 1439 552; x_wconf 89' lang='lat' dir='ltr'><strong>nomine</strong></span> <span class='ocrx_word' id='word_1_51' title='bbox 1460 512 1627 550; x_wconf 80' lang='lat' dir='ltr'><strong>donatur</strong></span> 
     </span>
     <span class='ocr_line' id='line_1_7' title="bbox 174 568 1627 621; baseline -0.004 -9"><span class='ocrx_word' id='word_1_52' title='bbox 174 589 198 613; x_wconf 89' lang='lat' dir='ltr'><strong>a</strong></span> <span class='ocrx_word' id='word_1_53' title='bbox 228 578 383 613; x_wconf 88' lang='lat' dir='ltr'><strong>Zonara</strong></span> <span class='ocrx_word' id='word_1_54' title='bbox 410 587 491 611; x_wconf 91' lang='lat' dir='ltr'><strong>non</strong></span> <span class='ocrx_word' id='word_1_55' title='bbox 520 574 666 620; x_wconf 88' lang='lat' dir='ltr'><strong>semel,</strong></span> <span class='ocrx_word' id='word_1_56' title='bbox 697 579 736 610; x_wconf 86' lang='lat' dir='ltr'><strong>et</strong></span> <span class='ocrx_word' id='word_1_57' title='bbox 769 573 882 610; x_wconf 87' lang='lat' dir='ltr'><strong>aliis·</strong></span> <span class='ocrx_word' id='word_1_58' title='bbox 910 584 1003 609; x_wconf 88' lang='lat' dir='ltr'><strong>nam</strong></span> <span class='ocrx_word' id='word_1_59' title='bbox 1039 578 1078 609; x_wconf 89' lang='lat' dir='ltr'><strong>et</strong></span> <span class='ocrx_word' id='word_1_60' title='bbox 1108 572 1269 609; x_wconf 86' lang='lat' dir='ltr'><strong>trullam</strong></span> <span class='ocrx_word' id='word_1_61' title='bbox 1291 573 1416 609; x_wconf 88' lang='lat' dir='ltr'><strong>instar</strong></span> <span class='ocrx_word' id='word_1_62' title='bbox 1436 568 1627 621; x_wconf 81' lang='lat' dir='ltr'><strong>sphaerae</strong></span> 
     </span>
     <span class='ocr_line' id='line_1_8' title="bbox 173 603 1052 684; baseline -0.002 -15"><span class='ocrx_word' id='word_1_63' title='bbox 173 632 321 684; x_wconf 88' lang='lat' dir='ltr'><strong>ubique</strong></span> <span class='ocrx_word' id='word_1_64' title='bbox 347 631 496 669; x_wconf 89' lang='lat' dir='ltr'><strong>sinuari</strong></span> <span class='ocrx_word' id='word_1_65' title='bbox 518 629 620 667; x_wconf 85' lang='lat' dir='ltr'><strong>dixit</strong></span> <span class='ocrx_word' id='word_1_66' title='bbox 644 603 892 667; x_wconf 83' lang='lat' dir='ltr'><strong>Silentiarius</strong></span> <span class='ocrx_word' id='word_1_67' title='bbox 912 642 951 666; x_wconf 82' lang='lat' dir='ltr'><strong>v.</strong></span> <span class='ocrx_word' id='word_1_68' title='bbox 973 625 1052 669; x_wconf 87' lang='grc'><strong>74.</strong></span> 
     </span>
    </p>

    <p class='ocr_par' dir='ltr' id='par_1_3' title="bbox 392 679 1414 739">
     <span class='ocr_line' id='line_1_9' title="bbox 392 679 1414 739; baseline -0.004 -12"><span class='ocrx_word' id='word_1_69' title='bbox 392 685 586 739; x_wconf 79' lang='grc' dir='ltr'><strong><em>ἐγρομένη</em></strong></span> <span class='ocrx_word' id='word_1_70' title='bbox 607 681 645 726; x_wconf 86' lang='grc' dir='ltr'><strong>δ’</strong></span> <span class='ocrx_word' id='word_1_71' title='bbox 666 681 897 738; x_wconf 80' lang='grc' dir='ltr'><strong><em>ἐφύπερθεν</em></strong></span> <span class='ocrx_word' id='word_1_72' title='bbox 919 684 958 732; x_wconf 78' lang='grc' dir='ltr'><strong><em>ἐς</em></strong></span> <span class='ocrx_word' id='word_1_73' title='bbox 978 681 1148 725; x_wconf 65' lang='grc' dir='ltr'><strong><em>ἄπλετον</em></strong></span> <span class='ocrx_word' id='word_1_74' title='bbox 1163 679 1262 735; x_wconf 79' lang='grc' dir='ltr'><strong><em>η’έρα</em></strong></span> <span class='ocrx_word' id='word_1_75' title='bbox 1283 679 1414 735; x_wconf 80' lang='grc' dir='ltr'><strong><em>πήληξ</em></strong></span> 
     </span>
    </p>

    <p class='ocr_par' dir='ltr' id='par_1_4' title="bbox 392 736 1506 807">
     <span class='ocr_line' id='line_1_10' title="bbox 392 736 1506 807; baseline -0.002 -25"><span class='ocrx_word' id='word_1_76' title='bbox 392 741 568 782; x_wconf 77' lang='grc' dir='ltr'><strong><em>πάντοθι</em></strong></span> <span class='ocrx_word' id='word_1_77' title='bbox 591 740 664 792; x_wconf 81' lang='grc' dir='ltr'><strong>μὲν</strong></span> <span class='ocrx_word' id='word_1_78' title='bbox 687 740 911 807; x_wconf 78' lang='grc' dir='ltr'><strong><em>σφαιρηδὸν</em></strong></span> <span class='ocrx_word' id='word_1_79' title='bbox 933 740 1146 790; x_wconf 76' lang='grc' dir='ltr'><strong><em>ἑλίσσεται,</em></strong></span> <span class='ocrx_word' id='word_1_80' title='bbox 1178 738 1245 781; x_wconf 80' lang='grc' dir='ltr'><strong><em>οἷα</em></strong></span> <span class='ocrx_word' id='word_1_81' title='bbox 1267 738 1310 781; x_wconf 77' lang='grc' dir='ltr'><strong>δὲ</strong></span> <span class='ocrx_word' id='word_1_82' title='bbox 1333 736 1506 793; x_wconf 84' lang='grc' dir='ltr'><strong><em>φαιδρός</em></strong></span> 
     </span>
    </p>

    <p class='ocr_par' dir='ltr' id='par_1_5' title="bbox 175 793 1780 1753">
     <span class='ocr_line' id='line_1_11' title="bbox 393 793 1152 850; baseline -0.001 -12"><span class='ocrx_word' id='word_1_83' title='bbox 393 795 564 850; x_wconf 81' lang='grc' dir='ltr'><strong><em>ουρανὸς</em></strong></span> <span class='ocrx_word' id='word_1_84' title='bbox 583 793 833 850; x_wconf 69' lang='grc' dir='ltr'><strong><em>ἀμφιβέβηκε</em></strong></span> <span class='ocrx_word' id='word_1_85' title='bbox 854 794 976 849; x_wconf 88' lang='grc' dir='ltr'><strong><em>δόμου</em></strong></span> <span class='ocrx_word' id='word_1_86' title='bbox 995 796 1152 845; x_wconf 77' lang='grc' dir='ltr'><strong><em>σκέπας.</em></strong></span> 
     </span>
     <span class='ocr_line' id='line_1_12' title="bbox 177 852 1633 908; baseline -0.004 -14"><span class='ocrx_word' id='word_1_87' title='bbox 177 863 295 908; x_wconf 88' lang='lat' dir='ltr'><strong>atque</strong></span> <span class='ocrx_word' id='word_1_88' title='bbox 323 852 423 892; x_wconf 87' lang='lat' dir='ltr'><strong>haec</strong></span> <span class='ocrx_word' id='word_1_89' title='bbox 451 853 614 906; x_wconf 87' lang='lat' dir='ltr'><strong>quidem</strong></span> <span class='ocrx_word' id='word_1_90' title='bbox 641 853 798 892; x_wconf 88' lang='lat' dir='ltr'><strong>testudo</strong></span> <span class='ocrx_word' id='word_1_91' title='bbox 828 855 884 891; x_wconf 85' lang='lat' dir='ltr'><strong>ita</strong></span> <span class='ocrx_word' id='word_1_92' title='bbox 912 854 1054 905; x_wconf 88' lang='lat' dir='ltr'><strong>parieti</strong></span> <span class='ocrx_word' id='word_1_93' title='bbox 1077 854 1190 890; x_wconf 89' lang='lat' dir='ltr'><strong>tereti</strong></span> <span class='ocrx_word' id='word_1_94' title='bbox 1210 853 1446 904; x_wconf 72' lang='lat' dir='ltr'><strong>imponitur,</strong></span> <span class='ocrx_word' id='word_1_95' title='bbox 1475 857 1520 888; x_wconf 90' lang='lat' dir='ltr'><strong>ut</strong></span> <span class='ocrx_word' id='word_1_96' title='bbox 1536 864 1633 902; x_wconf 88' lang='lat' dir='ltr'><strong>pro-</strong></span> 
     </span>
     <span class='ocr_line' id='line_1_13' title="bbox 175 908 1633 964; baseline -0.004 -14"><span class='ocrx_word' id='word_1_97' title='bbox 175 920 279 964; x_wconf 89' lang='lat' dir='ltr'><strong>pter</strong></span> <span class='ocrx_word' id='word_1_98' title='bbox 290 911 399 949; x_wconf 88' lang='lat' dir='ltr'><strong>illius</strong></span> <span class='ocrx_word' id='word_1_99' title='bbox 425 912 660 948; x_wconf 81' lang='lat' dir='ltr'><strong>tenuitatem</strong></span> <span class='ocrx_word' id='word_1_100' title='bbox 683 923 764 948; x_wconf 87' lang='lat' dir='ltr'><strong>non</strong></span> <span class='ocrx_word' id='word_1_101' title='bbox 780 910 916 947; x_wconf 85' lang='lat' dir='ltr'><strong>firmae</strong></span> <span class='ocrx_word' id='word_1_102' title='bbox 936 911 1056 947; x_wconf 89' lang='lat' dir='ltr'><strong>inniti</strong></span> <span class='ocrx_word' id='word_1_103' title='bbox 1075 910 1247 947; x_wconf 80' lang='lat' dir='ltr'><strong>fabricae</strong></span> <span class='ocrx_word' id='word_1_104' title='bbox 1267 908 1339 947; x_wconf 89' lang='lat' dir='ltr'><strong>sed</strong></span> <span class='ocrx_word' id='word_1_105' title='bbox 1356 921 1475 946; x_wconf 88' lang='lat' dir='ltr'><strong>aurea</strong></span> <span class='ocrx_word' id='word_1_106' title='bbox 1495 914 1633 944; x_wconf 77' lang='lat' dir='ltr'><strong>catena</strong></span> 
     </span>
     <span class='ocr_line' id='line_1_14' title="bbox 178 962 1634 1019; baseline -0.002 -13"><span class='ocrx_word' id='word_1_107' title='bbox 178 968 228 1006; x_wconf 92' lang='lat' dir='ltr'><strong>de</strong></span> <span class='ocrx_word' id='word_1_108' title='bbox 259 968 366 1006; x_wconf 87' lang='lat' dir='ltr'><strong>caelo</strong></span> <span class='ocrx_word' id='word_1_109' title='bbox 389 967 563 1019; x_wconf 89' lang='lat' dir='ltr'><strong>pendere</strong></span> <span class='ocrx_word' id='word_1_110' title='bbox 586 966 780 1006; x_wconf 86' lang='lat' dir='ltr'><strong>videatur.</strong></span> <span class='ocrx_word' id='word_1_111' title='bbox 837 967 1075 1018; x_wconf 87' lang='lat' dir='ltr'><strong>Procopius.</strong></span> <span class='ocrx_word' id='word_1_112' title='bbox 1104 962 1249 1006; x_wconf 77' lang='grc' dir='ltr'><strong><em>τούτου</em></strong></span> <span class='ocrx_word' id='word_1_113' title='bbox 1279 962 1324 1005; x_wconf 81' lang='grc' dir='ltr'><strong>δὲ</strong></span> <span class='ocrx_word' id='word_1_114' title='bbox 1349 967 1424 1004; x_wconf 79' lang='grc' dir='ltr'><strong>τοῦ</strong></span> <span class='ocrx_word' id='word_1_115' title='bbox 1447 967 1634 1004; x_wconf 77' lang='grc' dir='ltr'><strong><em>κυκλοτε-</em></strong></span> 
     </span>
     <span class='ocr_line' id='line_1_15' title="bbox 178 1017 1634 1093; baseline -0.003 -29"><span class='ocrx_word' id='word_1_116' title='bbox 178 1027 278 1093; x_wconf 79' lang='grc' dir='ltr'><strong><em>ροῦς</em></strong></span> <span class='ocrx_word' id='word_1_117' title='bbox 317 1023 577 1076; x_wconf 80' lang='grc' dir='ltr'><strong><em>παμμεγέθης</em></strong></span> <span class='ocrx_word' id='word_1_118' title='bbox 614 1021 903 1075; x_wconf 78' lang='grc' dir='ltr'><strong><em>ἐπανεστηκυῖά</em></strong></span> <span class='ocrx_word' id='word_1_119' title='bbox 937 1038 997 1071; x_wconf 86' lang='grc' dir='ltr'><strong>τις</strong></span> <span class='ocrx_word' id='word_1_120' title='bbox 1029 1018 1289 1090; x_wconf 86' lang='grc' dir='ltr'><strong><em>σφαιροειδης</em></strong></span> <span class='ocrx_word' id='word_1_121' title='bbox 1312 1017 1437 1068; x_wconf 81' lang='grc' dir='ltr'><strong><em>θόλος</em></strong></span> <span class='ocrx_word' id='word_1_122' title='bbox 1463 1024 1634 1060; x_wconf 83' lang='grc' dir='ltr'><strong><em>ποιεῖται</em></strong></span> 
     </span>
     <span class='ocr_line' id='line_1_16' title="bbox 178 1076 1636 1133; baseline -0.004 -12"><span class='ocrx_word' id='word_1_123' title='bbox 178 1077 276 1121; x_wconf 67' lang='grc' dir='ltr'><strong><em>αὐτὸ</em></strong></span> <span class='ocrx_word' id='word_1_124' title='bbox 299 1077 569 1130; x_wconf 80' lang='grc' dir='ltr'><strong><em>διαφερόντως</em></strong></span> <span class='ocrx_word' id='word_1_125' title='bbox 591 1076 866 1133; x_wconf 83' lang='grc' dir='ltr'><strong><em>ευπρόσωπον.</em></strong></span> <span class='ocrx_word' id='word_1_126' title='bbox 924 1080 1037 1120; x_wconf 85' lang='grc' dir='ltr'><strong><em>δοκεῖ</em></strong></span> <span class='ocrx_word' id='word_1_127' title='bbox 1051 1077 1095 1119; x_wconf 84' lang='grc' dir='ltr'><strong>δὲ</strong></span> <span class='ocrx_word' id='word_1_128' title='bbox 1115 1094 1191 1120; x_wconf 85' lang='grc' dir='ltr'><strong>ουκ</strong></span> <span class='ocrx_word' id='word_1_129' title='bbox 1211 1078 1275 1119; x_wconf 79' lang='grc' dir='ltr'><strong>ἐπὶ</strong></span> <span class='ocrx_word' id='word_1_130' title='bbox 1295 1080 1459 1130; x_wconf 78' lang='grc' dir='ltr'><strong><em>στερρᾶς</em></strong></span> <span class='ocrx_word' id='word_1_131' title='bbox 1480 1079 1552 1127; x_wconf 84' lang='grc' dir='ltr'><strong><em>τῆς</em></strong></span> <span class='ocrx_word' id='word_1_132' title='bbox 1573 1076 1636 1116; x_wconf 80' lang='grc' dir='ltr'><strong>οἰ-</strong></span> 
     </span>
     <span class='ocr_line' id='line_1_17' title="bbox 178 1129 1633 1205; baseline -0.003 -28"><span class='ocrx_word' id='word_1_133' title='bbox 178 1138 371 1205; x_wconf 83' lang='grc' dir='ltr'><strong><em>κοδομίας</em></strong></span> <span class='ocrx_word' id='word_1_134' title='bbox 390 1134 455 1176; x_wconf 76' lang='grc' dir='ltr'><strong><em>διοὶ</em></strong></span> <span class='ocrx_word' id='word_1_135' title='bbox 475 1135 518 1177; x_wconf 86' lang='grc' dir='ltr'><strong>τὸ</strong></span> <span class='ocrx_word' id='word_1_136' title='bbox 534 1135 776 1189; x_wconf 82' lang='grc' dir='ltr'><strong><em>παρειμένον</em></strong></span> <span class='ocrx_word' id='word_1_137' title='bbox 796 1132 979 1185; x_wconf 78' lang='grc' dir='ltr'><strong><em>ἓσταναι,</em></strong></span> <span class='ocrx_word' id='word_1_138' title='bbox 1009 1131 1110 1175; x_wconf 71' lang='grc' dir='ltr'><strong><em>ἄλλα</em></strong></span> <span class='ocrx_word' id='word_1_139' title='bbox 1127 1138 1178 1190; x_wconf 81' lang='grc' dir='ltr'><strong>τῇ</strong></span> <span class='ocrx_word' id='word_1_140' title='bbox 1198 1136 1325 1188; x_wconf 76' lang='grc' dir='ltr'><strong><em>χρυσῇ</em></strong></span> <span class='ocrx_word' id='word_1_141' title='bbox 1347 1136 1460 1188; x_wconf 77' lang='grc' dir='ltr'><strong><em>σειρᾷ</em></strong></span> <span class='ocrx_word' id='word_1_142' title='bbox 1482 1135 1532 1188; x_wconf 82' lang='grc' dir='ltr'><strong>τῆ</strong></span> <span class='ocrx_word' id='word_1_143' title='bbox 1551 1129 1633 1173; x_wconf 80' lang='grc' dir='ltr'><strong>ἆπᾶ</strong></span> 
     </span>
     <span class='ocr_line' id='line_1_18' title="bbox 177 1175 1636 1245; baseline -0.004 -12"><span class='ocrx_word' id='word_1_144' title='bbox 177 1196 252 1234; x_wconf 85' lang='grc' dir='ltr'><strong>τοῦ</strong></span> <span class='ocrx_word' id='word_1_145' title='bbox 290 1189 470 1245; x_wconf 83' lang='grc' dir='ltr'><strong><em>ου’ρανοῦ</em></strong></span> <span class='ocrx_word' id='word_1_146' title='bbox 502 1192 724 1245; x_wconf 76' lang='grc' dir='ltr'><strong><em>ἐξημμένον</em></strong></span> <span class='ocrx_word' id='word_1_147' title='bbox 759 1189 975 1233; x_wconf 78' lang='grc' dir='ltr'><strong><em>καλυπτειν</em></strong></span> <span class='ocrx_word' id='word_1_148' title='bbox 1009 1189 1079 1233; x_wconf 84' lang='grc' dir='ltr'><strong>τὸν</strong></span> <span class='ocrx_word' id='word_1_149' title='bbox 1106 1194 1252 1243; x_wconf 77' lang='grc' dir='ltr'><strong><em>χῶρον.</em></strong></span> <span class='ocrx_word' id='word_1_150' title='bbox 1319 1175 1460 1228; x_wconf 76' lang='lat' dir='ltr'><strong>eadem</strong></span> <span class='ocrx_word' id='word_1_151' title='bbox 1488 1203 1636 1241; x_wconf 90' lang='lat' dir='ltr'><strong>prope-</strong></span> 
     </span>
     <span class='ocr_line' id='line_1_19' title="bbox 178 1238 1633 1302; baseline -0.003 -15"><span class='ocrx_word' id='word_1_152' title='bbox 178 1249 344 1288; x_wconf 90' lang='lat' dir='ltr'><strong>modum</strong></span> <span class='ocrx_word' id='word_1_153' title='bbox 370 1249 488 1287; x_wconf 88' lang='lat' dir='ltr'><strong>habet</strong></span> <span class='ocrx_word' id='word_1_154' title='bbox 516 1248 564 1286; x_wconf 92' lang='lat' dir='ltr'><strong>de</strong></span> <span class='ocrx_word' id='word_1_155' title='bbox 593 1248 886 1302; x_wconf 86' lang='lat' dir='ltr'><strong>hemisphaerio</strong></span> <span class='ocrx_word' id='word_1_156' title='bbox 911 1247 1020 1286; x_wconf 81' lang='lat' dir='ltr'><strong>aedis</strong></span> <span class='ocrx_word' id='word_1_157' title='bbox 1042 1238 1114 1286; x_wconf 90' lang='lat' dir='ltr'><strong>SS.</strong></span> <span class='ocrx_word' id='word_1_158' title='bbox 1135 1249 1404 1299; x_wconf 87' lang='lat' dir='ltr'><strong>apostolorum</strong></span> <span class='ocrx_word' id='word_1_159' title='bbox 1426 1246 1475 1284; x_wconf 91' lang='lat' dir='ltr'><strong>de</strong></span> <span class='ocrx_word' id='word_1_160' title='bbox 1497 1245 1633 1284; x_wconf 83' lang='lat' dir='ltr'><strong>Aedis.</strong></span> 
     </span>
     <span class='ocr_line' id='line_1_20' title="bbox 183 1305 1635 1354; baseline -0.005 -7"><span class='ocrx_word' id='word_1_161' title='bbox 183 1309 204 1346; x_wconf 89' lang='lat'>1</span> <span class='ocrx_word' id='word_1_162' title='bbox 236 1305 276 1347; x_wconf 86' lang='lat'><strong>4.</strong></span> <span class='ocrx_word' id='word_1_163' title='bbox 334 1308 376 1343; x_wconf 92' lang='grc'><strong>111</strong></span> <span class='ocrx_word' id='word_1_164' title='bbox 404 1308 589 1343; x_wconf 85' lang='lat' dir='ltr'><strong>interiore</strong></span> <span class='ocrx_word' id='word_1_165' title='bbox 619 1305 722 1344; x_wconf 86' lang='lat' dir='ltr'><strong>tholi</strong></span> <span class='ocrx_word' id='word_1_166' title='bbox 751 1319 841 1354; x_wconf 90' lang='lat' dir='ltr'><strong>seu,</strong></span> <span class='ocrx_word' id='word_1_167' title='bbox 870 1313 915 1343; x_wconf 88' lang='lat' dir='ltr'><strong>ut</strong></span> <span class='ocrx_word' id='word_1_168' title='bbox 937 1312 1098 1353; x_wconf 83' lang='lat' dir='ltr'><strong>vocant,</strong></span> <span class='ocrx_word' id='word_1_169' title='bbox 1127 1306 1269 1342; x_wconf 89' lang='lat' dir='ltr'><strong>trullae</strong></span> <span class='ocrx_word' id='word_1_170' title='bbox 1290 1310 1423 1341; x_wconf 90' lang='lat' dir='ltr'><strong>centro</strong></span> <span class='ocrx_word' id='word_1_171' title='bbox 1444 1316 1489 1340; x_wconf 88' lang='lat' dir='ltr'><strong>ac</strong></span> <span class='ocrx_word' id='word_1_172' title='bbox 1506 1310 1635 1341; x_wconf 87' lang='lat' dir='ltr'><strong>testu-</strong></span> 
     </span>
     <span class='ocr_line' id='line_1_21' title="bbox 181 1357 1780 1413; baseline -0.002 -13"><span class='ocrx_word' id='word_1_173' title='bbox 181 1361 274 1400; x_wconf 87' lang='lat' dir='ltr'><strong>dine</strong></span> <span class='ocrx_word' id='word_1_174' title='bbox 292 1364 532 1400; x_wconf 89' lang='lat' dir='ltr'><strong>Iustinianus</strong></span> <span class='ocrx_word' id='word_1_175' title='bbox 551 1376 669 1413; x_wconf 89' lang='lat' dir='ltr'><strong>opere</strong></span> <span class='ocrx_word' id='word_1_176' title='bbox 687 1365 842 1400; x_wconf 83' lang='lat' dir='ltr'><strong>musivo</strong></span> <span class='ocrx_word' id='word_1_177' title='bbox 863 1361 1062 1400; x_wconf 84' lang='lat' dir='ltr'><strong>Christum</strong></span> <span class='ocrx_word' id='word_1_178' title='bbox 1080 1363 1122 1398; x_wconf 86' lang='lat' dir='ltr'><strong>in</strong></span> <span class='ocrx_word' id='word_1_179' title='bbox 1141 1360 1244 1399; x_wconf 87' lang='lat' dir='ltr'><strong>Iride</strong></span> <span class='ocrx_word' id='word_1_180' title='bbox 1262 1359 1479 1408; x_wconf 83' lang='lat' dir='ltr'><strong>sedentem,</strong></span> <span class='ocrx_word' id='word_1_181' title='bbox 1499 1360 1636 1398; x_wconf 88' lang='lat' dir='ltr'><strong>orbem</strong></span> <span class='ocrx_word' id='word_1_182' title='bbox 1658 1359 1687 1393; x_wconf 86' lang='lat' dir='ltr'>P</span> <span class='ocrx_word' id='word_1_183' title='bbox 1711 1357 1780 1394; x_wconf 82' lang='lat'><strong>548</strong></span> 
     </span>
     <span class='ocr_line' id='line_1_22' title="bbox 180 1413 1639 1469; baseline -0.001 -14"><span class='ocrx_word' id='word_1_184' title='bbox 180 1417 390 1455; x_wconf 79' lang='lat' dir='ltr'><strong>iudicantis</strong></span> <span class='ocrx_word' id='word_1_185' title='bbox 414 1419 558 1468; x_wconf 85' lang='lat' dir='ltr'><strong>effigie,</strong></span> <span class='ocrx_word' id='word_1_186' title='bbox 588 1418 757 1456; x_wconf 88' lang='lat' dir='ltr'><strong>describi</strong></span> <span class='ocrx_word' id='word_1_187' title='bbox 774 1420 935 1466; x_wconf 86' lang='lat' dir='ltr'><strong>curavit,</strong></span> <span class='ocrx_word' id='word_1_188' title='bbox 966 1425 1010 1455; x_wconf 90' lang='lat' dir='ltr'><strong>ut</strong></span> <span class='ocrx_word' id='word_1_189' title='bbox 1033 1413 1229 1458; x_wconf 74' lang='grc' dir='ltr'><strong><em>αὐτόπται</em></strong></span> <span class='ocrx_word' id='word_1_190' title='bbox 1250 1424 1462 1464; x_wconf 83' lang='lat' dir='ltr'><strong>testantur3</strong></span> <span class='ocrx_word' id='word_1_191' title='bbox 1495 1430 1639 1469; x_wconf 91' lang='lat' dir='ltr'><strong>quem-</strong></span> 
     </span>
     <span class='ocr_line' id='line_1_23' title="bbox 183 1472 1639 1525; baseline -0.001 -14"><span class='ocrx_word' id='word_1_192' title='bbox 183 1474 400 1513; x_wconf 87' lang='lat' dir='ltr'><strong>admodum</strong></span> <span class='ocrx_word' id='word_1_193' title='bbox 416 1476 457 1511; x_wconf 91' lang='lat' dir='ltr'><strong>in</strong></span> <span class='ocrx_word' id='word_1_194' title='bbox 478 1477 611 1512; x_wconf 85' lang='lat' dir='ltr'><strong>Novae</strong></span> <span class='ocrx_word' id='word_1_195' title='bbox 633 1475 820 1512; x_wconf 86' lang='lat' dir='ltr'><strong>ecclesiae</strong></span> <span class='ocrx_word' id='word_1_196' title='bbox 840 1488 863 1513; x_wconf 88' lang='lat' dir='ltr'><strong>a</strong></span> <span class='ocrx_word' id='word_1_197' title='bbox 883 1488 925 1512; x_wconf 93' lang='lat' dir='ltr'><strong>se</strong></span> <span class='ocrx_word' id='word_1_198' title='bbox 942 1476 984 1511; x_wconf 91' lang='lat' dir='ltr'><strong>in</strong></span> <span class='ocrx_word' id='word_1_199' title='bbox 1003 1474 1149 1525; x_wconf 86' lang='lat' dir='ltr'><strong>palatio</strong></span> <span class='ocrx_word' id='word_1_200' title='bbox 1172 1475 1365 1511; x_wconf 84' lang='lat' dir='ltr'><strong>excitatae</strong></span> <span class='ocrx_word' id='word_1_201' title='bbox 1388 1472 1489 1511; x_wconf 88' lang='lat' dir='ltr'><strong>tholi</strong></span> <span class='ocrx_word' id='word_1_202' title='bbox 1511 1480 1639 1511; x_wconf 90' lang='lat' dir='ltr'><strong>testu-</strong></span> 
     </span>
     <span class='ocr_line' id='line_1_24' title="bbox 183 1530 1639 1581; baseline 0 -14"><span class='ocrx_word' id='word_1_203' title='bbox 183 1530 276 1568; x_wconf 89' lang='lat' dir='ltr'><strong>dine</strong></span> <span class='ocrx_word' id='word_1_204' title='bbox 309 1530 455 1568; x_wconf 85' lang='lat' dir='ltr'><strong>Christi</strong></span> <span class='ocrx_word' id='word_1_205' title='bbox 489 1538 528 1567; x_wconf 88' lang='lat' dir='ltr'><strong>et</strong></span> <span class='ocrx_word' id='word_1_206' title='bbox 564 1533 797 1581; x_wconf 87' lang='lat' dir='ltr'><strong>angelorum</strong></span> <span class='ocrx_word' id='word_1_207' title='bbox 825 1533 863 1568; x_wconf 89' lang='lat' dir='ltr'><strong>ei</strong></span> <span class='ocrx_word' id='word_1_208' title='bbox 893 1530 1256 1567; x_wconf 80' lang='lat' dir='ltr'><strong>administrantium</strong></span> <span class='ocrx_word' id='word_1_209' title='bbox 1286 1530 1438 1581; x_wconf 84' lang='lat' dir='ltr'><strong>effigies</strong></span> <span class='ocrx_word' id='word_1_210' title='bbox 1465 1531 1639 1567; x_wconf 84' lang='lat' dir='ltr'><strong>Basilius</strong></span> 
     </span>
     <span class='ocr_line' id='line_1_25' title="bbox 180 1585 1642 1637; baseline -0.001 -13"><span class='ocrx_word' id='word_1_211' title='bbox 180 1586 368 1635; x_wconf 88' lang='lat' dir='ltr'><strong>Macedo,</strong></span> <span class='ocrx_word' id='word_1_212' title='bbox 398 1594 442 1624; x_wconf 90' lang='lat' dir='ltr'><strong>ut</strong></span> <span class='ocrx_word' id='word_1_213' title='bbox 460 1593 595 1624; x_wconf 85' lang='lat' dir='ltr'><strong>auctor</strong></span> <span class='ocrx_word' id='word_1_214' title='bbox 618 1594 676 1625; x_wconf 89' lang='lat' dir='ltr'><strong>est</strong></span> <span class='ocrx_word' id='word_1_215' title='bbox 690 1586 856 1624; x_wconf 88' lang='lat' dir='ltr'><strong>Photius</strong></span> <span class='ocrx_word' id='word_1_216' title='bbox 876 1588 919 1623; x_wconf 86' lang='lat' dir='ltr'><strong>in</strong></span> <span class='ocrx_word' id='word_1_217' title='bbox 937 1587 1045 1624; x_wconf 83' lang='lat' dir='ltr'><strong>illius</strong></span> <span class='ocrx_word' id='word_1_218' title='bbox 1066 1585 1340 1637; x_wconf 86' lang='lat' dir='ltr'><strong>descriptione.</strong></span> <span class='ocrx_word' id='word_1_219' title='bbox 1397 1588 1440 1622; x_wconf 91' lang='grc'><strong>111</strong></span> <span class='ocrx_word' id='word_1_220' title='bbox 1457 1599 1642 1637; x_wconf 87' lang='lat' dir='ltr'><strong>suprema</strong></span> 
     </span>
     <span class='ocr_line' id='line_1_26' title="bbox 180 1641 1641 1695; baseline -0.001 -14"><span class='ocrx_word' id='word_1_221' title='bbox 180 1657 298 1692; x_wconf 82' lang='lat' dir='ltr'><strong>vero,</strong></span> <span class='ocrx_word' id='word_1_222' title='bbox 329 1650 368 1681; x_wconf 92' lang='lat' dir='ltr'><strong>et</strong></span> <span class='ocrx_word' id='word_1_223' title='bbox 397 1656 498 1695; x_wconf 90' lang='lat' dir='ltr'><strong>quae</strong></span> <span class='ocrx_word' id='word_1_224' title='bbox 525 1650 636 1680; x_wconf 85' lang='lat' dir='ltr'><strong>extra</strong></span> <span class='ocrx_word' id='word_1_225' title='bbox 660 1645 828 1690; x_wconf 91' lang='lat' dir='ltr'><strong>eminet,</strong></span> <span class='ocrx_word' id='word_1_226' title='bbox 859 1642 1052 1694; x_wconf 88' lang='lat' dir='ltr'><strong>Sophiani</strong></span> <span class='ocrx_word' id='word_1_227' title='bbox 1072 1641 1173 1680; x_wconf 86' lang='lat' dir='ltr'><strong>tholi</strong></span> <span class='ocrx_word' id='word_1_228' title='bbox 1193 1650 1303 1693; x_wconf 88' lang='lat' dir='ltr'><strong>parte</strong></span> <span class='ocrx_word' id='word_1_229' title='bbox 1324 1643 1497 1693; x_wconf 87' lang='lat' dir='ltr'><strong>positam</strong></span> <span class='ocrx_word' id='word_1_230' title='bbox 1516 1643 1641 1682; x_wconf 77' lang='lat' dir='ltr'><strong>fuisse</strong></span> 
     </span>
     <span class='ocr_line' id='line_1_27' title="bbox 184 1673 1469 1753; baseline -0.001 -15"><span class='ocrx_word' id='word_1_231' title='bbox 184 1713 342 1738; x_wconf 86' lang='lat' dir='ltr'><strong>crucem</strong></span> <span class='ocrx_word' id='word_1_232' title='bbox 363 1713 434 1738; x_wconf 85' lang='lat' dir='ltr'><strong>seu</strong></span> <span class='ocrx_word' id='word_1_233' title='bbox 451 1696 730 1753; x_wconf 75' lang='grc' dir='ltr'><strong><em>Σιγνόχριστον</em></strong></span> <span class='ocrx_word' id='word_1_234' title='bbox 748 1673 871 1737; x_wconf 87' lang='lat' dir='ltr'><strong>tradit</strong></span> <span class='ocrx_word' id='word_1_235' title='bbox 889 1700 1138 1738; x_wconf 77' lang='lat' dir='ltr'><strong>silentiarius</strong></span> <span class='ocrx_word' id='word_1_236' title='bbox 1160 1706 1261 1750; x_wconf 84' lang='lat' dir='ltr'><strong>part.</strong></span> <span class='ocrx_word' id='word_1_237' title='bbox 1283 1701 1310 1740; x_wconf 83' lang='lat'><strong>2</strong></span> <span class='ocrx_word' id='word_1_238' title='bbox 1334 1712 1373 1737; x_wconf 85' lang='lat' dir='ltr'><strong>v.</strong></span> <span class='ocrx_word' id='word_1_239' title='bbox 1391 1700 1469 1741; x_wconf 88' lang='lat'><strong>78:</strong></span> 
     </span>
    </p>

    <p class='ocr_par' dir='ltr' id='par_1_6' title="bbox 1007 1752 1290 1808">
     <span class='ocr_line' id='line_1_28' title="bbox 1007 1752 1290 1808; baseline -0.004 -13"><span class='ocrx_word' id='word_1_240' title='bbox 1007 1752 1229 1808; x_wconf 67' lang='grc' dir='ltr'><strong><em>ἀκροτάτης</em></strong></span> <span class='ocrx_word' id='word_1_241' title='bbox 1246 1753 1290 1795; x_wconf 82' lang='grc' dir='ltr'><strong>δὲ</strong></span> 
     </span>
    </p>

    <p class='ocr_par' dir='ltr' id='par_1_7' title="bbox 404 1808 1487 1863">
     <span class='ocr_line' id='line_1_29' title="bbox 404 1808 1487 1863; baseline -0.001 -13"><span class='ocrx_word' id='word_1_242' title='bbox 404 1808 577 1860; x_wconf 85' lang='grc' dir='ltr'><strong><em>σταυρον</em></strong></span> <span class='ocrx_word' id='word_1_243' title='bbox 597 1808 701 1863; x_wconf 81' lang='grc' dir='ltr'><strong><em>υπὲρ</em></strong></span> <span class='ocrx_word' id='word_1_244' title='bbox 721 1813 906 1863; x_wconf 83' lang='grc' dir='ltr'><strong><em>κορυφῆς</em></strong></span> <span class='ocrx_word' id='word_1_245' title='bbox 927 1810 1175 1861; x_wconf 76' lang='grc' dir='ltr'><strong><em>ἐρυσίπτολιν</em></strong></span> <span class='ocrx_word' id='word_1_246' title='bbox 1193 1811 1338 1863; x_wconf 77' lang='grc' dir='ltr'><strong><em>ἔγραφε</em></strong></span> <span class='ocrx_word' id='word_1_247' title='bbox 1357 1808 1487 1862; x_wconf 76' lang='grc' dir='ltr'><strong><em>τέχνη.</em></strong></span> 
     </span>
    </p>

    <p class='ocr_par' dir='ltr' id='par_1_8' title="bbox 187 1864 1693 2876">
     <span class='ocr_line' id='line_1_30' title="bbox 299 1864 1642 1931; baseline -0.001 -25"><span class='ocrx_word' id='word_1_248' title='bbox 299 1864 368 1906; x_wconf 80' lang='grc'><strong>34.</strong></span> <span class='ocrx_word' id='word_1_249' title='bbox 425 1868 667 1904; x_wconf 84' lang='lat' dir='ltr'><strong>Immensam</strong></span> <span class='ocrx_word' id='word_1_250' title='bbox 704 1865 999 1931; x_wconf 84' lang='lat' dir='ltr'><strong>hemisphaerii</strong></span> <span class='ocrx_word' id='word_1_251' title='bbox 1033 1879 1078 1904; x_wconf 88' lang='lat' dir='ltr'><strong>ac</strong></span> <span class='ocrx_word' id='word_1_252' title='bbox 1118 1866 1356 1918; x_wconf 88' lang='lat' dir='ltr'><strong>stupendam</strong></span> <span class='ocrx_word' id='word_1_253' title='bbox 1389 1865 1642 1905; x_wconf 84' lang='lat' dir='ltr'><strong>altitudinem</strong></span> 
     </span>
     <span class='ocr_line' id='line_1_31' title="bbox 187 1915 1643 1975; baseline 0.003 -16"><span class='ocrx_word' id='word_1_254' title='bbox 187 1922 390 1975; x_wconf 88' lang='lat' dir='ltr'><strong>praedicat</strong></span> <span class='ocrx_word' id='word_1_255' title='bbox 421 1921 484 1960; x_wconf 85' lang='lat' dir='ltr'><strong>his</strong></span> <span class='ocrx_word' id='word_1_256' title='bbox 514 1923 644 1961; x_wconf 83' lang='lat' dir='ltr'><strong>verbis</strong></span> <span class='ocrx_word' id='word_1_257' title='bbox 679 1924 897 1974; x_wconf 86' lang='lat' dir='ltr'><strong>Euagrius:</strong></span> <span class='ocrx_word' id='word_1_258' title='bbox 941 1915 1067 1971; x_wconf 78' lang='grc' dir='ltr'><strong><em>θολος</em></strong></span> <span class='ocrx_word' id='word_1_259' title='bbox 1103 1922 1209 1964; x_wconf 79' lang='grc' dir='ltr'><strong><em>ἐστὶν</em></strong></span> <span class='ocrx_word' id='word_1_260' title='bbox 1243 1921 1268 1963; x_wconf 81' lang='grc' dir='ltr'>ό</span> <span class='ocrx_word' id='word_1_261' title='bbox 1296 1925 1376 1962; x_wconf 76' lang='grc' dir='ltr'><strong>τῶν</strong></span> <span class='ocrx_word' id='word_1_262' title='bbox 1411 1919 1643 1975; x_wconf 75' lang='grc' dir='ltr'><strong><em>ἆνακτόρων</em></strong></span> 
     </span>
     <span class='ocr_line' id='line_1_32' title="bbox 189 1975 1642 2032; baseline 0 -12"><span class='ocrx_word' id='word_1_263' title='bbox 189 1976 307 2030; x_wconf 85' lang='grc' dir='ltr'><strong><em>νηός,</em></strong></span> <span class='ocrx_word' id='word_1_264' title='bbox 337 1978 510 2032; x_wconf 81' lang='grc' dir='ltr'><strong><em>τέτταρσι</em></strong></span> <span class='ocrx_word' id='word_1_265' title='bbox 536 1980 840 2031; x_wconf 84' lang='grc' dir='ltr'><strong><em>μετεωριζομένη</em></strong></span> <span class='ocrx_word' id='word_1_266' title='bbox 862 1981 1049 2030; x_wconf 81' lang='grc' dir='ltr'><strong><em>ψαλίσιν,</em></strong></span> <span class='ocrx_word' id='word_1_267' title='bbox 1078 1978 1118 2027; x_wconf 77' lang='grc' dir='ltr'><strong><em>ἐς</em></strong></span> <span class='ocrx_word' id='word_1_268' title='bbox 1142 1981 1335 2020; x_wconf 77' lang='grc' dir='ltr'><strong><em>τοσοῦτον</em></strong></span> <span class='ocrx_word' id='word_1_269' title='bbox 1353 1975 1463 2029; x_wconf 85' lang='grc' dir='ltr'><strong><em>υψος</em></strong></span> <span class='ocrx_word' id='word_1_270' title='bbox 1481 1978 1642 2032; x_wconf 78' lang='grc' dir='ltr'><strong><em>ἐπαιρο-</em></strong></span> 
     </span>
     <span class='ocr_line' id='line_1_33' title="bbox 189 2032 1642 2088; baseline 0.001 -14"><span class='ocrx_word' id='word_1_271' title='bbox 189 2035 289 2088; x_wconf 84' lang='grc' dir='ltr'><strong><em>μένη</em></strong></span> <span class='ocrx_word' id='word_1_272' title='bbox 310 2051 362 2081; x_wconf 88' lang='grc' dir='ltr'><strong><em>ως</em></strong></span> <span class='ocrx_word' id='word_1_273' title='bbox 379 2034 518 2088; x_wconf 73' lang='grc' dir='ltr'><strong><em>ἔνερθε</em></strong></span> <span class='ocrx_word' id='word_1_274' title='bbox 534 2033 606 2087; x_wconf 80' lang='grc' dir='ltr'><strong>μὲν</strong></span> <span class='ocrx_word' id='word_1_275' title='bbox 623 2039 707 2083; x_wconf 88' lang='grc' dir='ltr'><strong><em>τοῖς</em></strong></span> <span class='ocrx_word' id='word_1_276' title='bbox 723 2033 943 2084; x_wconf 70' lang='grc' dir='ltr'><strong><em>ἀτενίζουσι</em></strong></span> <span class='ocrx_word' id='word_1_277' title='bbox 966 2034 1204 2086; x_wconf 80' lang='grc' dir='ltr'><strong><em>δυσέφικτον</em></strong></span> <span class='ocrx_word' id='word_1_278' title='bbox 1226 2032 1328 2075; x_wconf 80' lang='grc' dir='ltr'><strong><em>εἶναι</em></strong></span> <span class='ocrx_word' id='word_1_279' title='bbox 1349 2037 1423 2075; x_wconf 84' lang='grc' dir='ltr'><strong>τοῦ</strong></span> <span class='ocrx_word' id='word_1_280' title='bbox 1443 2049 1642 2087; x_wconf 87' lang='grc' dir='ltr'><strong><em>ημισφαι-</em></strong></span> 
     </span>
     <span class='ocr_line' id='line_1_34' title="bbox 190 2086 1642 2160; baseline 0 -28"><span class='ocrx_word' id='word_1_281' title='bbox 190 2092 281 2145; x_wconf 84' lang='grc' dir='ltr'><strong><em>ρίου</em></strong></span> <span class='ocrx_word' id='word_1_282' title='bbox 305 2086 630 2143; x_wconf 77' lang='grc' dir='ltr'><strong><em>οἷποπεράτωσιν,</em></strong></span> <span class='ocrx_word' id='word_1_283' title='bbox 669 2089 826 2144; x_wconf 89' lang='grc' dir='ltr'><strong><em>υπερθε</em></strong></span> <span class='ocrx_word' id='word_1_284' title='bbox 856 2089 899 2132; x_wconf 82' lang='grc' dir='ltr'><strong>δὲ</strong></span> <span class='ocrx_word' id='word_1_285' title='bbox 927 2107 1022 2139; x_wconf 86' lang='grc' dir='ltr'><strong><em>τους</em></strong></span> <span class='ocrx_word' id='word_1_286' title='bbox 1052 2090 1287 2160; x_wconf 77' lang='grc' dir='ltr'><strong><em>γινομένους</em></strong></span> <span class='ocrx_word' id='word_1_287' title='bbox 1310 2092 1476 2143; x_wconf 83' lang='grc' dir='ltr'><strong><em>μηδαμῆ</em></strong></span> <span class='ocrx_word' id='word_1_288' title='bbox 1501 2095 1642 2145; x_wconf 76' lang='grc' dir='ltr'><strong><em>πειρᾶ-</em></strong></span> 
     </span>
     <span class='ocr_line' id='line_1_35' title="bbox 191 2144 1693 2200; baseline -0.001 -12"><span class='ocrx_word' id='word_1_289' title='bbox 191 2153 309 2196; x_wconf 84' lang='grc' dir='ltr'><strong><em>σθαι,</em></strong></span> <span class='ocrx_word' id='word_1_290' title='bbox 338 2147 375 2187; x_wconf 79' lang='grc' dir='ltr'><strong>εἰ</strong></span> <span class='ocrx_word' id='word_1_291' title='bbox 401 2147 470 2187; x_wconf 85' lang='grc' dir='ltr'><strong><em>καὶ</em></strong></span> <span class='ocrx_word' id='word_1_292' title='bbox 499 2145 603 2200; x_wconf 76' lang='grc' dir='ltr'><strong><em>μάλα</em></strong></span> <span class='ocrx_word' id='word_1_293' title='bbox 627 2145 822 2200; x_wconf 81' lang='grc' dir='ltr'><strong><em>τολμητής</em></strong></span> <span class='ocrx_word' id='word_1_294' title='bbox 849 2163 910 2197; x_wconf 88' lang='grc' dir='ltr'><strong>τις</strong></span> <span class='ocrx_word' id='word_1_295' title='bbox 940 2148 1024 2199; x_wconf 84' lang='grc' dir='ltr'><strong><em>εἴη,</em></strong></span> <span class='ocrx_word' id='word_1_296' title='bbox 1053 2144 1299 2189; x_wconf 78' lang='grc' dir='ltr'><strong><em>ὖποκυπτειν</em></strong></span> <span class='ocrx_word' id='word_1_297' title='bbox 1325 2148 1392 2187; x_wconf 83' lang='grc' dir='ltr'><strong><em>καὶ</em></strong></span> <span class='ocrx_word' id='word_1_298' title='bbox 1421 2148 1461 2195; x_wconf 77' lang='grc' dir='ltr'><strong><em>ἐς</em></strong></span> <span class='ocrx_word' id='word_1_299' title='bbox 1478 2146 1545 2189; x_wconf 77' lang='grc' dir='ltr'><strong>τὸν</strong></span> <span class='ocrx_word' id='word_1_300' title='bbox 1562 2165 1642 2188; x_wconf 89' lang='grc' dir='ltr'><strong>πυ-</strong></span> <span class='ocrx_word' id='word_1_301' title='bbox 1688 2165 1693 2171; x_wconf 88' lang='grc'><em>·</em></span> 
     </span>
     <span class='ocr_line' id='line_1_36' title="bbox 189 2201 1642 2256; baseline -0.001 -12"><span class='ocrx_word' id='word_1_302' title='bbox 189 2203 323 2256; x_wconf 83' lang='grc' dir='ltr'><strong><em>θμένα</em></strong></span> <span class='ocrx_word' id='word_1_303' title='bbox 352 2219 423 2251; x_wconf 89' lang='grc' dir='ltr'><strong>τας</strong></span> <span class='ocrx_word' id='word_1_304' title='bbox 456 2201 572 2255; x_wconf 81' lang='grc' dir='ltr'><strong><em>ὄψεις</em></strong></span> <span class='ocrx_word' id='word_1_305' title='bbox 594 2204 884 2256; x_wconf 85' lang='grc' dir='ltr'><strong><em>παραπέμπειν.</em></strong></span> <span class='ocrx_word' id='word_1_306' title='bbox 943 2217 1032 2241; x_wconf 90' lang='lat' dir='ltr'><strong>eam</strong></span> <span class='ocrx_word' id='word_1_307' title='bbox 1054 2211 1186 2242; x_wconf 86' lang='lat' dir='ltr'><strong>autem</strong></span> <span class='ocrx_word' id='word_1_308' title='bbox 1211 2203 1461 2242; x_wconf 87' lang='lat' dir='ltr'><strong>altitudinem</strong></span> <span class='ocrx_word' id='word_1_309' title='bbox 1486 2218 1508 2242; x_wconf 91' lang='lat' dir='ltr'><strong>a</strong></span> <span class='ocrx_word' id='word_1_310' title='bbox 1526 2207 1642 2255; x_wconf 84' lang='lat' dir='ltr'><strong>pavi-</strong></span> 
     </span>
     <span class='ocr_line' id='line_1_37' title="bbox 189 2259 1642 2312; baseline 0 -14"><span class='ocrx_word' id='word_1_311' title='bbox 189 2268 325 2298; x_wconf 89' lang='lat' dir='ltr'><strong>mento</strong></span> <span class='ocrx_word' id='word_1_312' title='bbox 364 2259 415 2296; x_wconf 84' lang='lat' dir='ltr'><strong>ad</strong></span> <span class='ocrx_word' id='word_1_313' title='bbox 452 2268 628 2299; x_wconf 86' lang='lat' dir='ltr'><strong>centrum</strong></span> <span class='ocrx_word' id='word_1_314' title='bbox 653 2260 936 2312; x_wconf 80' lang='lat' dir='ltr'><strong>hemisphaerii</strong></span> <span class='ocrx_word' id='word_1_315' title='bbox 966 2274 1037 2298; x_wconf 88' lang='lat' dir='ltr'><strong>seu</strong></span> <span class='ocrx_word' id='word_1_316' title='bbox 1066 2260 1167 2299; x_wconf 84' lang='lat' dir='ltr'><strong>tholi</strong></span> <span class='ocrx_word' id='word_1_317' title='bbox 1197 2260 1373 2298; x_wconf 86' lang='lat' dir='ltr'><strong>mediam</strong></span> <span class='ocrx_word' id='word_1_318' title='bbox 1400 2261 1642 2299; x_wconf 86' lang='lat' dir='ltr'><strong>testudinem</strong></span> 
     </span>
     <span class='ocr_line' id='line_1_38' title="bbox 194 2313 1643 2385; baseline 0.003 -31"><span class='ocrx_word' id='word_1_319' title='bbox 194 2330 279 2355; x_wconf 87' lang='lat' dir='ltr'><strong>esse</strong></span> <span class='ocrx_word' id='word_1_320' title='bbox 307 2314 456 2367; x_wconf 87' lang='lat' dir='ltr'><strong>pedum</strong></span> <span class='ocrx_word' id='word_1_321' title='bbox 488 2320 567 2359; x_wconf 90' lang='lat'><strong>180</strong></span> <span class='ocrx_word' id='word_1_322' title='bbox 596 2317 717 2355; x_wconf 87' lang='lat' dir='ltr'><strong>tradit</strong></span> <span class='ocrx_word' id='word_1_323' title='bbox 733 2317 842 2355; x_wconf 89' lang='lat' dir='ltr'><strong>idem</strong></span> <span class='ocrx_word' id='word_1_324' title='bbox 865 2319 1052 2369; x_wconf 85' lang='lat' dir='ltr'><strong>scriptor.</strong></span> <span class='ocrx_word' id='word_1_325' title='bbox 1081 2315 1124 2358; x_wconf 85' lang='grc' dir='ltr'><strong>τὸ</strong></span> <span class='ocrx_word' id='word_1_326' title='bbox 1145 2316 1188 2358; x_wconf 82' lang='grc' dir='ltr'><strong>δὲ</strong></span> <span class='ocrx_word' id='word_1_327' title='bbox 1205 2314 1340 2385; x_wconf 74' lang='grc' dir='ltr'><strong><em>βάθος</em></strong></span> <span class='ocrx_word' id='word_1_328' title='bbox 1361 2313 1439 2358; x_wconf 63' lang='lat' dir='ltr'><strong>dud</strong></span> <span class='ocrx_word' id='word_1_329' title='bbox 1456 2321 1529 2358; x_wconf 83' lang='grc' dir='ltr'><strong>τοῦ</strong></span> <span class='ocrx_word' id='word_1_330' title='bbox 1549 2318 1643 2358; x_wconf 84' lang='grc' dir='ltr'><strong><em>κέν-</em></strong></span> 
     </span>
     <span class='ocr_line' id='line_1_39' title="bbox 192 2370 1643 2444; baseline 0.001 -31"><span class='ocrx_word' id='word_1_331' title='bbox 192 2388 287 2424; x_wconf 88' lang='grc' dir='ltr'><strong><em>τρου</em></strong></span> <span class='ocrx_word' id='word_1_332' title='bbox 316 2375 388 2412; x_wconf 84' lang='grc' dir='ltr'><strong>τοῦ</strong></span> <span class='ocrx_word' id='word_1_333' title='bbox 413 2371 677 2427; x_wconf 85' lang='grc' dir='ltr'><strong><em>ημισφαιρίον</em></strong></span> <span class='ocrx_word' id='word_1_334' title='bbox 699 2373 830 2427; x_wconf 82' lang='grc' dir='ltr'><strong><em>μέχρις</em></strong></span> <span class='ocrx_word' id='word_1_335' title='bbox 838 2372 1034 2444; x_wconf 79' lang='grc' dir='ltr'><strong><em>ἐδάφους</em></strong></span> <span class='ocrx_word' id='word_1_336' title='bbox 1041 2375 1180 2415; x_wconf 78' lang='grc' dir='ltr'><strong><em>ποδῶν</em></strong></span> <span class='ocrx_word' id='word_1_337' title='bbox 1206 2370 1280 2427; x_wconf 87' lang='grc' dir='ltr'><strong>ρπ’.</strong></span> <span class='ocrx_word' id='word_1_338' title='bbox 1337 2387 1468 2426; x_wconf 82' lang='lat' dir='ltr'><strong>neque</strong></span> <span class='ocrx_word' id='word_1_339' title='bbox 1487 2374 1643 2413; x_wconf 85' lang='lat' dir='ltr'><strong>dissen-</strong></span> 
     </span>
     <span class='ocr_line' id='line_1_40' title="bbox 193 2427 1643 2483; baseline 0.001 -18"><span class='ocrx_word' id='word_1_340' title='bbox 193 2431 242 2466; x_wconf 85' lang='lat' dir='ltr'><strong>tit</strong></span> <span class='ocrx_word' id='word_1_341' title='bbox 262 2432 429 2466; x_wconf 86' lang='lat' dir='ltr'><strong>Ioannes</strong></span> <span class='ocrx_word' id='word_1_342' title='bbox 447 2431 612 2468; x_wconf 85' lang='lat' dir='ltr'><strong>Gravius</strong></span> <span class='ocrx_word' id='word_1_343' title='bbox 631 2432 806 2481; x_wconf 88' lang='lat' dir='ltr'><strong>Anglus‚</strong></span> <span class='ocrx_word' id='word_1_344' title='bbox 836 2432 921 2482; x_wconf 83' lang='lat' dir='ltr'><strong>ipse</strong></span> <span class='ocrx_word' id='word_1_345' title='bbox 940 2427 1160 2483; x_wconf 77' lang='grc' dir='ltr'><strong><em>αὐτόπτης,</em></strong></span> <span class='ocrx_word' id='word_1_346' title='bbox 1188 2432 1230 2468; x_wconf 86' lang='grc'><strong>111</strong></span> <span class='ocrx_word' id='word_1_347' title='bbox 1251 2431 1494 2481; x_wconf 86' lang='lat' dir='ltr'><strong>praefatione</strong></span> <span class='ocrx_word' id='word_1_348' title='bbox 1513 2430 1563 2468; x_wconf 91' lang='lat' dir='ltr'><strong>ad</strong></span> <span class='ocrx_word' id='word_1_349' title='bbox 1579 2438 1643 2468; x_wconf 85' lang='lat' dir='ltr'><strong>ta-</strong></span> 
     </span>
     <span class='ocr_line' id='line_1_41' title="bbox 194 2484 1643 2538; baseline 0.003 -17"><span class='ocrx_word' id='word_1_350' title='bbox 194 2486 307 2522; x_wconf 86' lang='lat' dir='ltr'><strong>bulas</strong></span> <span class='ocrx_word' id='word_1_351' title='bbox 325 2484 605 2537; x_wconf 87' lang='lat' dir='ltr'><strong>geographicas</strong></span> <span class='ocrx_word' id='word_1_352' title='bbox 623 2487 928 2525; x_wconf 89' lang='lat' dir='ltr'><strong>Nassir-Eddini</strong></span> <span class='ocrx_word' id='word_1_353' title='bbox 945 2489 1112 2536; x_wconf 84' lang='lat' dir='ltr'><strong>Persae,</strong></span> <span class='ocrx_word' id='word_1_354' title='bbox 1143 2487 1316 2525; x_wconf 88' lang='lat' dir='ltr'><strong>scribens</strong></span> <span class='ocrx_word' id='word_1_355' title='bbox 1339 2489 1536 2538; x_wconf 90' lang='lat' dir='ltr'><strong>accepisse</strong></span> <span class='ocrx_word' id='word_1_356' title='bbox 1558 2501 1599 2525; x_wconf 93' lang='lat' dir='ltr'><strong>se</strong></span> <span class='ocrx_word' id='word_1_357' title='bbox 1620 2500 1643 2524; x_wconf 85' lang='lat' dir='ltr'><strong>a</strong></span> 
     </span>
     <span class='ocr_line' id='line_1_42' title="bbox 195 2541 1645 2595; baseline 0.002 -17"><span class='ocrx_word' id='word_1_358' title='bbox 195 2542 338 2578; x_wconf 89' lang='lat' dir='ltr'><strong>Turcis</strong></span> <span class='ocrx_word' id='word_1_359' title='bbox 380 2541 490 2593; x_wconf 83' lang='lat' dir='ltr'><strong>Ulug</strong></span> <span class='ocrx_word' id='word_1_360' title='bbox 522 2543 697 2594; x_wconf 77' lang='lat' dir='ltr'><strong>Beigum</strong></span> <span class='ocrx_word' id='word_1_361' title='bbox 707 2572 724 2589; x_wconf 85' lang='lat'><strong>,</strong></span> <span class='ocrx_word' id='word_1_362' title='bbox 766 2551 921 2595; x_wconf 89' lang='lat' dir='ltr'><strong>praeter</strong></span> <span class='ocrx_word' id='word_1_363' title='bbox 960 2545 1039 2582; x_wconf 88' lang='lat' dir='ltr'><strong>alia</strong></span> <span class='ocrx_word' id='word_1_364' title='bbox 1072 2546 1334 2582; x_wconf 88' lang='lat' dir='ltr'><strong>instrumenta</strong></span> <span class='ocrx_word' id='word_1_365' title='bbox 1364 2542 1645 2581; x_wconf 87' lang='lat' dir='ltr'><strong>mathematica</strong></span> 
     </span>
     <span class='ocr_line' id='line_1_43' title="bbox 199 2599 1645 2657; baseline 0.001 -23"><span class='ocrx_word' id='word_1_366' title='bbox 199 2599 473 2647; x_wconf 82' lang='lat' dir='ltr'><strong>exactissima,</strong></span> <span class='ocrx_word' id='word_1_367' title='bbox 503 2611 604 2650; x_wconf 89' lang='lat' dir='ltr'><strong>quae</strong></span> <span class='ocrx_word' id='word_1_368' title='bbox 633 2607 861 2651; x_wconf 84' lang='lat' dir='ltr'><strong>paraverat,</strong></span> <span class='ocrx_word' id='word_1_369' title='bbox 892 2601 1158 2657; x_wconf 80' lang='lat' dir='ltr'><strong>quadrantem</strong></span> <span class='ocrx_word' id='word_1_370' title='bbox 1173 2599 1390 2651; x_wconf 83' lang='lat' dir='ltr'><strong>stupendae</strong></span> <span class='ocrx_word' id='word_1_371' title='bbox 1411 2601 1528 2638; x_wconf 87' lang='lat' dir='ltr'><strong>molis</strong></span> <span class='ocrx_word' id='word_1_372' title='bbox 1549 2613 1645 2637; x_wconf 90' lang='lat' dir='ltr'><strong>con-</strong></span> 
     </span>
     <span class='ocr_line' id='line_1_44' title="bbox 199 2633 1646 2707; baseline 0.003 -18"><span class='ocrx_word' id='word_1_373' title='bbox 199 2655 412 2702; x_wconf 79' lang='lat' dir='ltr'><strong>struxisse,</strong></span> <span class='ocrx_word' id='word_1_374' title='bbox 442 2656 552 2692; x_wconf 87' lang='lat' dir='ltr'><strong>cuius</strong></span> <span class='ocrx_word' id='word_1_375' title='bbox 569 2657 708 2693; x_wconf 73' lang='lat' dir='ltr'><strong>radius</strong></span> <span class='ocrx_word' id='word_1_376' title='bbox 725 2656 974 2694; x_wconf 87' lang='lat' dir='ltr'><strong>altitudinem</strong></span> <span class='ocrx_word' id='word_1_377' title='bbox 993 2659 1140 2695; x_wconf 91' lang='lat' dir='ltr'><strong>summi</strong></span> <span class='ocrx_word' id='word_1_378' title='bbox 1147 2633 1319 2694; x_wconf 84' lang='lat' dir='ltr'><strong>fornicis</strong></span> <span class='ocrx_word' id='word_1_379' title='bbox 1340 2658 1480 2707; x_wconf 88' lang='lat' dir='ltr'><strong>templi</strong></span> <span class='ocrx_word' id='word_1_380' title='bbox 1504 2657 1546 2694; x_wconf 88' lang='lat' dir='ltr'><strong>S.</strong></span> <span class='ocrx_word' id='word_1_381' title='bbox 1569 2657 1646 2693; x_wconf 92' lang='lat' dir='ltr'><strong>So-</strong></span> 
     </span>
     <span class='ocr_line' id='line_1_45' title="bbox 200 2707 1648 2766; baseline 0.003 -22"><span class='ocrx_word' id='word_1_382' title='bbox 200 2707 318 2760; x_wconf 88' lang='lat' dir='ltr'><strong>phiae</strong></span> <span class='ocrx_word' id='word_1_383' title='bbox 342 2709 599 2763; x_wconf 87' lang='lat' dir='ltr'><strong>adaequaret.</strong></span> <span class='ocrx_word' id='word_1_384' title='bbox 626 2726 728 2763; x_wconf 86' lang='lat' dir='ltr'><strong>quae</strong></span> <span class='ocrx_word' id='word_1_385' title='bbox 746 2715 833 2759; x_wconf 70' lang='lat' dir='ltr'><strong>etsi,</strong></span> <span class='ocrx_word' id='word_1_386' title='bbox 860 2715 1010 2766; x_wconf 88' lang='lat' dir='ltr'><strong>inquit,</strong></span> <span class='ocrx_word' id='word_1_387' title='bbox 1041 2714 1150 2751; x_wconf 78' lang='lat' dir='ltr'><strong>dictu</strong></span> <span class='ocrx_word' id='word_1_388' title='bbox 1168 2712 1421 2750; x_wconf 79' lang='lat' dir='ltr'><strong>incredibilia</strong></span> <span class='ocrx_word' id='word_1_389' title='bbox 1450 2712 1569 2764; x_wconf 84' lang='lat' dir='ltr'><strong>(nam</strong></span> <span class='ocrx_word' id='word_1_390' title='bbox 1591 2718 1648 2748; x_wconf 80' lang='lat' dir='ltr'><strong>te-</strong></span> 
     </span>
     <span class='ocr_line' id='line_1_46' title="bbox 200 2764 1652 2822; baseline 0.003 -22.017"><span class='ocrx_word' id='word_1_391' title='bbox 200 2765 315 2802; x_wconf 73' lang='grc' dir='ltr'><strong><em>ςιιιᾶο</em></strong></span> <span class='ocrx_word' id='word_1_392' title='bbox 333 2764 607 2816; x_wconf 71' lang='lat' dir='ltr'><strong>hemisphaerii</strong></span> <span class='ocrx_word' id='word_1_393' title='bbox 629 2776 784 2806; x_wconf 81' lang='lat' dir='ltr'><strong>centum</strong></span> <span class='ocrx_word' id='word_1_394' title='bbox 801 2772 998 2822; x_wconf 84' lang='lat' dir='ltr'><strong>octoginta</strong></span> <span class='ocrx_word' id='word_1_395' title='bbox 1010 2770 1132 2821; x_wconf 72' lang='lat' dir='ltr'><strong>pedes</strong></span> <span class='ocrx_word' id='word_1_396' title='bbox 1150 2770 1353 2807; x_wconf 81' lang='lat' dir='ltr'><strong>Romanos</strong></span> <span class='ocrx_word' id='word_1_397' title='bbox 1375 2767 1557 2818; x_wconf 78' lang='lat' dir='ltr'><strong>superat)</strong></span> <span class='ocrx_word' id='word_1_398' title='bbox 1587 2768 1652 2804; x_wconf 82' lang='lat' dir='ltr'><strong>illi</strong></span> 
     </span>
     <span class='ocr_line' id='line_1_47' title="bbox 202 2822 1650 2876; baseline 0.002 -19"><span class='ocrx_word' id='word_1_399' title='bbox 202 2828 333 2858; x_wconf 82' lang='lat' dir='ltr'><strong>lamen</strong></span> <span class='ocrx_word' id='word_1_400' title='bbox 356 2822 596 2871; x_wconf 78' lang='lat' dir='ltr'><strong>Persasficle.</strong></span> <span class='ocrx_word' id='word_1_401' title='bbox 614 2824 755 2876; x_wconf 75' lang='lat' dir='ltr'><strong>digtws</strong></span> <span class='ocrx_word' id='word_1_402' title='bbox 774 2826 872 2864; x_wconf 75' lang='lat' dir='ltr'><strong>llaec</strong></span> <span class='ocrx_word' id='word_1_403' title='bbox 892 2827 1025 2865; x_wconf 87' lang='lat' dir='ltr'><strong>eadem</strong></span> <span class='ocrx_word' id='word_1_404' title='bbox 1048 2833 1256 2864; x_wconf 80' lang='lat' dir='ltr'><strong>narrantes</strong></span> <span class='ocrx_word' id='word_1_405' title='bbox 1276 2826 1433 2875; x_wconf 77' lang='lat' dir='ltr'><strong>saepiu-s</strong></span> <span class='ocrx_word' id='word_1_406' title='bbox 1452 2824 1592 2861; x_wconf 55' lang='lat' dir='ltr'><strong>auditf</strong></span> <span class='ocrx_word' id='word_1_407' title='bbox 1576 2838 1650 2861; x_wconf 72' lang='lat' dir='ltr'><strong>isse</strong></span> 
     </span>
    </p>
   </div>
  </div>
 </body>
</html>
