1890 3224
275 193 368 239 152
615 192 891 247 QUERCIUS
926 191 986 234 IN
1017 191 1378 235 HERACLIADIS

383 305 473 344 160.
532 303 671 338 Persas
703 295 962 352 εὐτυχοῦντας
986 301 1180 351 appellat,
1204 301 1262 337 'ut
1288 301 1330 337 in
1356 298 1547 337 iuvidiam
1574 299 1717 347 trahat,

269 361 338 412 qui
365 373 446 396 nou
473 358 615 395 virtute
645 355 744 394 duce
769 356 840 395 sed
864 359 1005 394 comite
1025 357 1183 394 fortuna
1203 355 1495 394 Chalcedonem
1510 369 1636 409 usque
1654 357 1718 395 Vi-

268 423 392 453 ctores
412 420 685 465 pervenerant.

382 472 473 511 163.
532 471 651 506 etiam
677 467 720 505 hi
749 467 826 506 duo
856 469 1001 507 senarii
1025 468 1280 506 inveniuntur
1303 470 1345 506 in
1368 467 1490 506 suida
1516 482 1555 506 v.
1581 469 1717 519 νεῦρα.

266 527 323 564 ibi
342 527 536 563 Aemilius
557 527 697 563 Portus
715 522 954 577 ἒκρεύσαντα
972 527 1088 562 vertit
1109 526 1277 575 defluere
1294 538 1364 576 pro
1383 525 1603 575 defluxisse.
1634 527 1718 561 He-

268 583 380 619 raclii
410 583 779 632 magnanimitatem
810 595 861 618 ex
891 595 936 619 eo
962 581 1098 619 laudat
1127 586 1264 632 poeta,
1297 581 1404 634 quod
1423 594 1445 618 a
1465 581 1571 618 bello
1593 581 1719 617 susci-

262 637 409 689 piendo
437 651 518 675 non
546 637 759 686 destiterit,
791 639 971 689 quamvis
1006 640 1042 675 ei
1072 639 1174 675 vires
1205 651 1286 675 non
1315 637 1542 675 viderentur
1570 650 1718 687 suppe-

263 702 346 731 tere
371 701 407 731 et
429 696 597 745 pecunia
625 696 707 731 iam
732 693 783 731 ad
807 693 940 732 hostes
959 695 1187 731 transisset:
1217 707 1311 731 nam
1328 696 1490 742 Persae,
1521 700 1566 730 ut
1584 699 1718 729 narrat

261 749 531 801 Theophanes
544 765 590 802 p.
616 750 720 799 252,
750 752 831 787 iam
852 751 899 788 ab
923 763 1024 787 anno
1044 751 1217 787 Heraclii
1239 752 1263 790 6
1288 750 1451 787 collecta
1470 750 1718 799 captivorum.

262 807 533 853 multitudine,
563 806 700 857 spoliis
728 809 847 844 etiam
875 807 1132 856 amplissimis
1158 813 1194 842 et
1218 808 1484 856 pecuniarum
1510 807 1552 842 vi
1577 817 1718 854 aspon-

263 870 348 899 tata
360 891 374 908 ‚
417 877 512 900 suas
540 865 582 900 in
607 865 839 913 provincias
865 864 1089 910 redierunt5
1141 864 1196 899 ita
1236 870 1279 899 ut
1313 863 1538 909 Heraclius,
1577 860 1717 912 eodem

262 918 511 970 Theophane
528 926 628 957 teste
639 933 686 969 p.
709 919 788 960 253
802 949 811 967 ,
842 921 884 956 in
905 932 1060 957 summa
1080 920 1232 969 argenti
1247 920 1381 970 inopia
1398 931 1567 969 magnae
1587 917 1715 954 eccle-

263 977 344 1012 siae
363 989 457 1013 vasa
477 983 515 1012 et
533 974 766 1012 candelabra
788 975 978 1013 cudendis
997 977 1171 1012 nummis
1189 977 1449 1025 usurpaverit.
1508 971 1574 1015 τὸν
1590 976 1717 1013 πλοῦ·-

261 1046 331 1071 τον
354 1028 454 1071 εἶναι
473 1029 521 1071 τοὶ
540 1034 611 1082 τῆς
633 1029 761 1082 μάχης
793 1035 916 1083 νεῦρα
944 1032 1060 1068 multi
1089 1037 1241 1068 veteres
1272 1033 1479 1082 scriptores
1514 1029 1713 1075 dixerunt,

262 1099 361 1138 quos
394 1094 571 1125 recenset
599 1088 806 1137 Menagius
834 1089 875 1124 iu
903 1089 1080 1138 Diogene
1109 1088 1241 1125 Laert.
1272 1087 1352 1124 Vit.
1378 1087 1521 1124 Bionis
1539 1085 1614 1134 48,
1645 1087 1714 1138 qui
1773 1100 1784 1110 ·

262 1141 391 1180 dicere
410 1144 562 1181 solebat
582 1140 652 1182 τόν
671 1146 845 1183 πλοῦτον
864 1146 988 1194 νεῦρα
1010 1141 1263 1195 πραγμάτων.

374 1201 468 1240 169.
528 1197 672 1237 Suidas
699 1201 742 1236 in
769 1213 808 1236 v.
841 1195 1079 1250 εὐλαβηθείς
1106 1201 1198 1235 citat
1226 1197 1333 1235 hunc
1361 1198 1563 1247 iambum,
1600 1205 1639 1235 et
1660 1204 1714 1235 «ut

205 1247 210 1255 Χ
257 1261 376 1305 puto,
406 1256 551 1292 melius
583 1268 702 1306 quam
727 1261 862 1292 noster
890 1254 1019 1291 codex
1048 1252 1169 1290 habet
1184 1250 1425 1306 ηὔλαβήθης
1448 1268 1518 1305 pro
1542 1250 1714 1305 εὖλαβή·

255 1316 348 1360 θης.
408 1313 525 1348 vertit
548 1311 742 1348 Aemilius
761 1312 926 1347 Portus:
960 1324 1039 1347 non
1057 1310 1326 1360 refirmidasti
1343 1310 1522 1347 molestos
1542 1308 1708 1347 morBos.

254 1365 328 1403 ‘sed
363 1365 595 1419 ἔνοχλοῦσαι
625 1363 741 1406 νόσοι
765 1365 831 1403 hic
853 1379 933 1403 non
954 1365 1074 1403 modo
1094 1366 1247 1403 molesti
1263 1373 1354 1403 sunt
1369 1367 1523 1414 morbi,
1555 1365 1626 1404 sed
1647 1368 1714 1403 in-

255 1423 390 1459 testini
402 1452 411 1470 ,
444 1437 496 1460 ex
515 1423 695 1460 civilibus
714 1421 886 1460 dissidiis
908 1424 1002 1470 orti,
1035 1435 1134 1474 quos
1152 1435 1308 1459 smnmo
1328 1422 1459 1460 studio
1477 1435 1712 1474 componere

255 1486 459 1516 curaverat
483 1479 710 1526 Heraclius,
741 1480 973 1530 priusquam
990 1480 1033 1515 in
1052 1478 1257 1516 Persidem
1279 1478 1543 1516 contenderet.

369 1535 463 1575 171.
521 1533 628 1571 hunc
653 1535 851 1583 iambum,
887 1536 957 1589 qui
983 1536 1024 1570 in
1055 1534 1187 1571 codice
1209 1534 1475 1582 desideratur,
1506 1535 1710 1586 supplevi-

253 1602 343 1627 mus
378 1603 431 1626 ex
458 1590 581 1628 Suida
611 1592 653 1626 in
683 1604 721 1629 v.
739 1587 868 1641 τύχη.
909 1592 1014 1627 cives
1045 1591 1273 1640 Cpolitani‘
1261 1604 1305 1626 m
1325 1591 1516 1627 factiones
1537 1590 1654 1628 divisi
1671 1597 1711 1628 et

253 1647 450 1683 intestinis
495 1645 669 1683 dissidiis
704 1644 880 1683 distracti
923 1646 1170 1683 occasionem
1209 1644 1407 1683 chosroae
1442 1647 1709 1697 praebuerunt

252 1708 297 1738 ut
314 1702 500 1739 facilius
489 1703 702 1752 imperium
719 1703 943 1739 Romanum
960 1700 1164 1738 invaderet
1183 1708 1222 1738 et
1241 1702 1289 1738 ab
1310 1703 1584 1753 Hierosolyma
1603 1704 1710 1739 vivi-

253 1758 373 1795 ficum
400 1765 557 1795 sanctae
586 1759 710 1795 crucis
737 1759 893 1808 lignum
916 1759 958 1794 in
979 1756 1186 1795 Persidem
1207 1765 1437 1808 asportaret.
1494 1756 1598 1795 hanc
1617 1758 1713 1810 qui-'

254 1813 347 1851 dem
366 1820 499 1851 tantae
524 1815 757 1851 calamitatis
785 1815 908 1851 fuisse
930 1827 1088 1851 causam
1110 1821 1376 1865 cognoverunt
1396 1815 1529 1852 statim
1549 1816 1709 1866 Byzan-

252 1871 326 1907 tini
360 1883 404 1907 ac
431 1870 528 1907 fassi
553 1877 665 1917 sunt,
696 1869 802 1921 apud
824 1883 922 1922 quos
945 1871 1080 1908 multis
1104 1872 1223 1908 etiam
1242 1877 1332 1921 post
1350 1872 1462 1908 amiis
1483 1869 1581 1908 haec
1599 1871 1707 1909 fama

250 1925 499 1977 perduravit,
530 1925 728 1978 siquidem
758 1928 805 1964 'in
838 1923 1106 1979 παραλλήλοις
1128 1927 1175 1965 S.
1197 1925 1283 1964 Ich.
1306 1928 1542 1965 Damasceni
1561 1934 1653 1964 tom.
1679 1931 1708 1970 2

245 1996 294 2032 p-
316 1982 397 2024 749
419 1980 518 2020 haec
534 1983 739 2034 leguntur:
771 1985 887 2023 τοῦτο
909 1982 976 2023 καὶ
997 1982 1097 2047 ’ἡμῖν
1118 1982 1160 2024 ἐκ
1179 1986 1261 2023 τῶν
1279 1982 1480 2035 ’ἡμετέρων
1504 1984 1707 2035 συμβέβη-

250 2052 320 2078 κεν
349 2036 662 2106 ἆμαρτήματων·
693 2037 878 2092 καύχημα
901 2039 969 2079 καὶ
990 2037 1167 2107 δόξασμα
1192 2037 1335 2086 παντὸς
1355 2038 1496 2091 γένους
1515 2042 1706 2091 Χριστια-

247 2096 335 2134 νοῖν
374 2094 398 2135 o‘
435 2091 631 2166 σωτήριος
670 2093 838 2148 σταυρὸς
874 2095 943 2135 καὶ
967 2094 996 2147 ἡ
1023 2092 1231 2162 ζωηφόρος
1264 2091 1478 2141 οἷναστασις
1506 2093 1703 2146 ὑπῆρχον,

251 2165 368 2190 ατινα
395 2149 462 2191 δια
489 2149 532 2192 τό
559 2151 830 2204 μεμιαμμένων
860 2147 1194 2204 βενετοπράσινον
1222 2166 1373 2217 ονομα,
1400 2148 1424 2191 ὃ
1449 2148 1705 2218 ἐπεθήκαμεν

250 2205 407 2255 ἑαυτοῖς
434 2207 503 2246 καὶ
532 2207 830 2274 ἐβδελύχθημεν
854 2205 936 2247 υπὸ
962 2209 1139 2260 Χριστου
1162 2209 1235 2246 τοῦ
1267 2202 1502 2274 αγιᾶσαντος
1525 2201 1632 2259 ἡμᾶς
1649 2209 1706 2261 τῷ

248 2264 351 2316 θείῳ
384 2278 506 2302 αυτου
538 2259 725 2314 ὀνόματι,
768 2264 825 2309 εἰς
856 2267 999 2331 χεῖρας
1018 2262 1299 2315 μεμιαμμένων
1326 2259 1610 2314 παρεδόθησαν
1633 2262 1704 2302 καὶ

247 2304 518 2370 ἔμιοῖνθησαν.
573 2332 619 2356 ac
643 2319 777 2370 paullo
798 2326 910 2370 post.
942 2315 1138 2370 μα’θωμεν
1260 2320 1298 2359 τί
1319 2335 1362 2359 το
1388 2319 1516 2359 αἴτιον
1539 2321 1611 2370 τῆς
1627 2333 1702 2358 κα-

246 2372 498 2427 ταλαβουσης
535 2373 663 2447 ήμᾶς
680 2371 869 2443 ἀναρχίας
900 2374 968 2414 καὶ
997 2372 1258 2428 συγχυσεως-
1306 2373 1590 2426 .ἒμολ’ὗναμεν
1624 2390 1700 2427 γαρ

246 2446 348 2483 προς
363 2435 446 2479 τοῖς
463 2432 619 2503 μυρίοις
635 2447 751 2483 ημων
781 2427 1008 2483 οἷτοπήμασι
1037 2431 1103 2471 καὶ
1134 2403 1314 2501 ἐμφυλίῳ
1331 2432 1467 2482 αἵματι
1487 2446 1562 2482 την
1582 2428 1701 2483 αγίαν

246 2485 313 2526 καὶ
335 2490 395 2552 τῷ
419 2488 537 2528 παντὶ
554 2486 690 2558 κόσμῳ
709 2488 927 2557 σεβασμίαν
950 2490 1024 2527 τοῦ
1045 2490 1150 2527 θεοῦ
1171 2487 1288 2539 ήμῶν
1306 2485 1441 2528 πόλιν·
1473 2502 1528 2533 ως
1545 2485 1612 2526 καὶ
1630 2496 1700 2537 με·

245 2528 445 2593 τανᾶστην
476 2543 667 2595 γενέσθαι
695 2540 842 2595 ταύτης
879 2559 949 2583 τον
987 2544 1119 2594 τίμιον
1151 2541 1318 2592 σταυρὸν
1341 2558 1416 2593 την
1442 2540 1547 2593 ζωήν
1569 2541 1698 2593 ημῶν.

245 2597 345 2636 haec
373 2600 523 2650 placuit
554 2601 720 2649 referre,
760 2602 853 2653 quia
883 2613 1000 2655 saepe
1027 2599 1162 2638 Pisida
1193 2599 1333 2637 eadem
1361 2605 1429 2636 aut
1458 2599 1603 2636 similia
1634 2611 1699 2636 re·-

243 2656 356 2706 petit.

357 2713 450 2753 180.
510 2714 643 2751 confer
663 2714 712 2751 de
728 2713 881 2763 Exped.
906 2714 928 2752 1
960 2712 1011 2753 51
1044 2720 1081 2749 et
1100 2726 1205 2762 seqq.

359 2770 451 2809 181.
508 2769 600 2806 vide
619 2783 742 2820 supra
763 2783 803 2807 v.
823 2772 851 2810 2
870 2775 908 2805 et
932 2767 1004 2816 14,
1033 2769 1102 2806 ubi
1121 2769 1235 2819 plura
1258 2765 1307 2804 de
1324 2768 1535 2805 Persarum
1554 2777 1697 2817 pyrso-

242 2824 376 2873 latria,
421 2837 522 2877 quae
551 2828 799 2864 occasionem
816 2838 896 2863 ‘eos
927 2823 1119 2862 irridendi
1147 2823 1328 2876 praebuit
1354 2823 1532 2861 Maximo
1557 2821 1696 2872 Tyrio,
