1890 3224
604 197 662 239 IN
692 197 918 240 BELLUM
950 195 1252 239 AVARICUM.
1554 195 1647 241 129

308 308 374 347 68.
434 305 576 344 alludit
604 304 657 343 ad
681 307 809 344 varias
836 304 1079 344 diversarum
1099 306 1278 357 gentium
1300 306 1342 343 in
1365 307 1569 356 Europam
1591 306 1649 342 ir-

198 363 419 414 ruptiones,
459 362 508 401 de
538 363 681 415 quibus
703 362 795 401 vide
816 375 935 414 supra
954 364 998 400 111
1017 363 1194 407 Monito,
1229 363 1299 400 ubi
1319 363 1572 401 observatum
1590 368 1651 398 est

197 431 335 456 omnes
357 419 542 457 barbaros
561 421 725 470 originis
745 418 955 470 Scythicae
974 419 1112 457 fuisse.
1153 419 1303 457 Abares
1325 426 1459 457 autem
1476 416 1651 469 Gepidas

197 482 236 512 et
245 475 542 527 Longobardos‚
564 478 634 528 qui
655 478 774 527 primi
791 478 935 513 Istrum
954 477 1187 513 traiecerant
1205 482 1245 513 et
1267 477 1309 512 in
1330 476 1537 513 Pannonia
1553 487 1651 511 con-

197 533 399 580 stiterant,
429 534 471 570 111
494 533 633 583 fugam
653 534 814 570 vertisse
836 539 874 569 et
890 533 977 569 loca
993 532 1042 569 ab
1061 533 1143 570 illis
1164 539 1354 584 occupata
1371 533 1448 570 sibi
1465 532 1653 568 retinuis-

197 601 253 637 se,
283 590 394 628 testis
413 596 472 627 est
490 587 720 626 Alexander
735 589 784 626 de
795 588 940 640 Legat.
960 602 1008 639 p.
1034 587 1130 629 114.

311 646 379 686 69.
436 647 510 686 τοῦ
530 644 733 698 γέροντος,
761 644 947 683 videlicet
969 644 1151 696 Scythae.
1214 645 1361 697 quippe
1378 644 1460 682 iam
1477 644 1526 681 ab
1550 656 1654 681 anno

200 702 251 740 13
274 701 431 752 imperii
451 701 629 740 Valentis
648 704 815 740 Hunnos
843 702 909 739 vel
931 700 1100 753 Scythas
1123 703 1165 739 in
1182 700 1399 739 Thraciam
1415 713 1542 752 usque
1561 713 1655 752 per-

197 757 348 794 vasisse
371 757 522 795 dictum
539 765 599 796 est
617 760 660 795 in
679 760 856 805 Ildonito,
883 771 930 796 ac
948 759 1171 796 luculenter
1190 757 1434 796 demonstrat
1453 757 1656 794 Marcelli-

198 826 273 850 nus
289 815 341 854 31
367 817 408 855 2.
464 814 570 852 iufra
593 827 633 852 v·
656 818 710 856 88
729 817 803 855 τοῦ
819 814 1003 868 γέροντος
1022 813 1200 868 ἔγγονον.

311 871 380 910 78.
438 883 578 908 sensus
600 871 742 921 opinor
760 869 827 907 hic
842 878 918 908 est.
961 884 1052 922 spes
1071 872 1187 909 nobis
1204 871 1332 908 inerat
1349 871 1528 908 Abarum
1546 882 1657 907 mor-

199 932 281 963 tem
293 954 303 974 ,
334 927 403 977 qui
421 927 494 964 sub
513 928 731 965 Iustiniano
750 928 849 978 imp.
873 933 1027 964 nostras
1044 929 1226 978 regiones
1245 933 1551 977 occupaverant,
1580 938 1656 963 no·

200 983 290 1019 stris
307 984 426 1020 malis
446 983 568 1021 finem
584 996 671 1021 esse
691 983 927 1020 allaturam:
961 982 1033 1020 sed
1048 980 1124 1034 τήν
1141 985 1221 1035 γῆν
1238 981 1426 1034 ὖφέλκων
1445 982 1487 1031 ἐξ
1505 981 1659 1032 ἐκείνης

200 1037 348 1078 εἵλκετο
361 1068 373 1088 ,
414 1041 483 1090 qui
501 1046 658 1077 mortuo
680 1041 891 1087 successit,
928 1040 1076 1076 mortui
1094 1046 1278 1077 naturam
1302 1037 1446 1076 induit.
1503 1040 1657 1076 immite

200 1107 444 1147 saevumque
459 1103 671 1147 parentum
687 1097 895 1147 ingenium
911 1094 1137 1133 traductum
1155 1102 1215 1133 est
1233 1097 1276 1133 in
1294 1095 1409 1143 filios,
1429 1096 1498 1147 qui
1516 1107 1656 1146 aeque,

200 1163 247 1187 ac
267 1151 328 1188 illi
354 1152 514 1190 barbari
540 1160 578 1190 et
604 1151 784 1190 crudeles
806 1151 950 1190 detecti
976 1158 1081 1190 sunt.
1138 1152 1241 1190 mali
1254 1153 1362 1189 enim
1381 1153 1506 1198 corvi,
1536 1158 1580 1189 ut
1600 1158 1660 1189 est

199 1208 240 1243 in
257 1209 478 1258 proverbio,
508 1208 663 1246 malum
683 1222 816 1246 ovum.

199 1319 218 1355 l
313 1266 380 1306 83.
436 1266 568 1303 simile
592 1263 696 1302 illud
715 1266 868 1302 Horatii
891 1266 1021 1315 Epi-st.
1050 1266 1073 1305 1
1107 1267 1159 1307 10
1186 1263 1264 1307 24:
1310 1271 1499 1302 naturam
1528 1264 1660 1315 expel-

215 1332 262 1356 aa
295 1327 369 1360 etc.

316 1377 385 1417 86.
445 1376 495 1414 cf.
515 1377 712 1414 Homerus
736 1376 859 1414 Iliad.
883 1379 910 1417 2
938 1375 1035 1419 488·

315 1433 385 1473 87.
443 1433 621 1470 Abarum
647 1445 772 1484 genus
806 1446 861 1470 ex
890 1431 1071 1471 adductis
1091 1432 1240 1480 causis,
1282 1431 1391 1484 quod
1417 1446 1471 1470 ex
1496 1431 1664 1485 Scythia

204 1488 473 1538 prosiluerint‚
504 1484 752 1541 ξενόσπορον
768 1487 882 1541 τέρας
895 1490 1086 1541 appellat.
1142 1489 1310 1526 fortasse
1332 1488 1385 1526 ad
1402 1490 1554 1527 formae
1574 1490 1665 1527 foe-

205 1543 370 1582 ditatem
387 1544 544 1594 alludit,
576 1544 626 1582 de
643 1558 720 1598 qua
739 1547 796 1583 sic
807 1547 1044 1584 Ammianus
1058 1545 1312 1583 Marcellinus
1325 1559 1373 1596 P·
1394 1546 1499 1587 615:
1529 1547 1666 1583 Hunni

202 1600 449 1650 spadonibus
467 1601 633 1648 similes,
663 1604 878 1653 compactis
895 1602 1248 1653 omne-sfiaemisque
1263 1601 1450 1639 membris
1471 1609 1508 1639 et
1525 1603 1666 1653 opimas·

205 1657 441 1704 cervicibus,
462 1658 719 1710 prodigiosae
726 1659 893 1710 firmae
915 1666 952 1696 et
963 1659 1116 1710 pandi,
1146 1665 1192 1696 ut
1211 1657 1368 1708 bipedes
1384 1660 1578 1697 existimes
1597 1659 1664 1695 be-

205 1715 320 1760 stias,
348 1714 414 1751 vel
429 1714 568 1766 quales·
583 1716 627 1752 in
647 1716 1013 1766 commarginandis
1026 1714 1221 1766 pontibus
1239 1715 1407 1766 effigiati
1423 1715 1574 1766 stipites
1591 1716 1664 1754 do-

206 1770 344 1807 lantur
370 1771 578 1820 incompte.
641 1783 686 1808 ac
715 1770 765 1808 de
798 1784 935 1809 eor-um
963 1772 1115 1822 origine
1147 1770 1258 1808 idem
1287 1778 1423 1809 auctor
1436 1786 1484 1822 p.
1505 1773 1585 1813 618
1608 1774 1664 1809 sic

151 1871 155 1874 .
207 1827 283 1863 ait:
313 1825 528 1877 nullusque
552 1827 668 1876 apud
690 1840 753 1864 eos
778 1828 1041 1878 interrogatus·
1058 1828 1290 1876 req-pondere
1306 1827 1413 1864 unde
1429 1829 1555 1865 orimr
1568 1835 1665 1878 pot-

208 1889 280 1928 est,
309 1881 411 1919 alibi
428 1890 653 1933 conceptus,
681 1890 878 1934 natusque
889 1882 1054 1933 procul,
1084 1889 1122 1919 et
1137 1883 1297 1934 longius
1318 1883 1519 1921 educatus.

320 1941 389 1980 88.
446 1937 538 1976 vide
552 1952 592 1976 v.
610 1941 679 1981 69.

321 1996 390 2035 89.
445 1995 703 2033 barbarorum
719 1993 1018 2032 multitudinem
1046 2001 1085 2032 et
1103 1995 1303 2033 feritatem
1321 2001 1432 2034 notat
1446 2025 1457 2044 ‚
1502 1995 1552 2034 de
1574 1999 1665 2049 qui-

209 2051 283 2088 bus
311 2050 544 2089 consulendi
571 2058 748 2089 auctores
777 2052 819 2088 in
845 2053 1004 2090 Monito
1025 2050 1193 2090 laudati.
1250 2050 1323 2090 sed
1339 2059 1513 2104 praestat
1530 2054 1665 2104 legere

210 2108 469 2145 Ammianmn
485 2109 784 2156 Marcellinum,
824 2109 895 2160 qui
923 2121 1037 2146 suam
1063 2109 1332 2146 narrationem
1358 2110 1414 2146 sic
1436 2109 1664 2147 exorditur:

210 2165 457 2202 Hunnorum
476 2179 594 2217 gens,
634 2166 896 2202 monumentis
912 2164 1106 2209 peter-ibus
1132 2164 1270 2202 leviter
1292 2172 1388 2202 nota
1512 2180 1666 2204 omnem

210 2219 557 2272 modumjeritatis
577 2222 737 2259 excedit.

323 2278 391 2317 93.
448 2279 678 2315 Franciscus
697 2279 807 2315 ForiS
830 2276 1036 2316 Otrokocsi
1054 2291 1089 2315 o.
1113 2275 1139 2318 4
1152 2293 1200 2329 Ρ
1226 2276 1306 2320 124
1333 2279 1376 2315 in
1401 2279 1484 2315 suis
1510 2279 1666 2316 Hunnis

212 2322 539 2371 commendandis
562 2347 720 2385 semper
747 2333 918 2385 diligens
946 2341 985 2371 et
1015 2333 1215 2372 studiosus
1239 2332 1398 2372 Athilae
1426 2336 1664 2401 convivium,

212 2387 262 2426 de
285 2402 362 2441 quo
379 2391 536 2428 Priscus
557 2391 601 2427 in
615 2391 802 2441 Excerpt.
821 2391 966 2442 Legat.
982 2405 1030 2441 p.
1054 2392 1130 2438 67,
1176 2404 1267 2428 cum
1295 2392 1458 2429 Assueri
1484 2392 1664 2429 convivio

211 2458 291 2482 non
311 2444 465 2484 dubitat
482 2459 722 2498 comparare.
780 2447 926 2484 exinde
947 2454 1080 2484 autem
1101 2446 1341 2498 Scytharum
1364 2449 1666 2499 temperantiam

212 2501 435 2540 immodicis
474 2502 586 2540 effert
621 2501 820 2540 laudibus.
878 2517 1017 2541 verum
1050 2505 1279 2541 meminisse
1316 2516 1408 2541 eum
1449 2505 1665 2555 oportebat,

214 2555 294 2594 dici
322 2559 483 2597 solitum
517 2558 566 2596 de
603 2560 651 2597 iis
688 2560 756 2611 qui
795 2561 1122 2611 intemperantius
1157 2561 1250 2597 vino
1286 2558 1496 2611 indulgent
1510 2590 1520 2610 ‚
1570 2573 1667 2601 σκυ-

212 2617 391 2654 θοπιεῑν.

324 2670 393 2711 94.
451 2672 621 2722 primam
640 2672 817 2710 Abarum
838 2672 1020 2710 Heraclio
1052 2679 1241 2724 regnante
1271 2679 1405 2710 contra
1428 2673 1585 2723 Cpolim
1610 2673 1664 2708 ir-

217 2726 438 2776 ruptionem
456 2741 614 2766 narrare
638 2728 879 2779 aggreditur.
936 2731 1049 2780 plura
1077 2728 1126 2766 de
1155 2727 1230 2766 hac
1246 2741 1289 2766 re
1308 2731 1349 2766 111
1370 2727 1562 2766 Chronico
1586 2730 1664 2764 Pa-

216 2780 341 2818 schali
355 2797 400 2832 Ρ.
427 2785 526 2832 889,
557 2786 599 2821 111
619 2783 868 2835 Theophane
888 2799 932 2835 p
956 2786 1052 2833 252,
1083 2783 1363 2836 inNicephoro
1391 2786 1524 2834 Comp.
1549 2785 1660 2820 llis-t

209 2850 256 2885 p-
283 2840 322 2886 9,
354 2852 398 2876 ac
420 2846 508 2890 post
530 2854 597 2878 eos
619 2842 659 2877 in
674 2840 910 2892 Cedrenop.
935 2841 1029 2891 408,
1062 2848 1099 2879 et
1115 2842 1156 2878 in
1172 2842 1342 2879 Baronio
1364 2840 1414 2878 ad
1436 2841 1553 2877 finem
1572 2842 1664 2877 anni
