1838 3210
515 178 856 224 DESCRIPTIO
887 177 932 223 S.
965 175 1218 222 SOPHIAE.
1526 173 1591 221 77

137 288 352 348 μεσαῦλιον
377 288 486 329 enim
506 293 581 343 τῆς
603 287 774 344 μεγάλης
795 287 1004 341 ἐκκλησίας
1027 287 1169 326 dicitur
1189 284 1429 338 Theophani
1452 292 1491 323 et
1515 287 1593 324 Ce-

139 350 261 389 dreno
293 350 436 387 atrium
449 377 460 396 ‚
491 346 598 400 quod
628 342 730 398 αὐλή
757 347 896 384 ceteris
920 345 1188 396 scriptoribus.
1247 344 1375 382 Gloss.
1406 345 1494 380 Lat.
1525 343 1592 380 Gr.

136 409 286 445 atrium
306 401 532 458 μεσαύλιον.
586 403 776 442 Paulinus
796 404 887 440 Nat.
909 403 963 444 10
984 401 1034 440 de
1052 403 1172 441 variis
1194 399 1388 439 eiusmodi
1406 401 1593 438 atriorum

138 463 336 502 aditibus:

353 516 529 555 basilicis
541 515 640 553 haec
656 516 794 561 iuncta
812 513 938 552 tribus
949 520 1063 564 patet
1078 527 1174 551 area
1189 514 1342 551 cunctis
1340 540 1360 559 ,

356 575 603 624 diversosque
621 571 755 609 aditus
777 585 823 608 ex
840 584 918 608 uno
933 570 1083 620 pandit
1104 570 1164 608 ad
1181 583 1332 616 omnes,

353 638 474 681 atque
494 629 628 667 itidem
647 629 798 679 gremio
819 628 991 665 diversos
1007 628 1151 677 excepit
1170 640 1249 664 uno

355 700 383 725 a
403 685 530 724 tribus
547 699 735 738 egressos,
763 685 891 722 medio
911 684 1086 734 spatiosa
1102 684 1261 734 pavito.

137 741 353 794 Procopius
379 744 501 794 igitur
531 744 554 782 1
584 742 611 783 4
641 740 691 778 de
722 739 820 779 aede
850 741 926 778 SS.
944 740 1076 791 Sergii
1099 747 1138 778 et
1160 737 1334 778 Bacchi:
1364 735 1430 778 ἐπὶ
1454 737 1594 787 κοινῆς
1617 738 1646 772 Ρ
1668 738 1737 775 537

139 796 184 839 δὲ
211 795 440 850 προπύλαια
467 794 621 845 πάντα,
650 794 680 849 ἥ
703 811 744 837 τε
764 792 867 848 αὔλή
891 795 960 836 καὶ
982 796 1171 848 μέσαυλοι
1188 792 1339 848 θύραι,
1370 800 1409 831 et
1438 793 1463 835 5
1491 795 1517 834 6
1547 791 1597 830 de

139 856 290 906 templo
309 854 688 905 Hierosolymitano:
719 849 848 904 θύραι
871 851 1058 903 μέσαυλοι
1077 852 1327 904 ἱεροπρεπεῖς
1348 847 1476 897 οὕτως
1498 845 1598 889 ὥστε

140 907 342 964 μηνύουσι
365 915 448 958 τοῖς
475 906 552 951 ἕσώ
584 909 718 950 ιὀῦσιν
749 907 876 962 ὁποίῳ
897 906 991 948 ποτὲ
1011 903 1186 960 θεάματι
1205 907 1381 960 ἐντυχεῖν
1401 906 1597 958 μέλλουσι.

139 980 238 1005 mox
258 966 413 1005 subdit:
440 963 669 1018 προπύλαια
695 964 738 1006 δὲ
763 962 807 1006 τὸ
831 964 998 1006 ἐνθένδε
1015 962 1224 1016 θαυμάσια
1245 960 1334 1012 οἷα,
1363 964 1432 1002 καί
1453 977 1510 1009 τις
1529 961 1595 1002 ἐπὶ

139 1020 290 1064 κιόνων
311 1025 426 1064 δυοῖν
445 1021 686 1074 ἐπαιρομένη
709 1017 811 1073 ἁψὶς
831 1021 870 1069 ἐς
893 1019 1051 1072 ἄφατον
1069 1018 1191 1071 ὕψος.
1249 1033 1301 1058 ex
1321 1020 1463 1072 quibus
1487 1025 1596 1070 patet

142 1079 252 1118 aliud
274 1093 359 1118 esse
382 1075 509 1130 αὐλήν
529 1078 639 1116 aliud
654 1075 920 1129 προπύλαιον.·
954 1079 1045 1115 aula
1065 1079 1173 1115 enim
1191 1076 1335 1115 dicitur
1351 1077 1497 1114 atrium
1516 1076 1596 1111 im-

140 1137 324 1188 pluvium
348 1136 563 1188 porticibus
592 1134 900 1183 circumdatum,
928 1135 1188 1186 propylaeum
1210 1147 1299 1172 vero
1320 1134 1430 1171 frons
1455 1145 1500 1168 ac
1524 1145 1597 1169 ve-

141 1193 333 1231 stibulum
351 1193 492 1244 templi
508 1192 605 1240 fuit,
633 1191 740 1244 quod
758 1189 1048 1242 προτεμὲνισμα
1064 1198 1179 1228 vocat
1197 1192 1370 1228 Zonaras
1388 1191 1429 1226 in
1448 1190 1596 1228 can.66

141 1250 404 1298 Trullanum,
434 1256 479 1286 ut
498 1255 537 1286 et
556 1247 749 1300 Agathias
769 1248 839 1286 lib.
859 1247 885 1288 5
899 1277 910 1296 ‚
940 1254 979 1285 et
997 1245 1163 1285 Photius
1182 1248 1224 1284 in
1245 1246 1507 1297 descriptione
1521 1257 1598 1281 no-

140 1318 215 1344 vae
238 1307 426 1344 ecclesiae
447 1318 470 1342 a
485 1306 634 1343 Basilio
652 1303 868 1342 Macedone
885 1311 1107 1342 exstructae
1130 1305 1172 1341 in
1193 1304 1361 1354 palatio,
1391 1302 1461 1339 ubi
1484 1303 1598 1339 istius

141 1361 252 1400 aedis
280 1362 538 1416 προπυλαίων
565 1362 806 1412 elegantiam
827 1360 1032 1409 describit,
1063 1368 1108 1398 ut
1131 1359 1241 1398 aedis
1262 1360 1455 1412 Tyr-ensis
1471 1359 1602 1395 Euse-

141 1419 232 1456 bius
259 1420 312 1459 10
339 1417 380 1459 4.
439 1418 568 1456 Gloss.
590 1418 659 1455 Gr.
682 1430 744 1455 ms
766 1430 819 1455 ex
832 1417 931 1455 bibl.
951 1419 1050 1468 Reg.
1069 1417 1408 1468 προτεμενίσματα
1436 1410 1601 1467 προπύ-

142 1478 247 1515 λαια.
303 1475 369 1513 vel
397 1475 518 1511 etiam
543 1474 806 1526 propylaeum
822 1475 899 1511 fuit
914 1474 984 1511 ille
1003 1474 1168 1512 forsitan
1190 1486 1301 1511 arcus
1324 1486 1396 1511 seu
1418 1472 1602 1508 excelsus

142 1532 299 1579 fornix,
333 1529 382 1568 de
402 1543 480 1583 quo
496 1531 712 1581 Procopius
731 1531 820 1568 loco
840 1531 1023 1580 proxime
1042 1529 1203 1567 laudato
1217 1558 1227 1578 ,
1251 1542 1372 1581 quem
1394 1541 1506 1566 arcus
1525 1540 1603 1564 no-

142 1589 250 1625 mine
282 1586 403 1625 donat
424 1588 507 1624 Leo
532 1587 723 1624 Ostiensis
749 1588 775 1626 3
805 1587 884 1626 27:
914 1585 1152 1623 vestibulum
1177 1593 1310 1622 autem
1330 1585 1515 1622 eeclesiae
1531 1598 1603 1621 su-

136 1658 261 1695 perne
290 1643 449 1695 quidem
471 1642 577 1694 ficit
602 1644 754 1680 musivo
771 1641 1044 1692 pulcherrimo
1074 1656 1166 1679 cum
1194 1641 1368 1679 arcubus
1399 1642 1577 1678 decorari
1584 1656 1602 1687 ,-

143 1708 184 1738 et
206 1701 334 1738 infra:
363 1713 484 1737 arcus
505 1699 677 1736 eiusdem
703 1697 890 1737 vestibuli
908 1698 1056 1750 defiris
1082 1699 1235 1736 musivo
1253 1698 1513 1736 nihilominus
1534 1711 1603 1734 ve—

143 1758 276 1794 stiens.
337 1757 394 1794 sic
410 1769 490 1793 non
507 1756 632 1793 semel
651 1756 895 1792 Anastasius.
951 1757 1007 1792 ita
1034 1768 1151 1806 porro
1172 1751 1305 1806 ἁψῖδα
1322 1757 1602 1805 interpretatur

144 1815 320 1850 Zonaras
348 1814 391 1849 in
420 1824 559 1848 canon.
586 1811 640 1851 46
666 1812 803 1848 concil.
833 1810 1043 1861 Carthag.:
1071 1808 1118 1850 vo*
1146 1808 1222 1863 γιὶρ
1247 1808 1327 1862 πρό
1352 1814 1424 1861 τῆς
1450 1807 1602 1860 ἁψῖδος

144 1866 224 1922 ned
242 1871 316 1908 τοῦ
331 1867 584 1920 προπυλαίου
599 1867 717 1906 ἐστίν.
774 1865 881 1903 unde
899 1880 990 1903 cum
1006 1868 1047 1903 in
1065 1866 1216 1918 synodo
1235 1879 1282 1903 111
1301 1865 1601 1916 Carthaginensi

146 1938 234 1963 can.
252 1927 306 1965 23
326 1931 506 1972 cavetur,
535 1929 580 1960 ut
597 1924 667 1972 iis,
699 1936 867 1975 quorum
887 1925 1051 1960 crimina
1069 1923 1228 1974 publica
1245 1930 1356 1971 sunt,
1386 1930 1478 1959 ante
1493 1921 1603 1959 absi-

146 1981 234 2019 dem
263 1993 405 2018 manus
432 1981 678 2031 imponatur,
707 1978 751 2016 id
774 1979 932 2017 videtur
951 1978 1256 2030 intelligendum
1281 1978 1330 2016 de
1353 1978 1488 2016 abside
1506 1991 1602 2015 nar-

145 2037 296 2085 thecis,
333 2037 403 2074 ubi
434 2036 697 2074 consistebant
728 2038 998 2086 paenitentes,
1039 2049 1121 2074 non
1158 2049 1253 2073 vero
1285 2034 1334 2072 de
1365 2035 1501 2073 absida
1530 2048 1602 2072 seu

148 2092 299 2132 concha
329 2094 487 2141 altaris,
518 2091 568 2130 de
601 2105 679 2144 qua
710 2105 872 2143 agemus
901 2094 943 2129 in
970 2092 1250 2144 sequentibus3
1292 2105 1413 2144 quem
1439 2090 1603 2143 quidem

147 2163 341 2188 canonem
357 2148 522 2187 laudant
538 2149 779 2200 Capitularia
797 2150 928 2187 Caroli
943 2150 1080 2200 Magni
1095 2149 1166 2186 lib.
1182 2148 1207 2189 5
1227 2161 1260 2186 c.
1279 2148 1332 2190 53
1354 2155 1393 2186 et
1410 2150 1603 2185 Hincma-

146 2220 213 2245 rus
230 2207 438 2244 Remensis
459 2204 508 2243 de
527 2206 657 2244 Gestis
676 2204 822 2243 habitis
845 2220 917 2257 pro
940 2205 1108 2243 divortio
1135 2203 1427 2256 Thietbergae3
1458 2205 1603 2256 quibus

148 2261 401 2314 adiungenda
426 2268 516 2300 sunt
540 2275 641 2315 quae
661 2260 782 2300 habet
802 2261 1112 2313 Chrodegangus
1130 2262 1319 2299 Metensis
1337 2262 1543 2313 episcopus
1561 2262 1604 2298 in

146 2320 300 2370 Regula
332 2332 471 2356 canon.
495 2315 528 2356 c‘.
549 2320 616 2360 30.
677 2318 784 2371 quod
813 2332 905 2357 vero
935 2318 1043 2356 absis
1068 2316 1133 2357 his
1162 2319 1416 2371 scriptoribus
1446 2317 1601 2367 dicitur,

145 2389 285 2413 areum
308 2382 420 2414 vocat
437 2376 629 2413 Paulinus
649 2377 762 2427 epist.
789 2379 862 2416 12:

363 2431 475 2469 alma
493 2432 632 2470 domus
650 2431 801 2482 triplici
808 2438 925 2482 patet
939 2429 1251 2482 ingredientibus
1267 2444 1380 2469 arcu.

145 2487 273 2524 infra:

365 2545 587 2595 tergeminis
603 2545 788 2595 geminae
794 2550 1014 2594 patuerunt
1029 2542 1204 2581 arcubus
1220 2543 1353 2582 aulae.

150 2605 335 2649 quattuor
355 2598 524 2652 denique
543 2602 758 2652 porticibus
779 2601 920 2638 ambiri
939 2601 1083 2638 atrium
1105 2598 1357 2651 Sophianum
1380 2599 1514 2638 scribit
1537 2598 1604 2635 Si-

149 2655 367 2703 lentiarius,
387 2656 725 2707 quemadmodum
743 2656 852 2695 aedis
871 2658 971 2708 Tyri
989 2658 1133 2693 atrium
1151 2656 1346 2694 Eusebius
1358 2659 1460 2693 Hist.
1478 2657 1525 2694 10
1555 2654 1602 2693 4:

147 2707 197 2750 τοὶ
213 2712 294 2750 τῶν
309 2708 478 2763 πρώτων
498 2710 667 2754 εἰσόδων
682 2713 856 2767 τέτταρσι
878 2711 951 2764 μὲν
969 2711 1082 2767 πέριξ
1099 2713 1320 2766 ἐγκαρσίαις
1338 2708 1604 2759 κατεκόσμησε

149 2770 306 2815 στοαῖς,
337 2767 392 2814 εἰς
420 2766 666 2822 τετράγωνον
696 2767 944 2822 περιφράξας
965 2766 1032 2810 τὸν
1051 2766 1178 2809 τόπον
1198 2770 1329 2809 κίοσιν
1348 2761 1604 2816 πανταχόθεν

149 2821 440 2877 ἔπαιρομὲναις.
495 2826 661 2875 Latinis,
690 2828 749 2864 uti
766 2839 863 2864 mox
879 2828 1006 2876 innui,
1036 2824 1231 2864 eiusmodi
1246 2825 1453 2876 impluvia,
1483 2828 1601 2874 quat-
