1890 3224
606 144 864 208 PERsmAE
895 163 1168 208 AGROASIN
1201 163 1235 208 1.
1274 168 1282 217 1
1584 166 1650 214 99

199 280 243 312 ut
259 274 382 312 nostri
400 278 539 326 poetae
560 277 770 314 auctoritas
787 276 856 315 fiat
875 276 1023 315 firmior
1042 283 1081 315 et
1098 288 1238 316 sensus
1254 275 1383 328 magis
1401 278 1645 329 perspicuus.

198 328 334 382 λαβών
351 329 395 371 δὲ
417 329 438 372 ὅ
455 330 639 384 βασιλεῦς
658 332 703 374 ἐν
722 332 857 387 χερσὶν
873 332 949 386 τήν
968 331 1218 388 θεανδρικὴν
1235 330 1423 388 μορφήν,
1451 330 1505 385 ἢν
1522 338 1647 388 χεῖρες

199 383 275 427 οὐκ
309 386 490 441 ἔγραψαν
498 418 510 439 ,
540 385 631 429 ἄλλ’
660 389 703 431 ἒν
735 386 862 431 ἐἰκόνι
894 389 920 433 ὅ
939 386 1079 431 ’πάντα
1108 393 1279 444 μορφαῖν
1303 389 1373 431 καὶ
1395 387 1646 431 §canadam

197 439 316 496 λόγος
342 441 440 484 ἄνευ
466 448 626 499 γραφῆς
653 443 886 499 μόρφωσιν,
918 445 973 495 οἷς
1002 445 1098 488 ἄνευ
1126 450 1279 499 σπορᾶς
1297 444 1444 499 κύησιν
1464 444 1644 501 ἤνεγκεν.

197 501 252 537 ita
281 498 551 552 Theophanes
568 516 617 553 p.
647 502 746 543 254.
802 502 951 542 videsis
980 503 1178 542 Hexae'm.
1213 504 1343 552 1160,
1385 504 1454 542 ubi
1480 505 1647 556 virghiis

197 557 466 596 sanctissimae
490 550 650 610 partum
669 571 721 596 ex
738 559 920 598 fabuloso
937 560 1141 599 vulturum
1159 567 1274 613 partu
1297 561 1384 598 sine
1403 561 1555 598 semine
1573 574 1647 598 ve-

196 613 462 652 risimiliorem
484 615 598 653 nobis
617 615 748 653 facere
771 615 970 655 contendit
988 616 1137 656 Pisida.

309 669 403 711 148.
459 672 502 708 in
525 671 612 710 cod.
632 671 758 724 μένοι.

311 724 405 767 149.
460 726 753 779 phantasiastae
790 727 981 768 haeretici
1018 743 1071 769 ex
1108 728 1447 784 Eutychianorum
1476 731 1648 779 familia,

197 779 290 819 dic'ti
321 784 441 821 etiam
465 785 693 823 Iulianistae
720 787 769 824 ab
796 787 949 825 Iuliano
979 788 1336 838 Halicamassensi,
1366 790 1435 840 qui
1454 788 1556 826 falsa
1576 802 1647 826 eo-

196 851 284 875 rum
312 837 497 890 dog-mata
527 844 789 893 excogitavit,
830 850 869 880 et
896 844 1101 882 Gaianitae
1130 858 1153 882 a
1180 846 1332 882 Gaiano
1358 843 1649 893 Alexandrino,

194 896 264 946 qui
291 895 491 934 Iulianum
517 905 675 936 secutus
703 905 785 948 est,
826 897 973 937 Christi
998 914 1139 952 corpus
1168 914 1191 938 a
1216 907 1419 939 momento
1447 901 1648 951 imPolluti

193 958 402 1002 conceptus
429 966 511 991 non
539 955 671 992 solum
698 956 996 1006 incorruptibile
1019 970 1104 994 esse
1122 971 1262 995 verum
1284 959 1403 995 etiam
1430 959 1651 994 increatum

192 1005 472 1059 adfirmabant,
502 1017 547 1047 ut
575 1013 630 1048 ait
658 1008 897 1049 Timotheus
919 1012 968 1050 de
989 1014 1115 1051 Sectis»-
1138 1013 1246 1066 apud
1269 1014 1510 1052 Cotelerium
1526 1015 1645 1050 Mon.
1683 1035 1686 1039 ·

190 1063 303 1101 Eeel.
337 1065 481 1105 Graec.
505 1073 598 1104 tom.
621 1069 647 1108 3
662 1081 711 1118 p.
736 1067 835 1108 410.

306 1130 398 1172 150.
455 1128 727 1182 Theophanes
765 1133 916 1170 ibidem
958 1136 1028 1175 καὶ
1066 1132 1196 1191 τούτῳ
1230 1134 1442 1186 πεποιθώς
1467 1140 1526 1192 τῷ
1547 1141 1649 1178 θεο-

188 1181 330 1242 γροέφῳ
345 1182 458 1242 τύπῳ
476 1183 685 1242 οἷπήρξατο
703 1190 784 1228 τῶν
801 1184 983 1242 ἆγῶνων.

302 1253 397 1296 155.
454 1253 567 1291 idem
590 1254 742 1292 ibidem
769 1256 1000 1294 Heraclium
1027 1257 1141 1308 Cpoli
1160 1259 1386 1309 profectum
1403 1261 1446 1296 in
1464 1261 1646 1298 Ciliciam

188 1312 414 1360 pervenisse
446 1310 586 1359 tradit,
612 1310 685 1349 sed
709 1311 866 1349 nullam
895 1310 944 1350 de
971 1320 1228 1367 tempestate,
1259 1328 1381 1368 quam
1405 1315 1543 1354 Pisida
1571 1316 1646 1354 de-

185 1366 320 1404 scribit
331 1396 341 1415 ,
371 1369 618 1406 mentionem
637 1368 746 1406 facit.

301 1434 396 1476 157.
456 1435 506 1474 de
535 1438 690 1475 Heraeo
722 1439 1010 1489 promontorio,
1048 1436 1158 1491 quod
1187 1437 1240 1476 ad
1271 1438 1482 1477 meridiem
1508 1448 1645 1479 contra

186 1490 481 1530 Chalcedonem
500 1500 596 1542 erat,
624 1494 741 1544 plura
759 1496 803 1531 in
820 1496 938 1533 Petro
960 1495 1094 1546 Gyllio
1112 1495 1162 1532 de
1177 1495 1332 1546 Bosph.
1364 1496 1508 1534 Thrae.
1530 1497 1601 1535 lib.
1617 1501 1644 1539 3

187 1563 221 1587 c.
245 1551 274 1589 2
307 1555 346 1585 et
371 1550 416 1586 in
440 1550 671 1601 Du-Cangii
706 1551 778 1600 Cp.
819 1551 962 1588 Christ.
996 1550 1067 1588 lib.
1094 1551 1121 1591 4
1137 1566 1186 1602 p.
1212 1553 1308 1592 176.
1367 1552 1475 1604 quod
1498 1552 1551 1590 ad
1573 1566 1651 1591 nos

185 1605 342 1653 attinet,
381 1618 435 1643 ex
459 1604 596 1643 Pisida
626 1606 925 1645 observabimus
953 1608 1130 1659 primum
1152 1606 1247 1645 huic
1270 1611 1541 1659 promontorio
1568 1623 1649 1647 no·-

182 1674 278 1699 men
296 1674 434 1699 revera
453 1662 577 1700 fuisse
595 1660 780 1716 Ἡραίαν,
809 1676 892 1700 non
908 1662 1092 1716 Ἡραῖον,
1122 1670 1167 1701 ut
1185 1676 1208 1701 a
1227 1663 1468 1716 quibusdam
1486 1667 1648 1704 Graecis

182 1719 382 1756 invenitur
409 1719 677 1770 appellatum3
714 1718 890 1757 secundo
919 1721 976 1757 ita
997 1720 1123 1757 fuisse
1151 1718 1302 1757 dictum
1330 1734 1376 1758 eo
1407 1721 1517 1772 quod
1548 1723 1649 1761 olim.

169 1769 299 1827 ἽΙρας
335 1774 503 1812 Iunonis
542 1773 641 1812 aede
678 1782 781 1813 esset
814 1777 995 1826 insigne,
1038 1775 1083 1812 id
1110 1774 1219 1827 quod
1251 1777 1374 1813 etiam
1401 1777 1575 1816 Codinus
1602 1781 1646 1816 in

183 1829 329 1882 Antiq.
352 1830 463 1880 spol.
479 1829 707 1879 admonuit3
732 1830 902 1883 denique
923 1832 1155 1869 Heraclium
1176 1833 1322 1869 Heraei
1338 1833 1551 1883 profanum
1568 1847 1648 1872 no-

182 1899 278 1924 men
304 1888 348 1924 in
378 1885 489 1924 aliud
516 1885 740 1925 Christiana
768 1888 915 1938 pietate
944 1888 1099 1925 illustre
1129 1894 1415 1937 commutasse,
1460 1892 1645 1941 quamvis

182 1955 286 1994 quae
315 1943 436 1981 fuerit
462 1956 566 1981 nova
591 1944 671 1981 loci
701 1942 970 1981 denominatio
1003 1957 1056 1981 ex
1082 1944 1258 1982 Heraclii
1286 1946 1527 1997 praescripto
1561 1960 1643 1984 non

182 2006 346 2040 constet.
405 1998 458 2037 ad
475 2012 616 2038 vocem
631 1999 796 2054 Ἡραίας
816 2001 958 2052 supple
979 1997 1115 2052 ἄκρης.

293 2067 390 2108 161.
447 2065 607 2120 πλάνην
621 2066 708 2117 hic,
738 2074 783 2105 ut
799 2081 940 2119 supra,
970 2067 1239 2106 idololatriam
1253 2075 1383 2106 vocat.
1441 2067 1643 2121 quomodo

181 2130 315 2161 autem
337 2125 482 2162 Heraei
501 2126 818 2176 promontorium
836 2126 968 2162 vocari
987 2126 1168 2174 iusserit,
1209 2137 1380 2177 quamve
1405 2126 1642 2176 religionem

180 2181 224 2216 in
244 2193 290 2217 eo
312 2182 575 2231 constituerit,
605 2183 810 2219 neminem
835 2180 1058 2233 prodidisse
1081 2181 1275 2230 mirabar,
1307 2195 1398 2219 cum
1417 2181 1555 2219 Pisida
1575 2181 1643 2220 di-

181 2242 245 2273 cat
277 2249 450 2287 poenam
482 2250 567 2275 esse
600 2238 750 2277 laturos
781 2239 850 2290 qui
880 2245 1034 2276 tantam
1063 2251 1150 2275 rem
1177 2238 1335 2276 silentio
1364 2240 1641 2289 praeterirent.

180 2299 300 2345 atque
319 2306 365 2330 eo
381 2294 554 2332 mirabar
569 2296 718 2346 magis,
749 2293 857 2347 quod
882 2296 966 2332 iam
984 2300 1074 2332 ante
1091 2295 1322 2333 Heraclium
1338 2294 1469 2333 fuerat
1492 2296 1639 2333 Hel-aei

180 2351 496 2400 promontorium
524 2363 548 2388 a
575 2351 735 2389 Graecis
764 2350 816 2388 ad
843 2350 1109 2395 Christianam
1138 2352 1374 2403 religionem
1412 2350 1642 2391 deflexum:

178 2418 273 2443 nam
308 2407 429 2444 etiam
460 2408 644 2458 Procopii
680 2414 880 2459 tempore,
919 2415 965 2446 ut
1000 2410 1087 2460 ipse
1117 2414 1285 2447 testatur
1309 2408 1359 2445 de
1382 2408 1526 2459 Aedff.
1559 2410 1583 2449 1
1607 2411 1639 2457 3

177 2462 324 2515 ἰερεῖον
357 2465 490 2502 vocari
524 2471 719 2516 coeperat.
788 2460 866 2505 κᾶν
898 2463 1153 2520 ’τῷ-Ἡραίῳ,
1201 2460 1262 2506 ὅτι
1289 2462 1444 2518 Ἱερεῖον
1471 2467 1640 2507 καλοῦσι

175 2515 224 2557 τοὶ
247 2520 342 2560 νῦν.

294 2588 389 2627 167.
445 2588 556 2627 iuvat
575 2587 642 2627 hic
663 2595 841 2641 repetere
862 2588 929 2627 vel
950 2588 1248 2640 subintelligere
1269 2601 1450 2638 versum,
1480 2590 1550 2642 qui
1569 2601 1640 2627 su·-

179 2654 252 2693 pra
285 2648 344 2680 est
373 2642 511 2682 ordine
543 2647 649 2686 101:
695 2645 727 2698 ἦ
763 2647 844 2686 τῶν
882 2647 1016 2685 καλῶν
1054 2657 1128 2686 σου
1164 2642 1385 2698 τερπνότης
1421 2641 1639 2699 α’πήγαγεν.

180 2702 299 2749 poeta
325 2698 527 2750 alludens,
556 2709 601 2739 ut
626 2714 745 2754 saepe
777 2702 897 2750 alibi,
927 2699 979 2739 ad
1005 2715 1142 2740 cursus
1163 2702 1387 2751 Circenses,
1416 2703 1473 2740 ait
1492 2702 1569 2740 sibi
1584 2701 1639 2738 ti-

179 2753 372 2793 mendum
399 2769 451 2794 ne
479 2756 577 2795 dum
596 2760 721 2797 nimio
740 2760 868 2811 spatio
889 2759 1028 2810 procul
1049 2771 1072 2796 a
1088 2764 1196 2796 meta
1214 2765 1400 2809 vagatur,
1431 2759 1521 2811 quis
1541 2769 1638 2807 pro—

179 2812 269 2862 pius
295 2810 486 2852 accedens
513 2815 646 2867 ipsum
672 2822 917 2868 antevertat-⁷
962 2828 1101 2854 sensus
1133 2821 1216 2853 est:
1246 2816 1389 2853 iterum
1413 2816 1457 2853 in
1483 2813 1643 2864 digres-
