1838 3210
454 184 788 228 DESCRIPTio
822 184 866 229 S.
904 183 1154 229 SOPHIAE.
1531 182 1596 232 79

146 296 362 349 reperitur:
386 296 526 347 garcio
545 297 653 333 enim
672 295 833 333 effertur
850 296 892 333 in
908 294 1101 334 Chronico
1115 291 1412 347 Reichersperg.
1426 309 1462 334 a.
1477 297 1596 345 1105,

143 355 303 405 gjareio
331 351 436 404 apud
455 355 618 390 Petrum
635 354 865 390 Blesensem
884 355 996 405 epist.
1021 354 1118 401 102,
1144 354 1310 404 guarsio
1327 354 1370 390 in
1389 355 1471 391 vita
1496 354 1596 391 Gar-

146 411 234 447 neri
256 411 476 460 Praepositi
504 410 546 447 S.
568 408 760 460 Stephani
778 409 936 447 Divion.
958 423 998 461 p.
1020 410 1121 457 130,
1153 408 1324 461 denique
1343 424 1470 461 gurzo
1493 408 1599 461 apud

146 465 462 503 Pilichdorffium
493 472 627 504 contra
656 465 872 504 Valdenses
904 479 938 504 c.
958 467 1023 507 18.
1083 464 1132 503 de
1154 468 1260 504 vocis
1277 473 1408 518 etymo
1429 474 1600 517 nugatur

146 521 372 560 Ludovicus
411 522 628 560 d'Orleans
667 522 718 560 ad
755 526 782 564 2
812 523 958 559 Annal.
1015 522 1168 570 Taciti,
1213 524 1282 574 qui
1310 523 1358 560 ab
1389 522 1600 563 evertendo

142 582 355 630 gjarpones
379 580 492 630 quasi
515 593 715 624 mar-pones
736 578 860 616 dictos
879 580 1047 630 scripsit,
1084 580 1197 630 quia,
1226 581 1368 631 inquit,
1398 581 1600 625 iuventus,

147 649 250 687 quae
270 634 486 672 mobilitate
502 637 625 687 viget,
654 638 789 673 omnia
808 637 946 672 evertit
957 634 1098 672 subitis
1114 635 1396 686 eruptionibus.
1455 649 1600 689 neque,

147 693 306 743 opinor,
337 692 493 730 felicius
522 694 630 730 vocis
660 694 853 743 originem
883 693 1011 743 attigit
1040 694 1176 730 Iustus·
1199 693 1380 744 Lipsius,
1412 694 1481 745 qui
1499 707 1600 744 gar—

146 750 276 786 ciones
301 749 520 799 appellatos
551 749 637 786 vult
669 751 782 800 quasi
807 751 1016 799 garriones
1046 761 1069 786 a
1100 750 1269 799 garritu3
1300 756 1344 786 ut
1362 757 1401 787 et
1422 748 1602 788 Christo-

145 803 294 856 phorus
311 803 504 842 Besoldus
522 805 563 841 in
582 805 771 842 Discursu
793 803 842 842 de
864 812 1004 842 natura
1025 807 1285 857 populorum,
1316 808 1385 858 qui
1406 819 1429 843 a
1450 808 1599 845 Graeco

144 858 325 914 γράσων,
343 861 512 912 fatua-9,
540 873 613 912 per
630 860 869 898 metathesin
891 862 1030 898 literae
1048 862 1165 898 unius
1185 860 1356 899 deducit.
1415 865 1485 915 qui
1506 877 1598 900 vero

144 919 288 955 nostris
315 918 541 968 garciones,
574 918 772 968 gar-efferi
801 925 992 955 vocantur
1019 919 1061 954 in
1087 919 1169 955 LL.
1200 919 1423 968 Burgorum
1453 920 1597 957 scotie.

146 987 179 1011 c.
202 976 255 1015 66
280 972 386 1025 apud
411 974 665 1011 Lambertum
687 973 909 1012 Ardensem
930 982 968 1012 et
987 975 1140 1025 aliquot
1159 974 1256 1012 alios
1276 977 1498 1026 scriptores.

192 1061 198 1067 .
254 1031 324 1071 22.
382 1032 427 1067 In
444 1029 576 1068 medio
593 1032 707 1068 istius
724 1044 837 1068 areae
854 1044 926 1068 seu
940 1032 1030 1068 atrii
1047 1029 1273 1082 Sophianae
1294 1031 1403 1069 aedis
1419 1031 1596 1082 phialam

143 1088 280 1124 statuit
297 1088 552 1124 lastinianus.
582 1089 638 1125 sic
655 1088 813 1125 labrmn
829 1101 899 1125 seu
917 1088 1069 1125 fontem
1087 1088 1352 1139 appellabant,
1369 1089 1438 1125 ubi
1452 1103 1597 1140 peren-

141 1156 214 1181 nes
237 1155 363 1195 aquae
383 1143 597 1192 saliebant,
628 1158 650 1181 e
674 1145 817 1196 quibus
839 1145 953 1195 plebs
972 1146 1191 1193 lavaretur-3
1223 1146 1336 1214 quia,
1366 1147 1495 1197 inquit
1512 1148 1596 1183 Eu-

141 1200 274 1237 sebius
298 1201 399 1237 Hist.
418 1201 526 1237 Eccl.
549 1202 600 1241 10
629 1199 678 1248 4,
708 1214 789 1238 non
815 1201 962 1239 licebat
988 1196 1178 1254 οἷνοίγνοις
1204 1200 1272 1241 καὶ
1297 1197 1479 1250 α’νίπτοις
1501 1202 1596 1243 ποσὶ

140 1259 221 1296 τῶν
248 1255 364 1296 ἔνδον
391 1256 612 1309 ἐπιβαίνειν
639 1255 776 1309 ἁγίων.
833 1258 923 1295 fons
956 1265 1089 1295 autem
1122 1259 1196 1295 iste
1227 1254 1353 1308 φιάλη
1379 1255 1595 1310 μεσιαύλου

139 1327 212 1365 της
236 1312 464 1364 ἐκκλησίας,
492 1312 691 1350 interdum
715 1312 862 1367 λουτηρ
887 1309 1105 1365 μεσιαῦλου
1128 1312 1299 1351 dicitur·
1288 1328 1329 1351 ιιι
1346 1314 1594 1366 Euchologio

138 1382 181 1419 p-
200 1367 281 1409 449
301 1376 340 1406 et
357 1368 454 1410 465·
511 1371 569 1407 sic
597 1383 714 1421 porro
741 1369 972 1408 describitur
998 1384 1022 1408 a
1047 1371 1173 1409 Paulo
1195 1371 1422 1409 silentiario
1444 1379 1546 1423 part.
1568 1375 1597 1414 2

137 1438 178 1463 v.
206 1426 305 1467 177:

357 1480 583 1550 μηκεὸανῆς
604 1476 646 1521 δ’
669 1480 845 1534 ἐρίτιμον
866 1481 907 1531 ἐς
927 1479 1149 1535 ὄμφαλόν”
1129 1495 1279 1523 ισταται
1301 1478 1427 1536 αὐλῆς

358 1533 553 1588 ευρυτᾶτη
576 1534 702 1589 φιάλη
723 1554 808 1606 τις,,
831 1535 1017 1586 ἰασπιδος
1037 1537 1240 1607 &atropos-³
1222 1536 1358 1591 α’κρης,

355 1592 458 1633 ἔνθα
477 1590 568 1643 ῥόος
583 1591 762 1634 κελάδων
780 1590 1047 1635 ἀναπάλλεται
1065 1591 1155 1649 ἠέρι
1174 1594 1345 1648 πέμπειν

354 1647 474 1690 ολκον
496 1646 590 1689 ὅλον
610 1650 777 1690 παθέων
795 1649 1002 1703 ἐλατήριον
1024 1659 1099 1690 etc.

139 1711 222 1742 erat
249 1705 373 1755 igitur
401 1704 604 1756 Sophiana
629 1705 766 1758 phiala
795 1709 972 1746 confecta
1002 1722 1053 1746 ex
1080 1707 1255 1760 iaspide:
1281 1711 1338 1746 ita
1361 1721 1453 1746 vero
1479 1707 1596 1746 ador-

137 1769 230 1799 nata
258 1768 303 1798 ut
330 1763 542 1813 porticibus
567 1763 802 1811 ambiretur,
831 1766 875 1801 in
895 1765 1037 1817 quibus
1060 1773 1171 1802 erant
1190 1766 1318 1803 fontes
1340 1766 1408 1802 alii
1428 1778 1498 1802 seu
1517 1779 1594 1816 pu-

138 1820 214 1864 tei,
246 1819 315 1868 qui
344 1830 489 1869 aquam
518 1820 674 1868 populis
699 1819 871 1856 aedem
859 1823 1094 1870 mgressuris
1116 1821 1167 1858 ad
1185 1822 1425 1859 lavationem
1446 1835 1595 1871 suppe-

139 1873 329 1910 ditabant.
376 1875 635 1925 Anonymus:
670 1874 830 1926 ἐποίησε
860 1850 926 1916 dio
933 1877 990 1924 εἰς
1014 1892 1088 1927 την
1108 1873 1260 1927 φιαλην
1280 1874 1455 1929 γυρόθεν
1475 1876 1593 1924 στοοῖς

138 1926 356 1998 φρεατικᾶς
399 1927 576 1979 δώδεκα,
621 1930 690 1971 καὶ
730 1930 818 1971 λεόν
810 1948 889 1979 τας
922 1933 1107 1980 λιθίνους
1138 1930 1371 1985 ἐρεύγεσθαι
1396 1930 1505 1984 ’ὕδωρ
1537 1934 1593 1980 εἷς

138 1981 338 2035 ἀπόνιψιν
363 1988 437 2026 τοῦ
463 1989 606 2026 κοινοῦ
631 1990 747 2028 λαοῦ.
805 1987 912 2040 quod
933 2002 1025 2026 vero
1048 2002 1120 2040 per
1141 2002 1208 2027 ora
1230 1991 1390 2027 leonum
1415 2002 1591 2026 marmo-

134 2055 292 2080 reorum
325 2055 449 2094 aquae
480 2045 771 2091 emitterentur,
798 2043 1026 2098 λεοντάριον
1052 2047 1162 2083 locus
1196 2045 1348 2083 videtur
1367 2047 1589 2097 appellatus

135 2112 189 2135 ex
207 2100 256 2136 iis
277 2112 376 2150 quae
399 2097 519 2137 habet
537 2099 647 2136 idem
667 2103 848 2152 scriptor.
906 2104 948 2138 in
967 2101 1103 2153 phiala
1123 2101 1325 2153 Sophiana
1343 2116 1475 2140 cruces
1496 2115 1589 2153 pas-

135 2157 212 2193 sim
240 2156 502 2194 marmoribus
532 2157 739 2208 inscriptas
770 2159 913 2195 evincit
941 2159 1100 2196 libellus
1127 2161 1386 2197 accusationis
1405 2161 1445 2196 in
1468 2161 1590 2198 Arse-

134 2213 247 2249 nium
273 2219 372 2263 part.
395 2213 471 2249 GP.
530 2212 636 2264 apud
665 2212 950 2265 Pachymerem
982 2214 1010 2256 4
1039 2218 1089 2256 3:
1122 2216 1376 2253 accusabatur
1409 2218 1516 2253 euim
1543 2232 1586 2255 το
1611 2223 1639 2257 Ρ
1662 2223 1730 2259 539

134 2273 400 2320 προσκεῖσθαι
424 2272 507 2316 τοῖς
525 2267 708 2310 Σουλταν
729 2267 921 2321 εὐμενῶς,
953 2287 1008 2319 ως
1029 2273 1098 2311 καί
1122 2285 1219 2323 σφιν
1239 2272 1396 2323 ἐφεῖναι
1414 2275 1470 2326 τῷ
1491 2270 1588 2312 λοιῖ-

134 2339 212 2377 τρω
229 2327 300 2375 τῆς
318 2325 521 2376 ἐκκλησίας
537 2339 727 2377 συχνακις
744 2323 978 2368 ἐλλούεσθαι
989 2357 1000 2376 ,
1029 2329 1170 2380 τιμίων
1187 2325 1455 2399 χαρακτήρων
1470 2341 1589 2369 σταυ-

134 2383 211 2448 ροῦ
234 2381 356 2421 ἐκεῖσε
385 2385 468 2428 τοῖς
497 2380 720 2434 μαρμάροις
748 2384 1108 2437 ἐγκεχαραγμένων,
1136 2381 1374 2438 Ἀγαρηνοῖς
1404 2379 1495 2426 οὖσι
1520 2385 1589 2425 καὶ

134 2432 340 2488 αμυήτοις.
399 2438 511 2475 binas
548 2438 744 2476 eiusmodi
773 2439 928 2490 phialas
953 2443 997 2478 in
1023 2443 1120 2479 atrio
1148 2444 1282 2480 Novae
1315 2443 1504 2480 ecclesiae
1536 2455 1590 2479 ex

130 2494 327 2544 Aegyptio
355 2506 400 2531 ac
425 2496 604 2532 Romano
632 2503 670 2533 et
699 2509 751 2533 ex
778 2497 970 2548 Sangario
997 2511 1193 2535 marmore
1227 2500 1424 2536 exstruxit
1443 2501 1591 2550 pariter

130 2549 302 2587 Basilius
327 2549 514 2599 Macedo,
546 2565 642 2603 quas
673 2553 874 2603 eleganter
891 2553 1108 2592 describit·
1096 2568 1138 2591 ιιι
1161 2556 1270 2592 illius
1291 2557 1372 2592 vita
1392 2556 1588 2592 Constan-

131 2607 259 2652 tinus,
289 2619 341 2643 ex
365 2607 445 2644 filio
470 2621 616 2659 nepos,
649 2621 682 2645 c.
707 2610 774 2649 55
832 2623 947 2660 porro
975 2618 1065 2648 ante
1097 2610 1257 2648 aedium
1287 2615 1486 2649 sacrarum
1515 2625 1587 2648 ve-

130 2661 278 2698 stibula
311 2663 451 2700 balnea
484 2671 522 2701 et
550 2665 707 2702 lavacra
738 2666 897 2716 publica
918 2667 1108 2705 collocata
1129 2666 1270 2705 docet’
1259 2670 1439 2719 mprimis
1456 2670 1586 2704 Euse-

129 2718 218 2755 bius
247 2718 333 2755 loco
361 2718 545 2768 laudato,
574 2722 616 2757 in
650 2720 911 2774 descriptione
943 2723 1051 2762 aedis
1088 2725 1302 2775 Tyr-ensis,
1334 2732 1373 2762 et
1394 2725 1583 2761 Paulinus

132 2775 245 2825 epist.
272 2775 324 2815 12
343 2781 381 2810 et
399 2777 474 2822 31,
503 2782 548 2813 ut
567 2784 604 2813 et
625 2778 755 2815 Natali
770 2779 795 2817 9
816 2786 854 2816 et
876 2781 946 2827 103
978 2779 1086 2831 apud
1113 2793 1233 2832 quem
1266 2781 1481 2817 cantharus
1510 2791 1583 2828 ap-

128 2831 321 2882 pellatur,
339 2830 631 2883 fastigiumque
649 2834 849 2874 interdum
868 2836 992 2874 solido
1014 2850 1103 2875 aere
1123 2837 1229 2874 tholo
1246 2843 1372 2875 tectus
1391 2835 1581 2873 describi-
