1838 3210
267 176 332 223 44
671 214 675 218 .
691 182 693 184 ’
724 173 885 219 PAULI
927 172 1257 220 SILENTIARII

468 290 607 344 Me'ptve
627 306 721 344 μοι,
757 282 790 331 ὦ
806 292 1049 343 σκηπτοῦχε,
1083 286 1369 343 πολυχρονίους
1385 286 1447 330 ἐπὶ
1465 285 1647 340 κύκλους,

405 359 447 409 ἐς
472 358 575 416 φάος
597 354 840 415 ἔσπέριόντε
862 358 928 399 καὶ
948 356 1143 415 ὄρθριον·
1179 358 1235 406 εἰς
1257 356 1300 398 σὲ
1321 356 1397 412 γὰρ
1421 357 1506 412 ἠώς
1645 350 1716 398 ’505

404 426 622 480 ἅμπαύειν,
655 423 880 479 πολύυμνε,
910 427 976 469 καὶ
997 426 1161 482 ἕσπερος
1183 423 1265 466 οἶδε
1284 425 1492 480 μερίμνας.

403 497 466 538 σοὶ
489 494 641 548 λιμένες
659 498 886 550 γλαυκῶπιν
904 494 1159 551 ἀποκρίνουσι
1183 490 1358 548 γαλήνην

286 566 367 606 925
403 568 537 604 πᾶσαν
555 563 595 613 ἒς
613 562 817 618 ἀγχιάλοιο
834 560 953 605 πόλιν
967 561 1142 617 χθονός·
1177 560 1389 616 ἐκχύμενον
1411 561 1455 603 δὲ

400 635 510 683 κῦμα
533 633 848 687 περιστέλλοντες
867 628 940 672 ’ὑπ’
964 629 1213 672 εὐκόλποισιν
1235 629 1419 684 ἀγοστοῖς

398 699 559 755 Νηρέος
577 697 812 756 ἄφριόωσαν
829 696 1139 741 ὖποσσαίνουσιν
1157 695 1345 751 ὁμοκλήν.
1651 702 1722 738 510

399 769 467 809 καὶ
486 772 677 821 ποταμῶν
696 765 863 816 ὑπόειξε
872 765 952 824 ῥόῳ
974 764 1233 823 βρυχώμενον
1251 764 1378 821 ὕδωρ,

403 836 533 878 οῧκέτι
558 837 597 877 δ’
624 834 862 892 ἁρπακτῆρα
883 836 1079 888 μιαίνεται
1102 833 1219 876 ὁλκὸν
1241 832 1406 884 ὅδίταις.

286 904 370 952 930
404 904 473 946 τὸν
495 906 588 960 πρὶν
609 902 853 958 ἀνικήτοισιν
872 903 1137 959 ὄνγηνορέοντα
1156 902 1338 959 ῥεέθροις

404 971 607 1027 Μύγδονα
628 970 854 1028 Σαγγάριόν
873 989 934 1021 τις
954 972 1051 1014 ῗόὡν
1070 972 1262 1013 Βιθυνίδι
1281 971 1389 1027 γαίῃ,

404 1045 512 1083 νῶτα
534 1038 815 1094 λιθοτμήτοισι
835 1041 1109 1092 διαζωσθέντα
1131 1037 1338 1096 γεφύραις,
1646 1041 1724 1079 -515

405 1107 577 1178 κρήγυον
598 1106 800 1166 ἡμετέρων
821 1109 944 1151 ἐπέων
967 1109 1014 1151 οὗ
1038 1108 1197 1165 ῥυθμὸν
1218 1108 1375 1162 ελέγξει.

477 1175 619 1218 Ταῦτά
639 1193 724 1228 σοι,
760 1176 1010 1234 ὃλβιόμοιρε,
1043 1193 1205 1233 μακαρ,
1234 1175 1398 1229 δηναιὸν
1418 1172 1522 1225 αέξει

291 1242 373 1286 935
411 1243 618 1301 ζωοφόρου
641 1243 891 1298 λυκάβαντος
909 1243 1138 1299 επεμβάὸα·
1173 1249 1300 1287 ταῦτα
1323 1242 1546 1300 θριάμβοις

408 1310 604 1370 ἑσπερίοις
620 1315 824 1367 Λιβυκοῖς
844 1331 885 1356 τε
908 1315 975 1355 καὶ
994 1311 1133 1371 ἦῴοισι
1155 1314 1328 1369 γεραίρει

409 1380 481 1422 σὸν
500 1380 647 1437 κράτος
669 1381 856 1424 ὠκεανοῖο
878 1383 1114 1438 περαίτερα·
1149 1385 1279 1423 ταῦτα
1298 1377 1502 1436 τυράννων
1659 1382 1728 1418 520

409 1447 604 1499 πολλάκις
623 1447 864 1506 αὖτοφόνοιο
878 1449 998 1506 χερὸς
1016 1447 1212 1503 ὃηλήμονι
1229 1447 1358 1504 τόλμῃ

411 1517 581 1571 αὐχένας
597 1515 800 1572 ἐπρήνιξε,
835 1519 928 1573 πρὶν
948 1517 1072 1559 ἔντεσι
1092 1523 1230 1572 χεῖρας
1252 1515 1404 1565 ἑλίξεις,

290 1582 374 1626 940
409 1589 488 1626 τῶν
511 1585 553 1625 df*
574 1585 811 1638 κατηλοίησε
830 1583 1015 1639 καρήατα
1037 1585 1130 1640 πρίν
1149 1601 1192 1625 σε
1213 1583 1422 1625 πυθέσθαι

407 1656 536 1708 φῆμιν
559 1652 886 1707 ἀπαγγέλλουσαν
912 1651 939 1693 ἃ
963 1651 1021 1706 μὴ
1042 1652 1175 1705 θέμις.
1245 1651 1372 1693 εἴποτε
1395 1648 1472 1705 γάρ
1495 1664 1560 1691 σοι

404 1720 525 1773 βαιὸν
543 1719 758 1763 ἓλινύσασα
776 1721 865 1775 δίκη
883 1720 995 1778 παρὰ
1015 1711 1328 1775 ποσσῖκομίσσῃ
1662 1719 1730 1756 525

363 1849 432 1883 929
458 1846 600 1889 ὁδίταις
623 1849 745 1883 codex.
845 1849 913 1884 931
937 1849 982 1883 de
1005 1853 1146 1894 ponte
1136 1847 1308 1893 Sangario
1332 1846 1494 1892 imposito
1518 1857 1555 1881 v.
1578 1845 1730 1890 Procop.
1741 1878 1745 1881 .

366 1895 411 1928 de
436 1895 552 1929 Aedis.
578 1895 599 1929 5
622 1895 666 1938 3,
702 1893 866 1940 Theoph.
893 1907 929 1940 p.
956 1895 1038 1938 198,
1073 1894 1256 1940 Agathiam
1287 1894 1325 1928 in
1352 1892 1541 1937 Anthol.p
1546 1893 1650 1926 .380
1673 1892 1731 1925 ed.

365 1940 574 1985 HStephan.
600 1945 636 1974 et
658 1946 758 1974 notas
783 1941 827 1974 ad
849 1940 1050 1974 Alexiadem
1073 1953 1110 1986 p.
1132 1941 1213 1976 280.
1236 1940 1332 1974 Duc.
1467 1938 1535 1973 939
1558 1935 1676 1979 ἕλιξας
1697 1937 1733 1971 G

363 1986 432 2022 942
454 1986 607 2031 κομίσση
631 1987 687 2031 G,
709 1986 877 2030 κομίσσω
899 1987 1024 2021 codex.

369 2098 481 2143 Vive,
507 2110 527 2132 o
549 2098 757 2144 imperator,
782 2098 827 2133 ad
846 2098 971 2133 multos
994 2108 1119 2142 annos,
1149 2097 1248 2142 (505)
1273 2100 1310 2131 et
1331 2093 1440 2131 lucem
1462 2096 1647 2131 Occidenti
1668 2108 1734 2143 pa-

279 2143 367 2178 riter
386 2125 594 2188 Orientique
613 2144 771 2178 affunde·
794 2145 832 2177 in
852 2149 888 2178 te
912 2144 1045 2197 quippe
1068 2154 1166 2177 curas
1185 2155 1264 2177 suas
1284 2144 1458 2197 deponere
1477 2143 1577 2177 novit
1598 2139 1736 2178 Aurora

280 2194 318 2223 et
348 2189 505 2234 Vesper,
540 2201 560 2223 o
591 2189 730 2223 laudate
758 2190 935 2234 princeps.
982 2189 1048 2222 tibi
1075 2188 1266 2223 caeruleam
1295 2188 1332 2222 in
1363 2189 1520 2223 omnibus
1542 2188 1738 2223 maritimae

281 2240 398 2268 terrae
423 2235 565 2269 urbibus
588 2241 710 2279 portus
735 2236 957 2269 serenitatem
979 2239 1181 2278 reservant,
1214 2239 1251 2268 et
1274 2234 1377 2268 effusi
1399 2234 1506 2269 maris
1534 2235 1661 2268 fluctus
1682 2234 1734 2269 si—

281 2280 403 2314 nuosis
434 2282 498 2314 sub
535 2281 748 2315 anfractibus
781 2280 1043 2325 comprimentes
1076 2280 1177 2324 (510)
1209 2285 1422 2333 spumantem
1453 2280 1545 2314 illius
1575 2279 1739 2325 mitigant

280 2326 471 2371 fragorem.
517 2337 654 2360 cessere
677 2326 779 2360 etiam
802 2337 912 2379 aquae
931 2326 1130 2368 fluminum,
1151 2326 1315 2360 fluctibus
1336 2325 1408 2359 suis
1432 2325 1649 2370 mugientes;
1671 2337 1738 2360 nec

282 2371 430 2415 amplius
452 2383 596 2416 rapaces
617 2383 737 2406 cursus
758 2371 954 2407 viatoribus
971 2371 1142 2405 inficiunt.
1180 2371 1347 2425 quisquis
1371 2372 1461 2405 enim
1483 2371 1582 2405 videt
1599 2371 1735 2416 Sanga—-

281 2417 371 2452 rium
391 2417 645 2461 Mygdonium
635 2429 672 2451 ιιι
688 2417 877 2462 Bithyniae
893 2418 1040 2461 finibus,
1068 2417 1209 2451 invictis
1229 2417 1335 2469 prius
1342 2417 1605 2452 insolescentem
1622 2417 1737 2451 fluen-
1790 2441 1798 2450 .

282 2463 350 2506 tis,
385 2463 487 2507 (515)
519 2463 654 2508 lapideo
682 2468 790 2508 ponte
813 2474 904 2497 nuuc
922 2464 1135 2507 revinctum,
1170 2462 1415 2498 assentationis
1439 2468 1634 2497 nostrorum
1658 2474 1738 2497 car·

282 2509 409 2542 minum
432 2520 592 2543 numeros
616 2521 686 2544 non
709 2514 844 2553 arguet.

374 2555 475 2589 Haec
491 2555 578 2599 tibi,
614 2567 634 2590 ο
655 2555 831 2589 fortunate
852 2558 890 2588 et
907 2555 1011 2589 beate
1033 2552 1218 2607 princeps,
1239 2553 1430 2607 longaevas
1449 2553 1607 2587 vitalium
1628 2564 1738 2588 anno-

282 2611 358 2635 rum
386 2600 603 2635 accessiones
627 2601 835 2644 adiungunt;
862 2600 949 2634 haec
967 2599 1151 2644 triumphis
1175 2579 1460 2634 occidentalibus
1469 2598 1686 2644 Libycisque
1701 2602 1741 2634 et

284 2646 510 2681 orientalibus
542 2647 646 2690 (520)
674 2646 860 2700 imperium
888 2651 984 2679 tuum
1015 2649 1209 2679 munerant.
1266 2645 1353 2679 haec
1390 2650 1636 2690 tyrannorum,
1678 2643 1740 2699 qui

283 2692 434 2738 pessima
455 2692 600 2726 audacia
619 2691 687 2726 sibi
711 2703 830 2726 manus
850 2691 1017 2735 intulere,
1048 2690 1249 2744 priusquam
1267 2701 1360 2725 arma
1378 2702 1600 2735 capesseres,
1622 2689 1741 2724 cervi-

286 2749 345 2772 ces
379 2737 519 2783 saepius
548 2737 845 2792 praecipitarunt·
883 2737 1004 2771 horum
1031 2735 1135 2770 etiam
1166 2736 1335 2771 attrivere
1358 2737 1499 2790 capita,
1539 2736 1740 2782 priusquam

287 2784 458 2818 nefandos
484 2795 589 2818 ausus
618 2783 684 2818 tibi
716 2784 809 2818 fama
839 2783 1028 2818 nuntiaret.
1086 2782 1117 2816 si
1140 2781 1282 2827 quando
1313 2781 1402 2816 enim
1433 2763 1536 2827 (52’5)
1566 2780 1739 2835 paululum

289 2833 450 2865 cunctata
471 2828 606 2865 iustitia
628 2829 799 2866 infensum
824 2828 890 2866 tibi
918 2828 1088 2865 hominen
1111 2827 1258 2874 aliquem
1285 2828 1330 2863 ad
1350 2828 1458 2875 pedes
1481 2833 1563 2864 tuos
1581 2826 1745 2870 adduxit,
