1890 3224
376 188 453 231 DE
484 187 667 232 REBUS
694 187 842 232 POST
876 187 1194 233 MAURICIUM
1227 185 1435 233 GEsTls.
1569 189 1635 238 49

180 318 256 357 σης
273 301 376 358 πρὸς
394 307 479 352 τοῖς
499 297 712 361 Θρᾳκῴοις
733 301 871 359 μέρεσι
895 301 1097 359 διαγαγὼν
1117 301 1220 360 πρὸς
1244 306 1296 360 τῇ
1309 300 1505 362 Ἀγχιάλῳ
1526 303 1638 348 πόλει

180 369 238 418 ὡς
253 368 492 426 πολεμήσων
513 370 660 420 αὖτοὺς
678 373 952 427 παραγίνεται.
997 370 1240 428 ἀφυλάκτως
1259 373 1303 414 δὲ
1321 376 1395 415 τοῦ
1414 376 1516 415 λαοῦ
1536 374 1639 429 πρὸς

181 439 234 480 τὰ
267 441 388 482 ἐκεῖσε
422 439 541 481 πεδία
574 438 639 479 ἐπὶ
670 441 818 496 κομιδῇ
848 437 998 495 χόρτου
1026 441 1341 495 σκεδαννυμένου
1364 441 1639 484 ἐπιπίπτουσιν

184 506 350 563 ἀθρόως
375 507 413 549 οἱ
442 504 672 562 Βούλγαροι
692 509 760 548 καὶ
782 507 955 557 πολλοὺς
978 507 1111 550 αὗτῶν
1130 509 1444 565 διαφθείρουσι,
1466 510 1642 560 πολλοὺς

147 580 171 616 5
185 576 228 617 δὲ
247 577 313 617 καὶ
331 573 613 628 αἰχμαλώτους
630 572 749 617 εἷλον.
817 577 883 617 καὶ
899 578 1167 634 Ἰουστινιανῷ
1183 577 1226 618 ἐν
1247 581 1296 633 τῇ
1317 575 1428 620 πόλει
1442 575 1642 636 ,Ἀγχιάλῳ

183 643 469 700 ἀπολειφθέντι
499 644 562 684 ἐπὶ
598 644 727 699 τρισὶν
757 640 927 699 ἡμέραις
959 643 1306 701 προσεδρεύουσιν.
1375 643 1397 687 ὃ
1429 646 1474 690 δὲ
1499 646 1643 697 νυκτὸς

180 713 322 753 ναυσὶν
344 711 487 765 ἐπιβὰς
506 715 614 769 φυγῇ
636 712 790 754 ἐκεῖθεν
813 712 1055 757 ἀπέπλευσεν
1076 715 1144 757 καὶ
1170 715 1226 765 εἰς
1245 711 1468 767 Βυζάντιον
1491 712 1642 757 ἐπανά-

178 796 304 834 γεται.

311 846 379 889 Ἐν
407 844 567 898 τούτοις
595 846 720 891 ὄντων
742 852 823 892 τῶν
843 847 1092 906 πραγμάτων
1111 848 1134 893 ὅ
1156 854 1237 894 τῶν
1255 853 1504 908 Σαρακηνῶν
1520 854 1642 905 βασι-
1664 858 1693 893 Ρ
1716 860 1762 894 29

127 923 173 958 10
183 914 275 965 λεὺς
294 916 394 958 λαὸν
414 919 596 958 πλεῖστον
618 914 782 972 ὁπλίτην
803 918 1013 972 ἐκπέμπει,
1046 917 1246 974 ἡγεμόνας
1267 920 1406 970 αὐτοῖς
1427 918 1644 973 ἐπιστήσας

180 985 426 1038 Μασαλμιῖν
453 985 520 1025 καὶ
551 986 744 1038 Σολυμᾶν
766 987 871 1027 κατὰ
891 986 964 1040 τὴν
986 986 1112 1029 afim&
1134 986 1340 1030 διάλεκτον
1360 987 1644 1041 καλουμένους,

182 1048 238 1100 ὥς
263 1051 313 1092 τιὶ
339 1050 483 1093 Τύανα
499 1051 573 1105 τὴν
595 1051 711 1094 πόλιν
732 1052 1083 1110 πολιορκήσοντας.
1151 1055 1191 1097 οἳ
1213 1056 1258 1097 δὲ
1278 1056 1401 1098 ἐκεῖσε
1419 1053 1644 1111 παραγενό-

179 1135 316 1172 μενοι,
350 1119 550 1173 πολέμους
574 1121 784 1170 πλείστους
812 1119 1089 1176 συνάψαντες,
1122 1123 1249 1180 μέρος
1266 1122 1311 1165 δὲ
1328 1115 1404 1165 τοῦ
1423 1123 1577 1177 τείχους
1600 1125 1642 1165 ἐκ

180 1191 262 1229 τῶν
282 1186 384 1244 πρὸς
401 1188 660 1241 τειχομαχίαν
675 1186 855 1244 ὀργάνων
871 1187 1167 1243 καταβαλόντες
1184 1192 1252 1232 καὶ
1269 1190 1387 1233 πλέον
1400 1190 1515 1234 οὐδὲν
1527 1189 1644 1244 ἴσχύ-

128 1264 172 1300 15
184 1271 325 1305 σαντες
346 1253 514 1306 ἀνύσαι,
542 1255 767 1311 ἀποχωρεῖν
785 1256 887 1311 πρὸς
904 1257 956 1298 τὰ
978 1259 1103 1299 οἷκεΐα
1121 1256 1350 1310 ἐβούλοντο.
1383 1258 1426 1300 ἐν
1445 1251 1479 1315 ᾧ
1497 1258 1643 1312 ἐκπέμ-

181 1340 247 1365 πει
263 1322 540 1372 Ἰουστινιανὸς
559 1323 662 1380 πρὸς
680 1327 730 1380 τῇ
748 1325 957 1383 μεσογείᾳ,
986 1326 1054 1367 καὶ
1074 1329 1258 1368 πλεῖστον
1277 1325 1376 1368 λαὸν
1396 1324 1585 1381 ἄγροικόν
1601 1343 1644 1368 τε
1679 1358 1685 1361 κ

182 1392 253 1432 καὶ
271 1391 487 1447 γεωργικὸν
508 1390 710 1447 ἀθροίσας
728 1392 831 1449 πρὸς
852 1392 904 1434 τὰ
924 1391 1066 1435 Τύανα
1088 1393 1350 1450 ἀφικνεῖσθαι
1369 1394 1568 1436 ἐκέλευσεν
1588 1392 1645 1444 ὥς

180 1458 278 1509 τούς
300 1460 659 1515 πολιορκουμένους
680 1458 989 1514 ἐπαμυνόμενος.
1054 1460 1223 1513 τούτους
1243 1460 1421 1512 ἀόπλους
1440 1462 1478 1504 οἳ
1501 1464 1644 1519 Σαραρ

182 1529 293 1580 κηνοὶ
317 1526 564 1580 θεασάμενοι
585 1526 740 1583 ὁρμῶσι
760 1529 852 1570 κατ’
874 1528 1008 1571 αὐτῶν
1015 1560 1030 1580 ,
1063 1531 1131 1571 καὶ
1151 1531 1246 1580 τοὺς
1264 1531 1339 1584 μέν
1360 1532 1464 1586 ξίφει
1485 1529 1640 1572 ἀνεῖλον
1659 1532 1690 1566 Β

127 1604 174 1639 20
185 1595 279 1645 τοὺς
297 1596 339 1637 δὲ
355 1593 638 1649 αἰχμαλώτους
655 1596 886 1649 συνέλαβον.
956 1598 1140 1640 ἐντεῦθεν
1156 1596 1493 1654 θαρραλεώτερον
1510 1600 1644 1641 διατε-

182 1663 322 1713 θέντες
341 1667 391 1718 τῇ
413 1664 633 1721 προσεδρίᾳ
654 1661 826 1706 Τυάνων
849 1664 1014 1718 εἶχοντο.
1050 1665 1088 1706 οἶ
1110 1666 1155 1708 δὲ
1178 1665 1328 1727 ἀπορία
1345 1663 1643 1720 δαπανημάτων

181 1735 263 1772 τῶν
286 1730 387 1786 πρὸς
406 1729 541 1785 μάχην
562 1729 818 1782 ἀπειπόντες,
852 1736 925 1786 τῆς
943 1750 985 1775 τε
1007 1733 1120 1788 παρὰ
1139 1734 1338 1786 βασιλέως
1354 1735 1553 1788 βοηθείας
1571 1734 1646 1776 οὐκ

185 1797 490 1854 εὐπορήσαντες,
524 1796 716 1857 ὁμολογία
735 1797 903 1849 ἑαυτοὺς
919 1807 1004 1849 τοῖς
1026 1801 1190 1856 ἐχθροῖς
1209 1802 1436 1856 παρέδοσαν
1456 1803 1522 1846 καὶ
1543 1801 1645 1857 πρὸς

183 1866 236 1908 τὰ
269 1871 350 1908 τῶν
379 1869 627 1922 Σαρακηνῶν
652 1865 738 1921 ἤθη
768 1865 990 1925 ἀπῴχοντο.
1058 1869 1101 1918 ἐξ
1133 1868 1278 1910 ἐκείνου
1311 1868 1450 1910 λοιπὸν
1479 1870 1642 1923 πλείστη

275 1972 300 2008 4
322 1969 464 2012 αὐτοὺς
483 1973 513 2007 Ρ
671 1974 714 2008 11
739 1970 895 2008 aiz-ah?
1040 1976 1084 2011 18
1106 1975 1186 2015 τοῖς
1206 1972 1534 2018 πολιορκουμένοις
1554 1973 1645 2009 ἐπα-

274 2017 590 2100 (ἐξινρέἴξιενος724
612 2019 801 2100 τάΞέωτῐΙιὶς
822 2019 1071 2065 προσεδρίαςὶ)
1117 2022 1165 2056 cf.
1193 2033 1230 2067 p.
1253 2022 1297 2056 19
1315 2022 1373 2065 21,
1398 2022 1443 2056 59
1466 2022 1520 2065 12,
1544 2021 1591 2056 60
1609 2023 1646 2066 1,

184 2154 387 2190 Anchialum
415 2156 536 2191 urbem
566 2155 651 2191 belli
677 2155 798 2191 molem
830 2156 1020 2192 convertit.
1076 2156 1138 2192 ubi
1167 2156 1245 2191 dum
1279 2155 1427 2191 Romani
1459 2155 1645 2202 pabulandi

186 2212 291 2235 causa
320 2200 495 2237 incautius
524 2202 758 2247 dissipantur,
793 2208 938 2248 repente
969 2202 1222 2248 superveniens
1251 2202 1421 2247 Bulgarus
1453 2201 1646 2247 complures

187 2246 337 2290 occidit,
373 2246 461 2281 alios
492 2248 652 2293 captivos
678 2248 831 2282 abducit.
878 2249 1093 2283 lastinianus
1123 2260 1197 2283 cum
1219 2247 1380 2282 Anchiali
1402 2247 1582 2282 conclusus
1605 2259 1648 2283 ac

183 2292 339 2327 triduum
360 2292 523 2372 obszssus
545 2298 657 2338 esset,
680 2299 787 2328 noctu
808 2295 947 2330 tandem
970 2294 1173 2329 conscensis
1188 2294 1337 2329 navibus
1356 2293 1494 2339 aufugit
1510 2305 1553 2328 ac
1570 2294 1646 2339 By-

185 2338 340 2373 zantium
362 2347 428 2371 eva
454 2338 495 2372 it.

277 2383 366 2417 Dum
390 2384 477 2417 haec
499 2383 666 2417 adversus
688 2383 858 2429 Bulgaros
879 2390 1069 2430 geruntur,
1104 2385 1358 2420 Saracenorum
1380 2396 1444 2419 rex
1471 2384 1647 2429 ingentem

187 2430 379 2464 exercitum
407 2440 482 2462 cum
510 2429 724 2463 Masalmane
754 2435 792 2463 et
822 2430 1010 2476 Solymane
1038 2431 1185 2466 ducibus
1218 2432 1262 2465 ad
1293 2431 1420 2474 Tyana
1454 2431 1646 2466 obsidenda

186 2475 308 2510 mittit.
355 2474 417 2519 qui
436 2474 551 2508 multis
575 2475 619 2508 ad
643 2486 716 2508 eam
738 2476 859 2509 urbem
902 2477 1018 2510 raeliis
1039 2477 1169 2520 gestis,
1193 2487 1364 2510 murorum
1381 2475 1525 2521 insuper
1541 2482 1646 2521 parte

186 2519 354 2555 machinis
383 2520 551 2565 disiecta,
586 2531 662 2554 cum
691 2519 778 2554 nihil
808 2532 884 2566 amp
899 2521 952 2555 ius
984 2523 1212 2566 proficerent,
1245 2521 1436 2556 discessum
1459 2523 1644 2567 parabant,

187 2577 264 2600 cum
287 2577 369 2599 ecce
391 2566 515 2610 ingens
537 2566 743 2600 rusticorum
773 2570 811 2600 et
839 2566 1067 2611 agricolarum
1089 2579 1208 2602 manus
1234 2579 1254 2600 a
1283 2567 1475 2601 Iustiniano
1503 2567 1548 2602 ad
1571 2567 1642 2602 sol-

189 2610 336 2645 vendam
365 2612 578 2647 obsidionem
610 2611 774 2646 mittitur.
821 2623 909 2656 quos
938 2612 1106 2649 Saraceni
1128 2614 1276 2647 inermes
1300 2613 1492 2658 conspicati
1513 2613 1644 2659 impetu

188 2656 284 2691 facto
302 2656 429 2700 partim
447 2657 573 2701 gladiis
591 2658 816 2701 obtruncant,
840 2658 966 2703 partim
983 2659 1142 2705 captivos
1163 2659 1349 2693 abducunt.
1395 2670 1464 2704 quo
1481 2670 1646 2694 successu

189 2701 394 2736 audaciores
413 2703 545 2737 redditi
566 2709 713 2748 coeptae
735 2703 940 2747 Tyanorum
958 2705 1133 2739 obsidioni
1149 2703 1361 2748 pertinacius
1378 2703 1558 2739 insistunt.
1607 2710 1645 2737 at

189 2747 360 2793 oppidani
388 2747 661 2783 necessariarum
692 2759 808 2783 rerum
837 2748 959 2795 inopia.
989 2749 1117 2793 fracti,
1150 2761 1214 2783 nec
1236 2749 1341 2784 ullum
1365 2751 1408 2785 ab
1432 2751 1645 2796 imperatore

189 2792 381 2827 subsidium
404 2794 519 2838 nacti,
553 2794 765 2829 deditionem
787 2794 922 2829 faciunt
943 2801 980 2831 et
1006 2796 1050 2830 ad
1071 2797 1323 2830 Saracenorum
1343 2794 1508 2830 instituta
1530 2801 1645 2828 trans-

191 2843 288 2873 eunt.
336 2850 380 2872 ex
404 2839 463 2873 illo
485 2846 644 2886 tempore
666 2840 848 2887 plurimum
872 2851 914 2876 ea
935 2852 993 2877 res
1017 2840 1166 2877 hostium
1192 2840 1322 2877 animos
1346 2840 1478 2928 e4rexit,
1508 2845 1549 2875 ut
1570 2839 1642 2875 Ro-

248 2890 391 2935 Na'ceph.
419 2891 533 2927 const.

1728 2387 1796 2424 704
