<?xml version="1.0" encoding="UTF-8"?>
<!DOCTYPE html PUBLIC "-//W3C//DTD XHTML 1.0 Transitional//EN"
    "http://www.w3.org/TR/xhtml1/DTD/xhtml1-transitional.dtd">
<html xmlns="http://www.w3.org/1999/xhtml" xml:lang="en" lang="en">
 <head>
  <title>
</title>
<meta http-equiv="Content-Type" content="text/html;charset=utf-8" />
  <meta name='ocr-system' content='tesseract 3.04.00' />
  <meta name='ocr-capabilities' content='ocr_page ocr_carea ocr_par ocr_line ocrx_word'/>
</head>
<body>
  <div class='ocr_page' id='page_1' title='image "./corpusscriptorum42niebuoft/corpusscriptorum42niebuoft_0020.png"; bbox 0 0 1838 3210; ppageno 0'>
   <div class='ocr_carea' id='block_1_1' title="bbox 257 160 1317 219">
    <p class='ocr_par' dir='ltr' id='par_1_1' title="bbox 257 160 1317 219">
     <span class='ocr_line' id='line_1_1' title="bbox 257 160 1317 219; baseline -0.012 0"><span class='ocrx_word' id='word_1_1' title='bbox 257 172 290 219; x_wconf 88' lang='grc'><strong>6</strong></span> <span class='ocrx_word' id='word_1_2' title='bbox 725 166 887 214; x_wconf 87' lang='lat' dir='ltr'>PAULI</span> <span class='ocrx_word' id='word_1_3' title='bbox 915 160 1248 211; x_wconf 83' lang='lat' dir='ltr'><strong>SILENTIARII</strong></span> <span class='ocrx_word' id='word_1_4' title='bbox 1316 201 1317 204; x_wconf 71' lang='grc'><strong><em>,</em></strong></span> 
     </span>
    </p>
   </div>
   <div class='ocr_carea' id='block_1_2' title="bbox 279 278 1746 2010">
    <p class='ocr_par' dir='ltr' id='par_1_2' title="bbox 279 278 1746 2010">
     <span class='ocr_line' id='line_1_2' title="bbox 395 278 1259 341; baseline -0.015 -9"><span class='ocrx_word' id='word_1_5' title='bbox 395 283 509 341; x_wconf 75' lang='grc' dir='ltr'><strong><em>σώζει</em></strong></span> <span class='ocrx_word' id='word_1_6' title='bbox 530 302 574 331; x_wconf 86' lang='grc' dir='ltr'><strong>σε</strong></span> <span class='ocrx_word' id='word_1_7' title='bbox 592 288 742 335; x_wconf 49' lang='grc' dir='ltr'><strong><em>ταῦτα’,</em></strong></span> <span class='ocrx_word' id='word_1_8' title='bbox 771 286 901 327; x_wconf 80' lang='grc' dir='ltr'><strong><em>ταῦτα</em></strong></span> <span class='ocrx_word' id='word_1_9' title='bbox 919 280 993 336; x_wconf 80' lang='grc' dir='ltr'><strong>τὴν</strong></span> <span class='ocrx_word' id='word_1_10' title='bbox 1010 278 1149 336; x_wconf 82' lang='grc' dir='ltr'><strong><em>ψυχὴν</em></strong></span> <span class='ocrx_word' id='word_1_11' title='bbox 1166 283 1259 321; x_wconf 86' lang='grc' dir='ltr'><strong>ποεῖ</strong></span> 
     </span>
     <span class='ocr_line' id='line_1_3' title="bbox 396 347 1351 412; baseline -0.015 -12"><span class='ocrx_word' id='word_1_12' title='bbox 396 362 468 412; x_wconf 83' lang='grc' dir='ltr'><strong>τῆς</strong></span> <span class='ocrx_word' id='word_1_13' title='bbox 489 355 721 411; x_wconf 76' lang='grc' dir='ltr'><strong><em>βασιλίδος,</em></strong></span> <span class='ocrx_word' id='word_1_14' title='bbox 755 349 963 410; x_wconf 82' lang='grc' dir='ltr'><strong><em>κράτιστε,</em></strong></span> <span class='ocrx_word' id='word_1_15' title='bbox 997 353 1070 404; x_wconf 81' lang='grc' dir='ltr'><strong>τῆς</strong></span> <span class='ocrx_word' id='word_1_16' title='bbox 1093 347 1328 401; x_wconf 73' lang='grc' dir='ltr'><strong><em>εὐδαίμονος</em></strong></span> <span class='ocrx_word' id='word_1_17' title='bbox 1337 376 1351 398; x_wconf 90' lang='grc'><strong><em>,</em></strong></span> 
     </span>
     <span class='ocr_line' id='line_1_4' title="bbox 312 412 1411 481; baseline -0.013 -11"><span class='ocrx_word' id='word_1_18' title='bbox 312 429 367 470; x_wconf 88' lang='grc'><strong>60</strong></span> <span class='ocrx_word' id='word_1_19' title='bbox 401 429 473 481; x_wconf 78' lang='grc' dir='ltr'><strong>τῆς</strong></span> <span class='ocrx_word' id='word_1_20' title='bbox 497 422 616 466; x_wconf 76' lang='grc' dir='ltr'><strong><em>πάντ’</em></strong></span> <span class='ocrx_word' id='word_1_21' title='bbox 644 422 809 479; x_wconf 79' lang='grc' dir='ltr'><strong><em>ἀρίστης</em></strong></span> <span class='ocrx_word' id='word_1_22' title='bbox 817 451 831 473; x_wconf 86' lang='grc'><strong><em>,</em></strong></span> <span class='ocrx_word' id='word_1_23' title='bbox 864 424 941 474; x_wconf 81' lang='grc' dir='ltr'><strong><em>τῆς.</em></strong></span> <span class='ocrx_word' id='word_1_24' title='bbox 955 421 1081 473; x_wconf 83' lang='grc' dir='ltr'><strong><em>καλῆς</em></strong></span> <span class='ocrx_word' id='word_1_25' title='bbox 1096 417 1162 458; x_wconf 87' lang='grc' dir='ltr'><strong>καὶ</strong></span> <span class='ocrx_word' id='word_1_26' title='bbox 1184 412 1411 471; x_wconf 78' lang='grc' dir='ltr'><strong><em>πανσόφου,</em></strong></span> 
     </span>
     <span class='ocr_line' id='line_1_5' title="bbox 399 485 1226 548; baseline -0.012 -12"><span class='ocrx_word' id='word_1_27' title='bbox 399 493 501 548; x_wconf 63' lang='grc' dir='ltr'><strong><em>ἔχειν</em></strong></span> <span class='ocrx_word' id='word_1_28' title='bbox 522 490 622 548; x_wconf 69' lang='grc' dir='ltr'><strong><em>ὑπὲρ</em></strong></span> <span class='ocrx_word' id='word_1_29' title='bbox 643 494 717 534; x_wconf 83' lang='grc' dir='ltr'><strong>σοῦ</strong></span> <span class='ocrx_word' id='word_1_30' title='bbox 740 488 842 547; x_wconf 81' lang='grc' dir='ltr'><strong><em>πρὸς</em></strong></span> <span class='ocrx_word' id='word_1_31' title='bbox 866 487 965 530; x_wconf 75' lang='grc' dir='ltr'><strong><em>θεὸν</em></strong></span> <span class='ocrx_word' id='word_1_32' title='bbox 980 485 1226 544; x_wconf 75' lang='grc' dir='ltr'><strong><em>παρρησίαν,</em></strong></span> 
     </span>
     <span class='ocr_line' id='line_1_6' title="bbox 399 552 1155 616; baseline -0.012 -13"><span class='ocrx_word' id='word_1_33' title='bbox 399 562 450 616; x_wconf 64' lang='grc' dir='ltr'><strong><em>’ἢν</em></strong></span> <span class='ocrx_word' id='word_1_34' title='bbox 473 562 602 612; x_wconf 83' lang='grc' dir='ltr'><strong><em>ζῶσαν</em></strong></span> <span class='ocrx_word' id='word_1_35' title='bbox 623 557 722 612; x_wconf 74' lang='grc' dir='ltr'><strong><em>εἶχες</em></strong></span> <span class='ocrx_word' id='word_1_36' title='bbox 743 558 888 611; x_wconf 79' lang='grc' dir='ltr'><strong><em>εὗσεβῆ</em></strong></span> <span class='ocrx_word' id='word_1_37' title='bbox 909 552 1155 611; x_wconf 78' lang='grc' dir='ltr'><strong><em>συνεργάτιν,</em></strong></span> 
     </span>
     <span class='ocr_line' id='line_1_7' title="bbox 401 616 1287 682; baseline -0.012 -11"><span class='ocrx_word' id='word_1_38' title='bbox 401 630 483 671; x_wconf 76' lang='grc' dir='ltr'><strong><em>ἐπεὶ</em></strong></span> <span class='ocrx_word' id='word_1_39' title='bbox 508 628 550 670; x_wconf 81' lang='grc' dir='ltr'><strong>δὲ</strong></span> <span class='ocrx_word' id='word_1_40' title='bbox 571 631 761 682; x_wconf 73' lang='grc' dir='ltr'><strong><em>μετῆλθε,</em></strong></span> <span class='ocrx_word' id='word_1_41' title='bbox 795 625 993 682; x_wconf 77' lang='grc' dir='ltr'><strong><em>παρέσχες</em></strong></span> <span class='ocrx_word' id='word_1_42' title='bbox 1013 620 1074 671; x_wconf 79' lang='grc' dir='ltr'><strong><em>οἷς</em></strong></span> <span class='ocrx_word' id='word_1_43' title='bbox 1093 616 1287 675; x_wconf 68' lang='grc' dir='ltr'><strong><em>ὑπηκόοις</em></strong></span> 
     </span>
     <span class='ocr_line' id='line_1_8' title="bbox 404 689 1197 755; baseline -0.014 -15"><span class='ocrx_word' id='word_1_44' title='bbox 404 697 523 755; x_wconf 80' lang='grc' dir='ltr'><strong><em>ὅρκον</em></strong></span> <span class='ocrx_word' id='word_1_45' title='bbox 540 693 714 751; x_wconf 74' lang='grc' dir='ltr'><strong><em>βοηθόν,</em></strong></span> <span class='ocrx_word' id='word_1_46' title='bbox 745 693 864 750; x_wconf 82' lang='grc' dir='ltr'><strong><em>ὅρκον</em></strong></span> <span class='ocrx_word' id='word_1_47' title='bbox 886 689 1197 748; x_wconf 78' lang='grc' dir='ltr'><strong><em>ἂρραγέστατον,</em></strong></span> 
     </span>
     <span class='ocr_line' id='line_1_9' title="bbox 314 752 1336 821; baseline -0.014 -13"><span class='ocrx_word' id='word_1_48' title='bbox 314 764 368 808; x_wconf 88' lang='grc'><strong>65</strong></span> <span class='ocrx_word' id='word_1_49' title='bbox 403 765 449 808; x_wconf 77' lang='grc' dir='ltr'><strong>ὃν</strong></span> <span class='ocrx_word' id='word_1_50' title='bbox 467 765 513 807; x_wconf 82' lang='grc' dir='ltr'><strong>οὗ</strong></span> <span class='ocrx_word' id='word_1_51' title='bbox 535 767 765 821; x_wconf 79' lang='grc' dir='ltr'><strong><em>παρῆλθες,</em></strong></span> <span class='ocrx_word' id='word_1_52' title='bbox 799 759 893 803; x_wconf 73' lang='grc' dir='ltr'><strong>οὐδ’</strong></span> <span class='ocrx_word' id='word_1_53' title='bbox 919 752 1336 813; x_wconf 38' lang='grc' dir='ltr'><strong><em>ἕκὼν-,παραδράμοιᾳ</em></strong></span> 
     </span>
     <span class='ocr_line' id='line_1_10' title="bbox 469 819 1434 884; baseline -0.015 -9"><span class='ocrx_word' id='word_1_54' title='bbox 469 834 554 875; x_wconf 85' lang='grc' dir='ltr'><strong>Καὶ</strong></span> <span class='ocrx_word' id='word_1_55' title='bbox 576 835 704 874; x_wconf 79' lang='grc' dir='ltr'><strong><em>ταῦτα</em></strong></span> <span class='ocrx_word' id='word_1_56' title='bbox 720 830 794 884; x_wconf 77' lang='grc' dir='ltr'><strong>μὲν</strong></span> <span class='ocrx_word' id='word_1_57' title='bbox 812 828 863 882; x_wconf 83' lang='grc' dir='ltr'><strong>ὁὴ</strong></span> <span class='ocrx_word' id='word_1_58' title='bbox 880 830 1030 870; x_wconf 82' lang='grc' dir='ltr'><strong><em>ταῦτα·</em></strong></span> <span class='ocrx_word' id='word_1_59' title='bbox 1053 825 1162 882; x_wconf 87' lang='grc' dir='ltr'><strong><em>πρὸς</em></strong></span> <span class='ocrx_word' id='word_1_60' title='bbox 1182 824 1225 866; x_wconf 81' lang='grc' dir='ltr'><strong>δὲ</strong></span> <span class='ocrx_word' id='word_1_61' title='bbox 1245 821 1315 864; x_wconf 83' lang='grc' dir='ltr'><strong>τὸν</strong></span> <span class='ocrx_word' id='word_1_62' title='bbox 1336 819 1434 863; x_wconf 78' lang='grc' dir='ltr'><strong><em>νεῶν</em></strong></span> 
     </span>
     <span class='ocr_line' id='line_1_11' title="bbox 404 893 1301 955; baseline -0.012 -12"><span class='ocrx_word' id='word_1_63' title='bbox 404 899 484 955; x_wconf 69' lang='grc' dir='ltr'><strong>’ἤδη</strong></span> <span class='ocrx_word' id='word_1_64' title='bbox 504 901 679 954; x_wconf 79' lang='grc' dir='ltr'><strong><em>βαδίζειν</em></strong></span> <span class='ocrx_word' id='word_1_65' title='bbox 698 895 959 952; x_wconf 76' lang='grc' dir='ltr'><strong><em>βουλομένοις</em></strong></span> <span class='ocrx_word' id='word_1_66' title='bbox 981 897 1152 952; x_wconf 73' lang='grc' dir='ltr'><strong><em>θαρρεῖν</em></strong></span> <span class='ocrx_word' id='word_1_67' title='bbox 1172 893 1301 935; x_wconf 82' lang='grc' dir='ltr'><strong><em>δίδου.</em></strong></span> 
     </span>
     <span class='ocr_line' id='line_1_12' title="bbox 408 957 1327 1015; baseline -0.012 -4"><span class='ocrx_word' id='word_1_68' title='bbox 408 967 510 1011; x_wconf 67' lang='grc' dir='ltr'><strong><em>ἴστω</em></strong></span> <span class='ocrx_word' id='word_1_69' title='bbox 530 968 573 1009; x_wconf 75' lang='grc' dir='ltr'><strong>ὁὲ</strong></span> <span class='ocrx_word' id='word_1_70' title='bbox 590 972 670 1010; x_wconf 82' lang='grc' dir='ltr'><strong>τῶν</strong></span> <span class='ocrx_word' id='word_1_71' title='bbox 687 970 770 1009; x_wconf 80' lang='grc' dir='ltr'><strong>σῶν</strong></span> <span class='ocrx_word' id='word_1_72' title='bbox 791 966 857 1008; x_wconf 84' lang='grc' dir='ltr'><strong>καὶ</strong></span> <span class='ocrx_word' id='word_1_73' title='bbox 877 964 968 1006; x_wconf 81' lang='grc' dir='ltr'><strong><em>τοδί</em></strong></span> <span class='ocrx_word' id='word_1_74' title='bbox 985 979 1064 1006; x_wconf 89' lang='grc' dir='ltr'><strong>που</strong></span> <span class='ocrx_word' id='word_1_75' title='bbox 1084 957 1327 1015; x_wconf 71' lang='grc' dir='ltr'><strong><em>θαυμάτων,</em></strong></span> 
     </span>
     <span class='ocr_line' id='line_1_13' title="bbox 411 1026 1358 1093; baseline -0.012 -15"><span class='ocrx_word' id='word_1_76' title='bbox 411 1034 554 1092; x_wconf 81' lang='grc' dir='ltr'><strong><em>λόγους</em></strong></span> <span class='ocrx_word' id='word_1_77' title='bbox 573 1038 746 1093; x_wconf 82' lang='grc' dir='ltr'><strong><em>φανῆναι</em></strong></span> <span class='ocrx_word' id='word_1_78' title='bbox 763 1037 931 1091; x_wconf 82' lang='grc' dir='ltr'><strong><em>πρᾶγμα</em></strong></span> <span class='ocrx_word' id='word_1_79' title='bbox 950 1034 1182 1086; x_wconf 82' lang='grc' dir='ltr'><strong><em>τολμῶντας</em></strong></span> <span class='ocrx_word' id='word_1_80' title='bbox 1201 1026 1358 1086; x_wconf 80' lang='grc' dir='ltr'><strong><em>φράσαι</em></strong></span> 
     </span>
     <span class='ocr_line' id='line_1_14' title="bbox 279 1097 1248 1156; baseline -0.01 -9"><span class='ocrx_word' id='word_1_81' title='bbox 279 1115 281 1117; x_wconf 84' lang='grc'><strong>’</strong></span> <span class='ocrx_word' id='word_1_82' title='bbox 323 1106 380 1146; x_wconf 82' lang='grc'><strong>70</strong></span> <span class='ocrx_word' id='word_1_83' title='bbox 413 1103 459 1146; x_wconf 87' lang='grc' dir='ltr'><strong><em>τὸ</em></strong></span> <span class='ocrx_word' id='word_1_84' title='bbox 477 1103 607 1146; x_wconf 84' lang='grc' dir='ltr'><strong><em>πάντα</em></strong></span> <span class='ocrx_word' id='word_1_85' title='bbox 627 1107 745 1145; x_wconf 81' lang='grc' dir='ltr'><strong><em>νικῶν</em></strong></span> <span class='ocrx_word' id='word_1_86' title='bbox 761 1098 988 1156; x_wconf 71' lang='grc' dir='ltr'><strong><em>θαυμάτων</em></strong></span> <span class='ocrx_word' id='word_1_87' title='bbox 1008 1097 1227 1154; x_wconf 71' lang='grc' dir='ltr'><strong><em>ὑπερβολῇ.</em></strong></span> <span class='ocrx_word' id='word_1_88' title='bbox 1246 1133 1248 1136; x_wconf 79' lang='grc'><strong><em>,</em></strong></span> 
     </span>
     <span class='ocr_line' id='line_1_15' title="bbox 414 1162 1310 1226; baseline -0.009 -13"><span class='ocrx_word' id='word_1_89' title='bbox 414 1170 520 1215; x_wconf 68' lang='grc' dir='ltr'><strong><em>ἔστιν</em></strong></span> <span class='ocrx_word' id='word_1_90' title='bbox 541 1172 583 1213; x_wconf 78' lang='grc' dir='ltr'><strong>δὲ</strong></span> <span class='ocrx_word' id='word_1_91' title='bbox 604 1173 746 1226; x_wconf 78' lang='grc' dir='ltr'><strong><em>δεῖγμα</em></strong></span> <span class='ocrx_word' id='word_1_92' title='bbox 763 1174 843 1214; x_wconf 83' lang='grc' dir='ltr'><strong>τῶν</strong></span> <span class='ocrx_word' id='word_1_93' title='bbox 864 1168 966 1225; x_wconf 73' lang='grc' dir='ltr'><strong><em>ἄγαν</em></strong></span> <span class='ocrx_word' id='word_1_94' title='bbox 985 1182 1059 1211; x_wconf 86' lang='grc' dir='ltr'><strong>σου</strong></span> <span class='ocrx_word' id='word_1_95' title='bbox 1082 1162 1310 1220; x_wconf 69' lang='grc' dir='ltr'><strong><em>θαυμάτων</em></strong></span> 
     </span>
     <span class='ocr_line' id='line_1_16' title="bbox 414 1232 1346 1296; baseline -0.01 -14"><span class='ocrx_word' id='word_1_96' title='bbox 414 1238 436 1281; x_wconf 85' lang='grc' dir='ltr'><strong>ὃ</strong></span> <span class='ocrx_word' id='word_1_97' title='bbox 458 1244 648 1290; x_wconf 85' lang='grc' dir='ltr'><strong><em>τοσοῦτος</em></strong></span> <span class='ocrx_word' id='word_1_98' title='bbox 667 1239 788 1296; x_wconf 69' lang='grc' dir='ltr'><strong><em>ἔρως,</em></strong></span> <span class='ocrx_word' id='word_1_99' title='bbox 830 1236 875 1280; x_wconf 77' lang='grc' dir='ltr'><strong>ὃν</strong></span> <span class='ocrx_word' id='word_1_100' title='bbox 893 1236 920 1292; x_wconf 73' lang='grc' dir='ltr'><strong><em>ἦ</em></strong></span> <span class='ocrx_word' id='word_1_101' title='bbox 942 1234 1057 1287; x_wconf 86' lang='grc' dir='ltr'><strong><em>πόλις</em></strong></span> <span class='ocrx_word' id='word_1_102' title='bbox 1073 1238 1186 1278; x_wconf 83' lang='grc' dir='ltr'><strong><em>πᾶσα</em></strong></span> <span class='ocrx_word' id='word_1_103' title='bbox 1209 1232 1346 1290; x_wconf 68' lang='grc' dir='ltr'><strong><em>τρέφει</em></strong></span> 
     </span>
     <span class='ocr_line' id='line_1_17' title="bbox 416 1296 1382 1364; baseline -0.009 -15"><span class='ocrx_word' id='word_1_104' title='bbox 416 1308 480 1349; x_wconf 82' lang='grc' dir='ltr'><strong><em>ε’πὶ</em></strong></span> <span class='ocrx_word' id='word_1_105' title='bbox 500 1308 586 1359; x_wconf 90' lang='grc' dir='ltr'><strong><em>σοί,</em></strong></span> <span class='ocrx_word' id='word_1_106' title='bbox 620 1311 787 1361; x_wconf 81' lang='grc' dir='ltr'><strong><em>βασιλεῦ’</em></strong></span> <span class='ocrx_word' id='word_1_107' title='bbox 809 1304 1017 1364; x_wconf 86' lang='grc' dir='ltr'><strong><em>κράτιστε,</em></strong></span> <span class='ocrx_word' id='word_1_108' title='bbox 1052 1304 1120 1346; x_wconf 86' lang='grc' dir='ltr'><strong>καὶ</strong></span> <span class='ocrx_word' id='word_1_109' title='bbox 1136 1306 1192 1361; x_wconf 73' lang='grc' dir='ltr'><strong><em>τῷ</em></strong></span> <span class='ocrx_word' id='word_1_110' title='bbox 1213 1305 1272 1361; x_wconf 74' lang='grc' dir='ltr'><strong>σῷ</strong></span> <span class='ocrx_word' id='word_1_111' title='bbox 1290 1296 1382 1358; x_wconf 71' lang='grc' dir='ltr'><strong><em>νεῴ.</em></strong></span> 
     </span>
     <span class='ocr_line' id='line_1_18' title="bbox 418 1370 1166 1432; baseline -0.007 -15"><span class='ocrx_word' id='word_1_112' title='bbox 418 1375 500 1417; x_wconf 76' lang='grc' dir='ltr'><strong><em>ἐπεὶ</em></strong></span> <span class='ocrx_word' id='word_1_113' title='bbox 518 1375 594 1432; x_wconf 82' lang='grc' dir='ltr'><strong><em>γὰρ</em></strong></span> <span class='ocrx_word' id='word_1_114' title='bbox 614 1371 706 1430; x_wconf 67' lang='grc' dir='ltr'><strong>Ι’ἦγες</strong></span> <span class='ocrx_word' id='word_1_115' title='bbox 725 1375 798 1429; x_wconf 85' lang='grc' dir='ltr'><strong>τὴν</strong></span> <span class='ocrx_word' id='word_1_116' title='bbox 818 1373 959 1431; x_wconf 74' lang='grc' dir='ltr'><strong><em>ἑορτὴν</em></strong></span> <span class='ocrx_word' id='word_1_117' title='bbox 980 1370 1034 1423; x_wconf 81' lang='grc' dir='ltr'><strong><em>ὥς</em></strong></span> <span class='ocrx_word' id='word_1_118' title='bbox 1057 1370 1166 1422; x_wconf 65' lang='grc' dir='ltr'><strong><em>ἔδει,</em></strong></span> 
     </span>
     <span class='ocr_line' id='line_1_19' title="bbox 328 1439 1159 1498; baseline -0.004 -14"><span class='ocrx_word' id='word_1_119' title='bbox 328 1441 383 1484; x_wconf 83' lang='lat'><strong>75</strong></span> <span class='ocrx_word' id='word_1_120' title='bbox 418 1441 523 1492; x_wconf 79' lang='grc' dir='ltr'><strong><em>ἅπας</em></strong></span> <span class='ocrx_word' id='word_1_121' title='bbox 542 1441 562 1485; x_wconf 85' lang='grc' dir='ltr'><em>ὃ</em></span> <span class='ocrx_word' id='word_1_122' title='bbox 583 1445 710 1497; x_wconf 78' lang='grc' dir='ltr'><strong><em>δῆμος</em></strong></span> <span class='ocrx_word' id='word_1_123' title='bbox 728 1440 874 1494; x_wconf 67' lang='grc' dir='ltr'><strong><em>εὐθύς,</em></strong></span> <span class='ocrx_word' id='word_1_124' title='bbox 907 1439 935 1496; x_wconf 75' lang='grc' dir='ltr'>ἦ</span> <span class='ocrx_word' id='word_1_125' title='bbox 955 1440 1159 1498; x_wconf 76' lang='grc' dir='ltr'><strong><em>γερουσία,</em></strong></span> 
     </span>
     <span class='ocr_line' id='line_1_20' title="bbox 421 1506 1221 1563; baseline -0.011 -10"><span class='ocrx_word' id='word_1_126' title='bbox 421 1511 460 1553; x_wconf 79' lang='grc' dir='ltr'><strong>οἱ</strong></span> <span class='ocrx_word' id='word_1_127' title='bbox 479 1510 548 1552; x_wconf 84' lang='grc' dir='ltr'><strong>τὸν</strong></span> <span class='ocrx_word' id='word_1_128' title='bbox 566 1511 689 1563; x_wconf 79' lang='grc' dir='ltr'><strong><em>μέσον</em></strong></span> <span class='ocrx_word' id='word_1_129' title='bbox 711 1512 917 1562; x_wconf 80' lang='grc' dir='ltr'><strong><em>ζηλοῦντες</em></strong></span> <span class='ocrx_word' id='word_1_130' title='bbox 934 1509 1099 1561; x_wconf 80' lang='grc' dir='ltr'><strong><em>ἀσφαλῆ</em></strong></span> <span class='ocrx_word' id='word_1_131' title='bbox 1117 1506 1221 1557; x_wconf 84' lang='grc' dir='ltr'><strong><em>βίον,</em></strong></span> 
     </span>
     <span class='ocr_line' id='line_1_21' title="bbox 419 1569 1136 1633; baseline -0.008 -13"><span class='ocrx_word' id='word_1_132' title='bbox 419 1577 495 1627; x_wconf 81' lang='grc' dir='ltr'><strong>τὰς</strong></span> <span class='ocrx_word' id='word_1_133' title='bbox 514 1581 586 1631; x_wconf 79' lang='grc' dir='ltr'><strong>τῆς</strong></span> <span class='ocrx_word' id='word_1_134' title='bbox 607 1574 748 1633; x_wconf 65' lang='grc' dir='ltr'><strong><em>ἑορτῆς</em></strong></span> <span class='ocrx_word' id='word_1_135' title='bbox 765 1573 919 1631; x_wconf 75' lang='grc' dir='ltr'><strong><em>ἡμέρας</em></strong></span> <span class='ocrx_word' id='word_1_136' title='bbox 939 1569 1136 1627; x_wconf 71' lang='grc' dir='ltr'><strong><em>ἔπεξάγειν</em></strong></span> 
     </span>
     <span class='ocr_line' id='line_1_22' title="bbox 420 1631 1444 1702; baseline -0.015 -14"><span class='ocrx_word' id='word_1_137' title='bbox 420 1644 558 1702; x_wconf 76' lang='grc' dir='ltr'><strong><em>ᾔτουν.</em></strong></span> <span class='ocrx_word' id='word_1_138' title='bbox 625 1649 821 1700; x_wconf 81' lang='grc' dir='ltr'><strong><em>παρεῖχες.</em></strong></span> <span class='ocrx_word' id='word_1_139' title='bbox 888 1640 1128 1697; x_wconf 70' lang='grc' dir='ltr'><strong><em>ἐξέδραμον·</em></strong></span> <span class='ocrx_word' id='word_1_140' title='bbox 1162 1634 1285 1694; x_wconf 72' lang='grc' dir='ltr'><strong><em>ᾔτουν</em></strong></span> <span class='ocrx_word' id='word_1_141' title='bbox 1308 1631 1444 1685; x_wconf 86' lang='grc' dir='ltr'><strong><em>πάλιν,</em></strong></span> 
     </span>
     <span class='ocr_line' id='line_1_23' title="bbox 424 1700 1344 1769; baseline -0.011 -15"><span class='ocrx_word' id='word_1_142' title='bbox 424 1712 546 1754; x_wconf 88' lang='grc' dir='ltr'><strong><em>πάλιν</em></strong></span> <span class='ocrx_word' id='word_1_143' title='bbox 563 1717 760 1769; x_wconf 77' lang='grc' dir='ltr'><strong><em>παρεῖχες.</em></strong></span> <span class='ocrx_word' id='word_1_144' title='bbox 825 1713 943 1752; x_wconf 76' lang='grc' dir='ltr'><strong><em>τοῦτο</em></strong></span> <span class='ocrx_word' id='word_1_145' title='bbox 964 1709 1007 1751; x_wconf 74' lang='grc' dir='ltr'><strong>δέ</strong></span> <span class='ocrx_word' id='word_1_146' title='bbox 1023 1710 1138 1764; x_wconf 77' lang='grc' dir='ltr'><strong><em>δρῶν..</em></strong></span> <span class='ocrx_word' id='word_1_147' title='bbox 1149 1700 1344 1752; x_wconf 85' lang='grc' dir='ltr'><strong><em>πολλάκις</em></strong></span> 
     </span>
     <span class='ocr_line' id='line_1_24' title="bbox 340 1776 1458 1835; baseline -0.009 -12"><span class='ocrx_word' id='word_1_148' title='bbox 340 1783 396 1823; x_wconf 88' lang='grc'><strong>80</strong></span> <span class='ocrx_word' id='word_1_149' title='bbox 429 1781 667 1831; x_wconf 73' lang='grc' dir='ltr'><strong><em>ἔπεξέτεινας</em></strong></span> <span class='ocrx_word' id='word_1_150' title='bbox 684 1780 757 1834; x_wconf 85' lang='grc' dir='ltr'><strong>τὴν</strong></span> <span class='ocrx_word' id='word_1_151' title='bbox 776 1776 918 1835; x_wconf 67' lang='grc' dir='ltr'><strong><em>ἑορτὴν</em></strong></span> <span class='ocrx_word' id='word_1_152' title='bbox 934 1776 1148 1825; x_wconf 88' lang='grc' dir='ltr'><strong><em>πλουσίως.</em></strong></span> <span class='ocrx_word' id='word_1_153' title='bbox 1454 1819 1458 1821; x_wconf 8' lang='grc' dir='ltr'>μ</span> 
     </span>
     <span class='ocr_line' id='line_1_25' title="bbox 382 1858 1745 1914; baseline -0.015 -4"><span class='ocrx_word' id='word_1_154' title='bbox 382 1874 428 1909; x_wconf 83' lang='grc'><strong>59</strong></span> <span class='ocrx_word' id='word_1_155' title='bbox 450 1874 593 1909; x_wconf 86' lang='lat' dir='ltr'><strong>biennio</strong></span> <span class='ocrx_word' id='word_1_156' title='bbox 623 1878 705 1909; x_wconf 87' lang='lat' dir='ltr'><strong>ante</strong></span> <span class='ocrx_word' id='word_1_157' title='bbox 737 1872 875 1907; x_wconf 85' lang='lat' dir='ltr'><strong>obierat</strong></span> <span class='ocrx_word' id='word_1_158' title='bbox 896 1870 1107 1914; x_wconf 79' lang='lat' dir='ltr'><strong>Theodora,</strong></span> <span class='ocrx_word' id='word_1_159' title='bbox 1139 1867 1164 1903; x_wconf 78' lang='lat'>4</span> <span class='ocrx_word' id='word_1_160' title='bbox 1184 1865 1308 1902; x_wconf 88' lang='lat' dir='ltr'><strong>Nonas</strong></span> <span class='ocrx_word' id='word_1_161' title='bbox 1326 1862 1457 1906; x_wconf 84' lang='lat' dir='ltr'><strong>Iulias,</strong></span> <span class='ocrx_word' id='word_1_162' title='bbox 1489 1858 1569 1894; x_wconf 78' lang='lat' dir='ltr'><strong>Iud.</strong></span> <span class='ocrx_word' id='word_1_163' title='bbox 1596 1859 1652 1912; x_wconf 80' lang='lat'><strong>¹⁰:</strong></span> <span class='ocrx_word' id='word_1_164' title='bbox 1698 1858 1745 1893; x_wconf 82' lang='lat' dir='ltr'><strong>de</strong></span> 
     </span>
     <span class='ocr_line' id='line_1_26' title="bbox 382 1905 1744 1967; baseline -0.013 -12"><span class='ocrx_word' id='word_1_165' title='bbox 382 1921 496 1955; x_wconf 81' lang='lat' dir='ltr'><strong>forma</strong></span> <span class='ocrx_word' id='word_1_166' title='bbox 528 1920 685 1967; x_wconf 84' lang='lat' dir='ltr'><strong>corporis</strong></span> <span class='ocrx_word' id='word_1_167' title='bbox 712 1919 923 1962; x_wconf 81' lang='lat' dir='ltr'><strong>Theodorae</strong></span> <span class='ocrx_word' id='word_1_168' title='bbox 954 1916 1036 1951; x_wconf 84' lang='lat' dir='ltr'><strong>vide</strong></span> <span class='ocrx_word' id='word_1_169' title='bbox 1058 1915 1208 1959; x_wconf 90' lang='lat' dir='ltr'><strong>Procop.</strong></span> <span class='ocrx_word' id='word_1_170' title='bbox 1246 1912 1290 1945; x_wconf 85' lang='lat' dir='ltr'><strong>de</strong></span> <span class='ocrx_word' id='word_1_171' title='bbox 1309 1909 1426 1945; x_wconf 74' lang='lat' dir='ltr'><strong>Aedis.</strong></span> <span class='ocrx_word' id='word_1_172' title='bbox 1454 1907 1473 1941; x_wconf 87' lang='lat' dir='ltr'>l</span> <span class='ocrx_word' id='word_1_173' title='bbox 1507 1906 1588 1959; x_wconf 46' lang='lat'>11‚&#39;</span> <span class='ocrx_word' id='word_1_174' title='bbox 1604 1905 1744 1938; x_wconf 74' lang='lat' dir='ltr'><strong>Hmtor.</strong></span> 
     </span>
     <span class='ocr_line' id='line_1_27' title="bbox 383 1946 1746 2010; baseline -0.01 -9"><span class='ocrx_word' id='word_1_175' title='bbox 383 1965 468 2000; x_wconf 87' lang='lat' dir='ltr'><strong>Arc.</strong></span> <span class='ocrx_word' id='word_1_176' title='bbox 491 1977 523 2000; x_wconf 90' lang='lat' dir='ltr'><strong>c.</strong></span> <span class='ocrx_word' id='word_1_177' title='bbox 546 1968 589 2000; x_wconf 92' lang='grc'><strong>10</strong></span> <span class='ocrx_word' id='word_1_178' title='bbox 610 1970 645 2000; x_wconf 89' lang='lat' dir='ltr'><strong>et</strong></span> <span class='ocrx_word' id='word_1_179' title='bbox 662 1964 847 2010; x_wconf 85' lang='lat' dir='ltr'><strong>Antholog.</strong></span> <span class='ocrx_word' id='word_1_180' title='bbox 872 1964 940 1997; x_wconf 84' lang='lat' dir='ltr'><strong>Gr.</strong></span> <span class='ocrx_word' id='word_1_181' title='bbox 963 1962 987 1997; x_wconf 85' lang='lat'>4</span> <span class='ocrx_word' id='word_1_182' title='bbox 1011 1961 1066 1996; x_wconf 86' lang='lat'><strong>15.</strong></span> <span class='ocrx_word' id='word_1_183' title='bbox 1089 1960 1329 1995; x_wconf 69' lang='lat' dir='ltr'><strong>Ducmems.</strong></span> <span class='ocrx_word' id='word_1_184' title='bbox 1428 1951 1474 1985; x_wconf 79' lang='grc'><strong>63</strong></span> <span class='ocrx_word' id='word_1_185' title='bbox 1491 1959 1668 1994; x_wconf 77' lang='grc' dir='ltr'><strong><em>παρεσκες</em></strong></span> <span class='ocrx_word' id='word_1_186' title='bbox 1689 1946 1746 1988; x_wconf 77' lang='grc' dir='ltr'><strong>οἷς</strong></span> 
     </span>
    </p>
   </div>
   <div class='ocr_carea' id='block_1_3' title="bbox 384 1994 1743 2100">
    <p class='ocr_par' dir='ltr' id='par_1_3' title="bbox 384 1994 1743 2100">
     <span class='ocr_line' id='line_1_28' title="bbox 384 1994 1743 2055; baseline -0.013 -10"><span class='ocrx_word' id='word_1_187' title='bbox 384 2011 626 2046; x_wconf 73' lang='lat' dir='ltr'><strong>Hermannuse</strong></span> <span class='ocrx_word' id='word_1_188' title='bbox 654 2008 811 2055; x_wconf 79' lang='grc' dir='ltr'><strong><em>παρέσχε</em></strong></span> <span class='ocrx_word' id='word_1_189' title='bbox 831 2010 911 2048; x_wconf 81' lang='grc' dir='ltr'><strong><em>τοῖς</em></strong></span> <span class='ocrx_word' id='word_1_190' title='bbox 934 2008 1058 2045; x_wconf 84' lang='lat' dir='ltr'><strong>codex.</strong></span> <span class='ocrx_word' id='word_1_191' title='bbox 1162 2003 1209 2038; x_wconf 83' lang='lat'><strong>68</strong></span> <span class='ocrx_word' id='word_1_192' title='bbox 1228 2000 1313 2037; x_wconf 74' lang='grc' dir='ltr'><strong><em>τοδί</em></strong></span> <span class='ocrx_word' id='word_1_193' title='bbox 1332 2010 1407 2034; x_wconf 76' lang='grc' dir='ltr'><strong>που</strong></span> <span class='ocrx_word' id='word_1_194' title='bbox 1428 1995 1666 2041; x_wconf 84' lang='lat' dir='ltr'><strong>Niebuhrius,</strong></span> <span class='ocrx_word' id='word_1_195' title='bbox 1700 1994 1743 2030; x_wconf 80' lang='grc' dir='ltr'><strong><em>τὸ</em></strong></span> 
     </span>
     <span class='ocr_line' id='line_1_29' title="bbox 386 2052 986 2100; baseline -0.003 -11"><span class='ocrx_word' id='word_1_196' title='bbox 386 2055 509 2100; x_wconf 84' lang='grc' dir='ltr'><strong><em>δήπου</em></strong></span> <span class='ocrx_word' id='word_1_197' title='bbox 533 2057 655 2090; x_wconf 76' lang='lat' dir='ltr'><strong>codeX.</strong></span> <span class='ocrx_word' id='word_1_198' title='bbox 791 2055 837 2089; x_wconf 79' lang='lat'><strong>73</strong></span> <span class='ocrx_word' id='word_1_199' title='bbox 857 2053 928 2098; x_wconf 82' lang='grc' dir='ltr'><strong>νεῷ</strong></span> <span class='ocrx_word' id='word_1_200' title='bbox 948 2052 986 2087; x_wconf 87' lang='grc' dir='ltr'><strong>Ν</strong></span> 
     </span>
    </p>
   </div>
   <div class='ocr_carea' id='block_1_4' title="bbox 296 2111 1779 2860">
    <p class='ocr_par' dir='ltr' id='par_1_4' title="bbox 296 2111 1779 2359">
     <span class='ocr_line' id='line_1_30' title="bbox 296 2111 1779 2178; baseline -0.009 -10"><span class='ocrx_word' id='word_1_201' title='bbox 296 2132 532 2178; x_wconf 83' lang='lat' dir='ltr'><strong>magnanime,</strong></span> <span class='ocrx_word' id='word_1_202' title='bbox 562 2134 602 2166; x_wconf 87' lang='lat' dir='ltr'><strong>ut</strong></span> <span class='ocrx_word' id='word_1_203' title='bbox 625 2130 738 2166; x_wconf 87' lang='lat' dir='ltr'><strong>anima</strong></span> <span class='ocrx_word' id='word_1_204' title='bbox 758 2128 992 2176; x_wconf 76' lang='lat' dir='ltr'><strong>imperatricis</strong></span> <span class='ocrx_word' id='word_1_205' title='bbox 1009 2129 1142 2163; x_wconf 80' lang='lat' dir='ltr'><strong>beatae</strong></span> <span class='ocrx_word' id='word_1_206' title='bbox 1153 2124 1308 2173; x_wconf 81' lang='lat' dir='ltr'><strong>optimae</strong></span> <span class='ocrx_word' id='word_1_207' title='bbox 1333 2123 1411 2168; x_wconf 89' lang='grc'>(60)</span> <span class='ocrx_word' id='word_1_208' title='bbox 1433 2123 1608 2158; x_wconf 75' lang='lat' dir='ltr'><strong>formosae</strong></span> <span class='ocrx_word' id='word_1_209' title='bbox 1631 2123 1668 2156; x_wconf 87' lang='lat' dir='ltr'><strong>et</strong></span> <span class='ocrx_word' id='word_1_210' title='bbox 1689 2131 1747 2156; x_wconf 84' lang='lat' dir='ltr'><strong>sa-</strong></span> <span class='ocrx_word' id='word_1_211' title='bbox 1772 2111 1779 2122; x_wconf 74' lang='lat'>⁸</span> 
     </span>
     <span class='ocr_line' id='line_1_31' title="bbox 296 2166 1750 2224; baseline -0.008 -12"><span class='ocrx_word' id='word_1_212' title='bbox 296 2179 427 2224; x_wconf 89' lang='lat' dir='ltr'><strong>pientis</strong></span> <span class='ocrx_word' id='word_1_213' title='bbox 450 2179 543 2223; x_wconf 86' lang='lat' dir='ltr'><strong>apud</strong></span> <span class='ocrx_word' id='word_1_214' title='bbox 562 2179 663 2212; x_wconf 88' lang='lat' dir='ltr'><strong>deum</strong></span> <span class='ocrx_word' id='word_1_215' title='bbox 684 2188 748 2222; x_wconf 90' lang='lat' dir='ltr'><strong>pro</strong></span> <span class='ocrx_word' id='word_1_216' title='bbox 766 2180 803 2210; x_wconf 88' lang='lat' dir='ltr'><strong>te</strong></span> <span class='ocrx_word' id='word_1_217' title='bbox 826 2175 1042 2218; x_wconf 80' lang='lat' dir='ltr'><strong>intercedat,</strong></span> <span class='ocrx_word' id='word_1_218' title='bbox 1076 2184 1195 2219; x_wconf 85' lang='lat' dir='ltr'><strong>quam,</strong></span> <span class='ocrx_word' id='word_1_219' title='bbox 1226 2172 1307 2205; x_wconf 85' lang='lat' dir='ltr'><strong>dum</strong></span> <span class='ocrx_word' id='word_1_220' title='bbox 1333 2173 1510 2215; x_wconf 82' lang='lat' dir='ltr'><strong>superstes</strong></span> <span class='ocrx_word' id='word_1_221' title='bbox 1534 2171 1632 2212; x_wconf 84' lang='lat' dir='ltr'><strong>erat,</strong></span> <span class='ocrx_word' id='word_1_222' title='bbox 1654 2166 1750 2212; x_wconf 86' lang='lat' dir='ltr'><strong>piam</strong></span> 
     </span>
     <span class='ocr_line' id='line_1_32' title="bbox 297 2213 1762 2266; baseline -0.007 -8"><span class='ocrx_word' id='word_1_223' title='bbox 297 2224 396 2258; x_wconf 84' lang='lat' dir='ltr'><strong>vitae</strong></span> <span class='ocrx_word' id='word_1_224' title='bbox 425 2227 619 2257; x_wconf 84' lang='lat' dir='ltr'><strong>consortem</strong></span> <span class='ocrx_word' id='word_1_225' title='bbox 647 2227 770 2256; x_wconf 86' lang='lat' dir='ltr'><strong>nactus</strong></span> <span class='ocrx_word' id='word_1_226' title='bbox 794 2232 845 2256; x_wconf 85' lang='lat' dir='ltr'><strong>es.</strong></span> <span class='ocrx_word' id='word_1_227' title='bbox 890 2225 1075 2266; x_wconf 81' lang='lat' dir='ltr'><strong>postquam</strong></span> <span class='ocrx_word' id='word_1_228' title='bbox 1097 2229 1183 2253; x_wconf 80' lang='lat' dir='ltr'><strong>vero</strong></span> <span class='ocrx_word' id='word_1_229' title='bbox 1206 2217 1266 2251; x_wconf 85' lang='lat' dir='ltr'><strong>illa</strong></span> <span class='ocrx_word' id='word_1_230' title='bbox 1287 2215 1333 2250; x_wconf 82' lang='lat' dir='ltr'><strong>ad</strong></span> <span class='ocrx_word' id='word_1_231' title='bbox 1356 2225 1501 2260; x_wconf 86' lang='lat' dir='ltr'><strong>superos</strong></span> <span class='ocrx_word' id='word_1_232' title='bbox 1521 2213 1683 2256; x_wconf 89' lang='lat' dir='ltr'><strong>transiit,</strong></span> <span class='ocrx_word' id='word_1_233' title='bbox 1708 2225 1762 2259; x_wconf 29' lang='lat' dir='ltr'><strong>so.</strong></span> 
     </span>
     <span class='ocr_line' id='line_1_33' title="bbox 300 2257 1763 2313; baseline -0.006 -10"><span class='ocrx_word' id='word_1_234' title='bbox 300 2269 403 2303; x_wconf 89' lang='lat' dir='ltr'><strong>lenne</strong></span> <span class='ocrx_word' id='word_1_235' title='bbox 416 2269 564 2312; x_wconf 73' lang='lat' dir='ltr'><strong>¹subditis</strong></span> <span class='ocrx_word' id='word_1_236' title='bbox 583 2268 649 2302; x_wconf 88' lang='lat' dir='ltr'><strong>tibi</strong></span> <span class='ocrx_word' id='word_1_237' title='bbox 666 2266 804 2313; x_wconf 86' lang='lat' dir='ltr'><strong>populis</strong></span> <span class='ocrx_word' id='word_1_238' title='bbox 826 2264 1038 2311; x_wconf 74' lang='lat' dir='ltr'><strong>praestitisti</strong></span> <span class='ocrx_word' id='word_1_239' title='bbox 1057 2267 1317 2307; x_wconf 83' lang='lat' dir='ltr'><strong>sacramentum,</strong></span> <span class='ocrx_word' id='word_1_240' title='bbox 1340 2263 1589 2295; x_wconf 77' lang='lat' dir='ltr'><strong>sacramentum</strong></span> <span class='ocrx_word' id='word_1_241' title='bbox 1611 2257 1763 2297; x_wconf 74' lang='lat' dir='ltr'><strong>omnino,</strong></span> 
     </span>
     <span class='ocr_line' id='line_1_34' title="bbox 300 2303 1686 2359; baseline -0.009 -10"><span class='ocrx_word' id='word_1_242' title='bbox 300 2315 497 2359; x_wconf 82' lang='lat' dir='ltr'><strong>infractum,</strong></span> <span class='ocrx_word' id='word_1_243' title='bbox 523 2314 602 2358; x_wconf 88' lang='lat'>(65)</span> <span class='ocrx_word' id='word_1_244' title='bbox 627 2314 720 2358; x_wconf 87' lang='lat' dir='ltr'><strong>quod</strong></span> <span class='ocrx_word' id='word_1_245' title='bbox 743 2323 915 2357; x_wconf 83' lang='lat' dir='ltr'><strong>nunquam</strong></span> <span class='ocrx_word' id='word_1_246' title='bbox 939 2322 977 2345; x_wconf 84' lang='lat' dir='ltr'><strong>es</strong></span> <span class='ocrx_word' id='word_1_247' title='bbox 999 2314 1280 2356; x_wconf 71' lang='lat' dir='ltr'><strong>praetergressus</strong></span> <span class='ocrx_word' id='word_1_248' title='bbox 1294 2318 1368 2345; x_wconf 9' lang='lat' dir='ltr'><strong>inec</strong></span> <span class='ocrx_word' id='word_1_249' title='bbox 1388 2306 1559 2350; x_wconf 81' lang='lat' dir='ltr'><strong>infringes</strong></span> <span class='ocrx_word' id='word_1_250' title='bbox 1580 2303 1686 2339; x_wconf 88' lang='lat' dir='ltr'><strong>ultro.</strong></span> 
     </span>
    </p>

    <p class='ocr_par' dir='ltr' id='par_1_5' title="bbox 302 2349 1765 2860">
     <span class='ocr_line' id='line_1_35' title="bbox 393 2349 1753 2404; baseline -0.009 -10"><span class='ocrx_word' id='word_1_251' title='bbox 393 2361 444 2394; x_wconf 87' lang='lat' dir='ltr'><strong>Et</strong></span> <span class='ocrx_word' id='word_1_252' title='bbox 466 2360 553 2394; x_wconf 86' lang='lat' dir='ltr'><strong>haec</strong></span> <span class='ocrx_word' id='word_1_253' title='bbox 575 2359 714 2404; x_wconf 91' lang='lat' dir='ltr'><strong>quidem</strong></span> <span class='ocrx_word' id='word_1_254' title='bbox 736 2358 787 2391; x_wconf 88' lang='lat' dir='ltr'><strong>ita</strong></span> <span class='ocrx_word' id='word_1_255' title='bbox 810 2369 850 2392; x_wconf 89' lang='lat' dir='ltr'><strong>se</strong></span> <span class='ocrx_word' id='word_1_256' title='bbox 874 2358 1016 2391; x_wconf 84' lang='lat' dir='ltr'><strong>habent.</strong></span> <span class='ocrx_word' id='word_1_257' title='bbox 1062 2366 1154 2390; x_wconf 84' lang='lat' dir='ltr'><strong>nunc</strong></span> <span class='ocrx_word' id='word_1_258' title='bbox 1178 2365 1264 2389; x_wconf 82' lang='lat' dir='ltr'><strong>vero</strong></span> <span class='ocrx_word' id='word_1_259' title='bbox 1289 2353 1334 2387; x_wconf 88' lang='lat' dir='ltr'><strong>ad</strong></span> <span class='ocrx_word' id='word_1_260' title='bbox 1354 2351 1518 2397; x_wconf 84' lang='lat' dir='ltr'><strong>templum</strong></span> <span class='ocrx_word' id='word_1_261' title='bbox 1543 2349 1644 2384; x_wconf 84' lang='lat' dir='ltr'><strong>nobis</strong></span> <span class='ocrx_word' id='word_1_262' title='bbox 1667 2361 1753 2384; x_wconf 91' lang='lat' dir='ltr'><strong>con-</strong></span> 
     </span>
     <span class='ocr_line' id='line_1_36' title="bbox 302 2395 1761 2456; baseline -0.008 -16"><span class='ocrx_word' id='word_1_263' title='bbox 302 2406 448 2440; x_wconf 81' lang='lat' dir='ltr'><strong>tendere</strong></span> <span class='ocrx_word' id='word_1_264' title='bbox 472 2404 690 2449; x_wconf 86' lang='lat' dir='ltr'><strong>cupientibus</strong></span> <span class='ocrx_word' id='word_1_265' title='bbox 714 2403 807 2438; x_wconf 87' lang='lat' dir='ltr'><strong>adsis</strong></span> <span class='ocrx_word' id='word_1_266' title='bbox 828 2403 942 2456; x_wconf 82' lang='lat' dir='ltr'><strong>daque</strong></span> <span class='ocrx_word' id='word_1_267' title='bbox 966 2401 1108 2436; x_wconf 87' lang='lat' dir='ltr'><strong>audere.</strong></span> <span class='ocrx_word' id='word_1_268' title='bbox 1153 2398 1246 2434; x_wconf 86' lang='lat' dir='ltr'><strong>inter</strong></span> <span class='ocrx_word' id='word_1_269' title='bbox 1267 2402 1322 2432; x_wconf 88' lang='lat' dir='ltr'><strong>tot</strong></span> <span class='ocrx_word' id='word_1_270' title='bbox 1344 2409 1434 2443; x_wconf 84' lang='lat' dir='ltr'><strong>quae</strong></span> <span class='ocrx_word' id='word_1_271' title='bbox 1451 2397 1616 2431; x_wconf 82' lang='lat' dir='ltr'><strong>hactenus</strong></span> <span class='ocrx_word' id='word_1_272' title='bbox 1639 2395 1761 2437; x_wconf 73' lang='lat' dir='ltr'><strong>edidi-‚</strong></span> 
     </span>
     <span class='ocr_line' id='line_1_37' title="bbox 305 2442 1752 2494; baseline -0.008 -8"><span class='ocrx_word' id='word_1_273' title='bbox 305 2452 352 2486; x_wconf 84' lang='lat' dir='ltr'><strong>sti</strong></span> <span class='ocrx_word' id='word_1_274' title='bbox 372 2451 556 2494; x_wconf 83' lang='lat' dir='ltr'><strong>miracula,</strong></span> <span class='ocrx_word' id='word_1_275' title='bbox 589 2449 674 2484; x_wconf 89' lang='lat' dir='ltr'><strong>illud</strong></span> <span class='ocrx_word' id='word_1_276' title='bbox 702 2449 749 2483; x_wconf 87' lang='lat' dir='ltr'><strong>sit</strong></span> <span class='ocrx_word' id='word_1_277' title='bbox 774 2448 1010 2494; x_wconf 74' lang='lat' dir='ltr'><strong>potissrmum‚</strong></span> <span class='ocrx_word' id='word_1_278' title='bbox 1041 2446 1134 2491; x_wconf 89' lang='lat' dir='ltr'><strong>quod</strong></span> <span class='ocrx_word' id='word_1_279' title='bbox 1165 2448 1327 2480; x_wconf 78' lang='lat' dir='ltr'><strong>cernatur</strong></span> <span class='ocrx_word' id='word_1_280' title='bbox 1354 2443 1466 2477; x_wconf 84' lang='lat' dir='ltr'><strong>oratio</strong></span> <span class='ocrx_word' id='word_1_281' title='bbox 1487 2453 1561 2476; x_wconf 87' lang='lat' dir='ltr'><strong>rem</strong></span> <span class='ocrx_word' id='word_1_282' title='bbox 1583 2442 1752 2486; x_wconf 81' lang='lat' dir='ltr'><strong>perficere</strong></span> 
     </span>
     <span class='ocr_line' id='line_1_38' title="bbox 305 2489 1754 2540; baseline -0.006 -9"><span class='ocrx_word' id='word_1_283' title='bbox 305 2498 453 2540; x_wconf 87' lang='lat' dir='ltr'><strong>audere,</strong></span> <span class='ocrx_word' id='word_1_284' title='bbox 490 2497 568 2539; x_wconf 92' lang='lat'>(70)</span> <span class='ocrx_word' id='word_1_285' title='bbox 590 2506 679 2540; x_wconf 89' lang='lat' dir='ltr'><strong>quae</strong></span> <span class='ocrx_word' id='word_1_286' title='bbox 706 2499 841 2528; x_wconf 84' lang='lat' dir='ltr'><strong>ceteras</strong></span> <span class='ocrx_word' id='word_1_287' title='bbox 873 2493 1111 2528; x_wconf 83' lang='lat' dir='ltr'><strong>miraculorum</strong></span> <span class='ocrx_word' id='word_1_288' title='bbox 1141 2489 1345 2527; x_wconf 81' lang='lat' dir='ltr'><strong>excellentia</strong></span> <span class='ocrx_word' id='word_1_289' title='bbox 1369 2489 1473 2533; x_wconf 84' lang='lat' dir='ltr'><strong>longe</strong></span> <span class='ocrx_word' id='word_1_290' title='bbox 1496 2492 1651 2532; x_wconf 84' lang='lat' dir='ltr'><strong>superat.</strong></span> <span class='ocrx_word' id='word_1_291' title='bbox 1698 2493 1754 2522; x_wconf 79' lang='lat' dir='ltr'><strong>est</strong></span> 
     </span>
     <span class='ocr_line' id='line_1_39' title="bbox 305 2532 1756 2580; baseline -0.007 -4"><span class='ocrx_word' id='word_1_292' title='bbox 305 2546 420 2576; x_wconf 87' lang='lat' dir='ltr'><strong>autem</strong></span> <span class='ocrx_word' id='word_1_293' title='bbox 446 2541 580 2575; x_wconf 79' lang='lat' dir='ltr'><strong>illustre</strong></span> <span class='ocrx_word' id='word_1_294' title='bbox 605 2541 846 2574; x_wconf 88' lang='lat' dir='ltr'><strong>immensorum</strong></span> <span class='ocrx_word' id='word_1_295' title='bbox 866 2545 1005 2574; x_wconf 87' lang='lat' dir='ltr'><strong>tuorum</strong></span> <span class='ocrx_word' id='word_1_296' title='bbox 1027 2536 1266 2572; x_wconf 77' lang='lat' dir='ltr'><strong>miraculorum</strong></span> <span class='ocrx_word' id='word_1_297' title='bbox 1287 2534 1464 2580; x_wconf 76' lang='lat' dir='ltr'><strong>specimen</strong></span> <span class='ocrx_word' id='word_1_298' title='bbox 1486 2544 1581 2568; x_wconf 84' lang='lat' dir='ltr'><strong>amor</strong></span> <span class='ocrx_word' id='word_1_299' title='bbox 1597 2533 1656 2568; x_wconf 91' lang='lat' dir='ltr'><strong>ille</strong></span> <span class='ocrx_word' id='word_1_300' title='bbox 1677 2532 1756 2568; x_wconf 86' lang='lat' dir='ltr'><strong>exi-</strong></span> 
     </span>
     <span class='ocr_line' id='line_1_40' title="bbox 306 2579 1754 2631; baseline -0.006 -10"><span class='ocrx_word' id='word_1_301' title='bbox 306 2588 407 2631; x_wconf 88' lang='lat' dir='ltr'><strong>mius,</strong></span> <span class='ocrx_word' id='word_1_302' title='bbox 435 2598 503 2631; x_wconf 91' lang='lat' dir='ltr'><strong>quo</strong></span> <span class='ocrx_word' id='word_1_303' title='bbox 524 2587 562 2620; x_wconf 90' lang='lat' dir='ltr'><strong>in</strong></span> <span class='ocrx_word' id='word_1_304' title='bbox 579 2590 615 2620; x_wconf 88' lang='lat' dir='ltr'><strong>te</strong></span> <span class='ocrx_word' id='word_1_305' title='bbox 639 2591 676 2620; x_wconf 89' lang='lat' dir='ltr'><strong>et</strong></span> <span class='ocrx_word' id='word_1_306' title='bbox 695 2586 735 2619; x_wconf 92' lang='lat' dir='ltr'><strong>in</strong></span> <span class='ocrx_word' id='word_1_307' title='bbox 751 2591 846 2619; x_wconf 89' lang='lat' dir='ltr'><strong>tuum</strong></span> <span class='ocrx_word' id='word_1_308' title='bbox 869 2583 1031 2629; x_wconf 83' lang='lat' dir='ltr'><strong>templum</strong></span> <span class='ocrx_word' id='word_1_309' title='bbox 1053 2583 1181 2626; x_wconf 72' lang='lat' dir='ltr'><strong>flagrat</strong></span> <span class='ocrx_word' id='word_1_310' title='bbox 1196 2583 1281 2617; x_wconf 87' lang='lat' dir='ltr'><strong>urbs</strong></span> <span class='ocrx_word' id='word_1_311' title='bbox 1298 2580 1474 2623; x_wconf 85' lang='lat' dir='ltr'><strong>universa,</strong></span> <span class='ocrx_word' id='word_1_312' title='bbox 1496 2579 1660 2625; x_wconf 86' lang='lat' dir='ltr'><strong>princeps</strong></span> <span class='ocrx_word' id='word_1_313' title='bbox 1679 2590 1754 2613; x_wconf 82' lang='lat' dir='ltr'><strong>ma-</strong></span> 
     </span>
     <span class='ocr_line' id='line_1_41' title="bbox 308 2623 1765 2678; baseline -0.006 -11"><span class='ocrx_word' id='word_1_314' title='bbox 308 2633 481 2678; x_wconf 81' lang='lat' dir='ltr'><strong>gnanime.</strong></span> <span class='ocrx_word' id='word_1_315' title='bbox 525 2636 709 2677; x_wconf 84' lang='lat' dir='ltr'><strong>postquam</strong></span> <span class='ocrx_word' id='word_1_316' title='bbox 733 2631 822 2666; x_wconf 88' lang='lat' dir='ltr'><strong>enim</strong></span> <span class='ocrx_word' id='word_1_317' title='bbox 844 2631 991 2674; x_wconf 85' lang='lat' dir='ltr'><strong>festum,</strong></span> <span class='ocrx_word' id='word_1_318' title='bbox 1023 2633 1063 2663; x_wconf 88' lang='lat' dir='ltr'><strong>ut</strong></span> <span class='ocrx_word' id='word_1_319' title='bbox 1084 2639 1148 2673; x_wconf 87' lang='lat' dir='ltr'><strong>par</strong></span> <span class='ocrx_word' id='word_1_320' title='bbox 1171 2632 1265 2670; x_wconf 88' lang='lat' dir='ltr'><strong>erat,</strong></span> <span class='ocrx_word' id='word_1_321' title='bbox 1297 2625 1503 2670; x_wconf 81' lang='lat' dir='ltr'><strong>celebrasti,</strong></span> <span class='ocrx_word' id='word_1_322' title='bbox 1533 2623 1612 2669; x_wconf 87' lang='lat'>(75)</span> <span class='ocrx_word' id='word_1_323' title='bbox 1637 2624 1765 2659; x_wconf 78' lang='lat' dir='ltr'><strong>statim.</strong></span> 
     </span>
     <span class='ocr_line' id='line_1_42' title="bbox 308 2669 1755 2724; baseline -0.004 -13"><span class='ocrx_word' id='word_1_324' title='bbox 308 2678 408 2724; x_wconf 80' lang='lat' dir='ltr'><strong>plebs</strong></span> <span class='ocrx_word' id='word_1_325' title='bbox 428 2677 613 2721; x_wconf 85' lang='lat' dir='ltr'><strong>universa,</strong></span> <span class='ocrx_word' id='word_1_326' title='bbox 644 2681 805 2719; x_wconf 87' lang='lat' dir='ltr'><strong>senatus,</strong></span> <span class='ocrx_word' id='word_1_327' title='bbox 837 2680 874 2711; x_wconf 86' lang='lat' dir='ltr'><strong>et</strong></span> <span class='ocrx_word' id='word_1_328' title='bbox 893 2674 954 2721; x_wconf 88' lang='lat' dir='ltr'><strong>qui</strong></span> <span class='ocrx_word' id='word_1_329' title='bbox 975 2674 1119 2709; x_wconf 88' lang='lat' dir='ltr'><strong>mediam</strong></span> <span class='ocrx_word' id='word_1_330' title='bbox 1142 2684 1184 2708; x_wconf 88' lang='lat' dir='ltr'><strong>ac</strong></span> <span class='ocrx_word' id='word_1_331' title='bbox 1205 2672 1368 2707; x_wconf 87' lang='lat' dir='ltr'><strong>tutiorem</strong></span> <span class='ocrx_word' id='word_1_332' title='bbox 1388 2671 1483 2706; x_wconf 80' lang='lat' dir='ltr'><strong>vitae</strong></span> <span class='ocrx_word' id='word_1_333' title='bbox 1506 2670 1677 2706; x_wconf 87' lang='lat' dir='ltr'><strong>rationem</strong></span> <span class='ocrx_word' id='word_1_334' title='bbox 1697 2669 1755 2705; x_wconf 87' lang='lat' dir='ltr'><strong>in-</strong></span> 
     </span>
     <span class='ocr_line' id='line_1_43' title="bbox 309 2715 1755 2767; baseline -0.006 -9"><span class='ocrx_word' id='word_1_335' title='bbox 309 2725 438 2767; x_wconf 86' lang='lat' dir='ltr'><strong>ierunt,</strong></span> <span class='ocrx_word' id='word_1_336' title='bbox 462 2727 502 2758; x_wconf 84' lang='lat' dir='ltr'><strong>ut</strong></span> <span class='ocrx_word' id='word_1_337' title='bbox 525 2722 737 2757; x_wconf 79' lang='lat' dir='ltr'><strong>celebritatis</strong></span> <span class='ocrx_word' id='word_1_338' title='bbox 760 2722 835 2757; x_wconf 85' lang='lat' dir='ltr'><strong>dies</strong></span> <span class='ocrx_word' id='word_1_339' title='bbox 856 2722 1132 2767; x_wconf 86' lang='lat' dir='ltr'><strong>producerentur</strong></span> <span class='ocrx_word' id='word_1_340' title='bbox 1152 2718 1382 2764; x_wconf 77' lang='lat' dir='ltr'><strong>postularunt.</strong></span> <span class='ocrx_word' id='word_1_341' title='bbox 1408 2716 1623 2752; x_wconf 78' lang='lat' dir='ltr'><strong>concessisti.</strong></span> <span class='ocrx_word' id='word_1_342' title='bbox 1650 2715 1755 2751; x_wconf 85' lang='lat' dir='ltr'><strong>efflu-</strong></span> 
     </span>
     <span class='ocr_line' id='line_1_44' title="bbox 313 2759 1755 2813; baseline -0.006 -9"><span class='ocrx_word' id='word_1_343' title='bbox 313 2780 397 2804; x_wconf 85' lang='lat' dir='ltr'><strong>xere</strong></span> <span class='ocrx_word' id='word_1_344' title='bbox 418 2769 491 2803; x_wconf 82' lang='lat' dir='ltr'><strong>illi:</strong></span> <span class='ocrx_word' id='word_1_345' title='bbox 511 2780 646 2803; x_wconf 90' lang='lat' dir='ltr'><strong>rursum</strong></span> <span class='ocrx_word' id='word_1_346' title='bbox 663 2768 890 2813; x_wconf 85' lang='lat' dir='ltr'><strong>postularunt,</strong></span> <span class='ocrx_word' id='word_1_347' title='bbox 913 2776 1048 2801; x_wconf 87' lang='lat' dir='ltr'><strong>rursum</strong></span> <span class='ocrx_word' id='word_1_348' title='bbox 1065 2763 1291 2806; x_wconf 81' lang='lat' dir='ltr'><strong>concessisti3</strong></span> <span class='ocrx_word' id='word_1_349' title='bbox 1313 2775 1383 2809; x_wconf 85' lang='lat' dir='ltr'><strong>qua</strong></span> <span class='ocrx_word' id='word_1_350' title='bbox 1396 2775 1436 2799; x_wconf 85' lang='lat' dir='ltr'><strong>re</strong></span> <span class='ocrx_word' id='word_1_351' title='bbox 1449 2762 1588 2810; x_wconf 82' lang='lat' dir='ltr'><strong>saepius</strong></span> <span class='ocrx_word' id='word_1_352' title='bbox 1603 2759 1755 2808; x_wconf 72' lang='lat' dir='ltr'><strong>repetita</strong></span> 
     </span>
     <span class='ocr_line' id='line_1_45' title="bbox 316 2808 1319 2860; baseline -0.004 -11"><span class='ocrx_word' id='word_1_353' title='bbox 316 2815 523 2851; x_wconf 80' lang='lat' dir='ltr'><strong>festivitatis</strong></span> <span class='ocrx_word' id='word_1_354' title='bbox 548 2815 626 2860; x_wconf 88' lang='lat'>(80)</span> <span class='ocrx_word' id='word_1_355' title='bbox 650 2814 885 2850; x_wconf 83' lang='lat' dir='ltr'><strong>celebritatem</strong></span> <span class='ocrx_word' id='word_1_356' title='bbox 906 2811 1086 2858; x_wconf 83' lang='lat' dir='ltr'><strong>magnifice</strong></span> <span class='ocrx_word' id='word_1_357' title='bbox 1109 2808 1319 2857; x_wconf 79' lang='lat' dir='ltr'><strong>produxisti.</strong></span> 
     </span>
    </p>
   </div>
  </div>
 </body>
</html>
