1890 3224
229 169 328 216 108⁷
550 170 828 223 QUERCIUS
861 170 919 212 IN
955 169 1352 212 EXPEDITIONIS

224 280 422 332 explicare
435 308 445 328 ‚
475 275 774 332 στρατηγήματα
794 291 879 316 esse
901 276 1025 327 dixit,
1057 291 1158 330 quae
1181 280 1223 315 in
1246 285 1330 315 arte
1350 277 1584 329 solertiaque
1595 290 1673 327 po-

225 338 302 375 sita
324 344 417 375 sant
441 337 698 386 imperatoris.

337 395 432 434 278.
490 398 700 443 sequentes
748 390 1059 442 comparationes
1098 403 1121 428 a
1160 389 1392 441 spectaculis
1429 389 1675 427 Circensibus

227 448 481 500 depromptae
510 455 615 485 sunt.
673 454 930 496 venatorum,
960 447 1103 499 quibus
1133 460 1224 484 cum
1249 448 1350 483 ursis
1374 446 1554 483 leonibus
1574 458 1675 496 pan-

227 505 349 543 theris
385 506 551 556 aliisque
586 505 682 543 feris
708 505 846 541 bestiis
874 517 936 541 res
967 510 1070 552 erat,
1111 502 1217 541 unde
1245 503 1421 541 bestiarii
1448 500 1543 539 dicti
1571 507 1676 549 sunt,

227 563 327 598 mira
350 560 428 597 fuit
452 559 666 599 dexteritas
687 559 839 612 pedum
858 561 1058 612 totiusque
1081 561 1273 612 corporis,
1303 566 1348 596 ut
1365 570 1551 610 praesens
1569 570 1679 595 mor-

227 619 277 655 tis
306 617 530 668 periculum
555 616 779 655 evaderent.
839 617 949 654 cuius
975 615 1267 654 crudelissimae
1286 616 1505 654 venationis
1526 620 1566 651 et
1586 626 1679 652 san-

228 674 431 724 guinariae
456 674 669 725 voluptatis
696 675 850 711 tristem
878 672 1096 711 admodum
1127 672 1432 723 descriptionem
1450 671 1565 708 nobis
1584 669 1680 707 reli-

229 732 314 782 quit
339 729 591 768 Cassiodorus
624 730 839 768 Variaram
865 729 936 767 lib.
960 729 985 771 5
1011 730 1121 780 epist.
1144 728 1212 770 42.
1270 728 1363 767 vide
1389 729 1508 765 etiam
1531 726 1681 765 Panvi-

228 787 341 824 nium
362 786 411 824 de
429 786 559 824 Ludis
585 787 758 825 Circens.
780 789 807 827 2
835 789 877 827 3.

342 844 438 883 280.
495 845 670 881 Heraclii
694 842 909 889 dexteritas
934 854 1026 879 cum
1044 842 1203 893 aurigae
1222 839 1457 878 dexteritate
1477 849 1684 888 eompara-

230 905 307 936 tur.
346 911 502 941 summa
522 901 629 937 enim
650 907 732 938 erat
748 901 975 949 aurigarum
994 911 1055 936 ars
1074 905 1112 936 et
1131 898 1324 936 industria
1342 898 1386 934 in
1406 897 1518 948 equis
1537 901 1576 931 et
1595 906 1686 931 cur-

230 955 341 992 ribus
362 955 565 994 flectendis
588 955 639 994 ad
657 963 806 1004 metas,
835 969 886 992 ne
914 956 1107 1006 posterior
1128 957 1300 1006 priorem
1323 957 1595 991 anteverteret.
1653 950 1688 987 si

231 1011 339 1048 enim
367 1013 487 1050 nimis
518 1015 608 1065 quis
639 1019 789 1051 metam
819 1013 1025 1059 evitasset,
1059 1012 1129 1063 qui
1156 1018 1243 1049 tum
1270 1010 1507 1062 sequebatur
1534 1007 1687 1057 auriga,

232 1068 335 1104 inter
352 1074 502 1106 metam
519 1076 558 1107 et
574 1070 749 1120 priorem
767 1069 940 1105 breviori
960 1069 1086 1118 spatio
1104 1066 1257 1104 delatus
1278 1080 1331 1103 ex
1346 1063 1520 1103 secundo
1537 1065 1690 1114 primus

235 1123 495 1172 efficiebatur,
527 1124 635 1175 quod
656 1127 800 1172 eripere
815 1124 950 1158 Latini
970 1123 1170 1157 dixerunt.
1200 1120 1291 1156 vide
1309 1120 1549 1155 Panv‘mium
1570 1121 1590 1157 1
1623 1117 1692 1158 14.

346 1182 442 1221 281.
500 1175 620 1228 λοξᾶς
649 1178 896 1228 subintelligi
924 1177 1084 1228 τρίβους
1113 1176 1277 1213 coniicio
1307 1187 1358 1211 ex
1387 1174 1579 1225 superiori
1600 1186 1692 1211 ver-

235 1248 282 1273 su
305 1236 402 1276 268.
1454 1279 1457 1281 .

347 1287 443 1330 284.
503 1287 742 1342 παραβάτην
764 1288 914 1340 duplici
933 1300 1052 1325 sensu
1074 1293 1188 1325 vocat
1204 1288 1381 1334 Persam,
1410 1291 1496 1323 tum
1517 1286 1610 1337 quia
1629 1284 1694 1323 lo-

239 1358 330 1383 cum
348 1347 541 1396 aptiorem
559 1345 612 1383 ad
627 1359 804 1398 pugnam
819 1350 1175 1396 praeoccupaverat
1186 1373 1196 1392 ,
1227 1351 1316 1381 tum
1336 1344 1459 1380 etiam
1477 1343 1570 1394 quia
1588 1354 1698 1379 are-

239 1403 389 1453 ligione
411 1401 634 1440 Christiana
654 1402 866 1441 defecerat.
910 1396 1143 1455 παραβάτης
1162 1400 1269 1438 enim
1289 1407 1347 1438 est
1363 1406 1448 1437 tam
1467 1399 1502 1436 is
1519 1399 1589 1451 qui
1607 1410 1696 1435 cur-

240 1471 329 1496 rum
346 1457 558 1497 moderans
576 1461 676 1498 alios
694 1459 928 1511 praevertit,
960 1471 1081 1511 quam
1099 1458 1168 1509 qui
1182 1458 1316 1509 legem
1332 1455 1510 1495 violavit.
1569 1454 1699 1512 eccle:

241 1515 388 1553 siastici
407 1516 613 1567 scriptores
632 1518 783 1568 passim
803 1517 1004 1555 Iulianum
1022 1516 1120 1565 imp.
1143 1510 1381 1561 ἅποστασίας
1399 1512 1547 1550 scelere
1567 1511 1700 1549 famo-

243 1583 333 1608 sum
361 1569 597 1623 παραβάτην
624 1580 663 1610 et
689 1570 755 1614 τὸν
788 1571 830 1612 ἐν
861 1567 1000 1618 ἀθέοις
1034 1571 1251 1622 appellant.
1310 1582 1355 1606 ac
1389 1567 1526 1607 Pisida
1555 1568 1701 1605 iterum

244 1628 301 1665 sic
321 1634 434 1665 vocat
455 1626 672 1666 Chosroam
690 1630 733 1666 in
754 1627 1020 1666 IIeraeliados
1038 1627 1209 1664 Aeroas.
1236 1627 1260 1666 1
1290 1627 1386 1666 206-
1444 1625 1629 1661 Ceterum
1657 1621 1701 1660 hi

246 1682 325 1720 duo
348 1684 473 1721 iambi
490 1685 546 1721 ita
569 1686 735 1722 citantur
758 1685 801 1720 in
818 1682 963 1723 Suida:
993 1680 1064 1723 τόν
1092 1678 1328 1734 παραβάτην
1358 1677 1574 1732 συμβαλών
1601 1682 1704 1720 πλα-

247 1741 335 1794 σμῷ
358 1738 456 1792 ξένῳ
478 1737 557 1792 πρὸ
577 1743 650 1792 τῆς
673 1736 802 1792 μάχης
826 1736 988 1790 ἀφῆκας
1014 1738 1070 1786 εἰς
1094 1733 1343 1789 ἀντιστάτην.
1399 1737 1606 1775 vertuntur
1629 1749 1704 1774 au-

248 1802 331 1833 tem
354 1796 431 1832 sic:
455 1795 684 1845 parabaten
714 1808 804 1833 cum
821 1796 924 1844 ficto
956 1795 1106 1845 hospite
1134 1796 1377 1832 committens
1402 1800 1495 1830 ante
1518 1806 1706 1844 pugnam

251 1852 295 1888 in
308 1851 583 1889 adversariam
599 1852 810 1890 immisisti.
873 1850 1060 1903 equidem
1077 1865 1152 1889 nec
1167 1853 1380 1889 lectionem
1396 1863 1470 1887 nec
1484 1851 1707 1887 versionem

253 1907 523 1958 recipiendam
557 1922 712 1947 censeo.
770 1910 922 1959 primus
950 1909 1058 1945 enim
1084 1921 1244 1956 versus,
1273 1913 1318 1944 ut
1340 1905 1406 1944 hic
1425 1905 1605 1958 effertur,
1634 1918 1706 1943 suo

226 2010 232 2015 „
255 1970 360 2001 earet
379 1977 570 2014 numero,
601 1967 870 2017 interpretatio
889 1971 1023 2002 autem
1043 1963 1222 2016 adposita
1241 1963 1404 2002 vocibus
1426 1965 1591 2016 πλασμῷ
1608 1960 1709 2016 ξένῳ

255 2033 279 2057 a
298 2032 487 2070 germano
509 2034 648 2071 sensu,
679 2024 723 2059 ni
740 2022 879 2070 fallor,
909 2021 1113 2059 abhorret:
1143 2034 1238 2058 nam
1255 2033 1329 2058 nec
1346 2015 1523 2071 πλασμός
1543 2017 1711 2055 adiecti-

255 2089 353 2114 vum
377 2090 453 2124 nec
479 2077 593 2126 ξένος
619 2079 910 2117 substantivum
931 2091 1080 2116 nomen
1106 2084 1185 2126 est,
1215 2075 1287 2115 sed
1310 2083 1457 2113 contra.
1513 2074 1723 2125 Aemilius·

200 2132 202 2135 ’
255 2133 398 2171 Portus
423 2133 698 2172 difficultatem
729 2136 898 2172 sensisse
928 2134 1105 2172 videtur:
1135 2140 1180 2170 ut
1207 2134 1314 2170 enim
1339 2134 1528 2170 Kusterus
1558 2129 1711 2168 ibidem

257 2187 440 2239 adnotat,
472 2191 679 2229 maluisset
702 2191 836 2242 legere
857 2193 1016 2246 πλαστῷ
1036 2190 1146 2244 ξένῳ.
1204 2202 1344 2227 verum
1363 2196 1408 2226 ut
1432 2201 1505 2239 ego
1529 2188 1710 2235 coniicio,

256 2242 437 2297 πλασμός
462 2245 572 2283 idem
599 2254 659 2284 est
689 2259 734 2284 ac
758 2244 982 2298 πλατυσμός
992 2247 1200 2297 planities,
1230 2246 1273 2282 in
1294 2258 1415 2297 quam
1436 2245 1603 2283 coniecti
1620 2249 1712 2282 sunt

258 2301 402 2339 Persae
429 2302 476 2339 ab
504 2304 687 2340 Heraclio
701 2331 711 2350 ,
742 2304 812 2354 qui
831 2315 854 2339 a
874 2310 985 2354 tergo
1006 2304 1239 2341 circumiens
1259 2301 1365 2339 edita
1385 2303 1474 2339 loca
1493 2312 1713 2351 occupave-

260 2364 333 2394 rat.
391 2355 494 2394 hanc
523 2365 657 2396 autem
686 2359 894 2409 planitiem
914 2359 1031 2410 ξένην
1046 2353 1320 2411 peregrinam,
1350 2366 1576 2396 extraneam
1595 2361 1715 2394 vocat

260 2419 364 2450 recte
381 2413 530 2462 Pisida,
552 2416 646 2467 quia
662 2422 934 2466 procurrentes
951 2418 1094 2454 Persae
1113 2418 1156 2453 in
1175 2417 1262 2453 loca
1279 2415 1518 2454 devenerant
1538 2414 1715 2450 inimica.

261 2481 401 2506 verum
427 2469 570 2509 Suidas
588 2473 630 2509 iu
653 2471 774 2509 altero
792 2485 909 2510 versu
929 2471 1050 2510 habet
1070 2469 1306 2523 ἀντιστάτην
1326 2471 1617 2515 adversariam,
1647 2468 1717 2520 qui

263 2524 392 2562 videri
415 2528 540 2576 possit
567 2529 635 2565 ille
645 2528 772 2576 fictus
788 2527 944 2578 hospeS,
974 2542 1095 2581 quem
1111 2543 1185 2567 nos
1206 2527 1467 2567 excludimus.
1525 2532 1628 2563 certe
1649 2538 1717 2563 co·-

266 2579 346 2618 dex
360 2590 441 2619 non
461 2579 719 2635 ἀντιστάτην,
749 2583 821 2622 sed
846 2582 1085 2639 ἄντιστάδην
1109 2585 1250 2634 habet,
1281 2586 1391 2622 cuius
1413 2581 1578 2636 quidem
1595 2581 1717 2629 vocis,

266 2639 447 2688 quamvis
471 2640 581 2678 nulla
601 2647 812 2692 suppetant
833 2644 1042 2694 exempla,
1073 2656 1211 2681 sensus
1235 2649 1387 2690 tamen,
1418 2646 1462 2678 ut
1482 2637 1585 2676 mihi
1603 2636 1718 2676 vide-

266 2699 352 2742 tur,
389 2695 530 2733 elucet.
564 2699 644 2735 xait
676 2699 784 2735 enim
811 2703 927 2750 poeta
956 2700 1183 2737 Heraclium
1214 2699 1389 2749 coegisse
1417 2699 1559 2734 Persas
1578 2691 1718 2732 inad-

267 2762 424 2788 versam
451 2759 606 2803 partem
635 2753 828 2795 secedere.
887 2756 1021 2808 itaque
1049 2756 1107 2805 εἰς
1125 2751 1365 2807 ἄντιστάδην
1387 2752 1495 2792 idem
1514 2758 1572 2790 est
1596 2763 1642 2788 ac
1663 2748 1720 2796 εἰς

268 2801 455 2860 ἀντικρύ,
487 2809 544 2857 εἰς
566 2811 831 2853 κατεναντίον.
