<?xml version="1.0" encoding="UTF-8"?>
<!DOCTYPE html PUBLIC "-//W3C//DTD XHTML 1.0 Transitional//EN"
    "http://www.w3.org/TR/xhtml1/DTD/xhtml1-transitional.dtd">
<html xmlns="http://www.w3.org/1999/xhtml" xml:lang="en" lang="en">
 <head>
  <title>
</title>
<meta http-equiv="Content-Type" content="text/html;charset=utf-8" />
  <meta name='ocr-system' content='tesseract 3.04.00' />
  <meta name='ocr-capabilities' content='ocr_page ocr_carea ocr_par ocr_line ocrx_word'/>
</head>
<body>
  <div class='ocr_page' id='page_1' title='image "./corpusscriptorum42niebuoft/corpusscriptorum42niebuoft_0245.png"; bbox 0 0 1890 3224; ppageno 0'>
   <div class='ocr_carea' id='block_1_1' title="bbox 766 111 1662 163">
    <p class='ocr_par' dir='ltr' id='par_1_1' title="bbox 766 111 1662 163">
     <span class='ocr_line' id='line_1_1' title="bbox 766 111 1662 163; baseline -0.001 -8"><span class='ocrx_word' id='word_1_1' title='bbox 766 111 1090 162; x_wconf 79' lang='lat' dir='ltr'>PRAEFATIO.</span> <span class='ocrx_word' id='word_1_2' title='bbox 1528 123 1662 163; x_wconf 60' lang='lat' dir='ltr'>xxxix</span> 
     </span>
    </p>
   </div>
   <div class='ocr_carea' id='block_1_2' title="bbox 160 218 1847 2784">
    <p class='ocr_par' dir='ltr' id='par_1_2' title="bbox 160 218 1847 2784">
     <span class='ocr_line' id='line_1_2' title="bbox 310 218 1659 274; baseline 0.001 -14"><span class='ocrx_word' id='word_1_3' title='bbox 310 221 584 263; x_wconf 78' lang='lat' dir='ltr'>Hactenus‚de</span> <span class='ocrx_word' id='word_1_4' title='bbox 600 223 788 274; x_wconf 80' lang='lat' dir='ltr'>operibus</span> <span class='ocrx_word' id='word_1_5' title='bbox 800 251 822 272; x_wconf 84' lang='lat'>‚.</span> <span class='ocrx_word' id='word_1_6' title='bbox 842 229 882 260; x_wconf 88' lang='lat' dir='ltr'>et</span> <span class='ocrx_word' id='word_1_7' title='bbox 900 218 1170 260; x_wconf 51' lang='lat' dir='ltr'>de‘codioibus</span> <span class='ocrx_word' id='word_1_8' title='bbox 1189 222 1231 262; x_wconf 83' lang='lat' dir='ltr'>iu</span> <span class='ocrx_word' id='word_1_9' title='bbox 1251 221 1395 274; x_wconf 88' lang='lat' dir='ltr'>quibus</span> <span class='ocrx_word' id='word_1_10' title='bbox 1413 235 1533 272; x_wconf 87' lang='lat' dir='ltr'>opera</span> <span class='ocrx_word' id='word_1_11' title='bbox 1554 225 1659 261; x_wconf 87' lang='lat' dir='ltr'>Pisi—</span> 
     </span>
     <span class='ocr_line' id='line_1_3' title="bbox 195 289 1658 343; baseline 0 -15"><span class='ocrx_word' id='word_1_12' title='bbox 195 289 270 328; x_wconf 84' lang='lat' dir='ltr'>dae</span> <span class='ocrx_word' id='word_1_13' title='bbox 283 316 285 323; x_wconf 85' lang='lat'>·</span> <span class='ocrx_word' id='word_1_14' title='bbox 298 291 571 329; x_wconf 76' lang='lat' dir='ltr'>continentur:</span> <span class='ocrx_word' id='word_1_15' title='bbox 608 303 715 328; x_wconf 86' lang='lat' dir='ltr'>nunc</span> <span class='ocrx_word' id='word_1_16' title='bbox 742 297 877 328; x_wconf 82' lang='lat' dir='ltr'>autem</span> <span class='ocrx_word' id='word_1_17' title='bbox 907 289 957 328; x_wconf 86' lang='lat' dir='ltr'>de</span> <span class='ocrx_word' id='word_1_18' title='bbox 988 292 1167 342; x_wconf 85' lang='lat' dir='ltr'>ipsorum</span> <span class='ocrx_word' id='word_1_19' title='bbox 1193 302 1360 341; x_wconf 88' lang='lat' dir='ltr'>operum</span> <span class='ocrx_word' id='word_1_20' title='bbox 1385 290 1476 327; x_wconf 86' lang='lat' dir='ltr'>stilo</span> <span class='ocrx_word' id='word_1_21' title='bbox 1505 290 1658 343; x_wconf 85' lang='lat' dir='ltr'>aliquid</span> 
     </span>
     <span class='ocr_line' id='line_1_4' title="bbox 195 356 1657 410; baseline -0.001 -14"><span class='ocrx_word' id='word_1_22' title='bbox 195 356 410 396; x_wconf 86' lang='lat' dir='ltr'>dicendum</span> <span class='ocrx_word' id='word_1_23' title='bbox 426 365 500 398; x_wconf 79' lang='lat' dir='ltr'>est.</span> <span class='ocrx_word' id='word_1_24' title='bbox 557 359 695 407; x_wconf 80' lang='lat' dir='ltr'><strong>iambi,</strong></span> <span class='ocrx_word' id='word_1_25' title='bbox 725 358 870 410; x_wconf 88' lang='lat' dir='ltr'>quibus</span> <span class='ocrx_word' id='word_1_26' title='bbox 885 359 927 395; x_wconf 91' lang='lat' dir='ltr'>in</span> <span class='ocrx_word' id='word_1_27' title='bbox 950 357 1156 402; x_wconf 83' lang='lat' dir='ltr'>scribendo</span> <span class='ocrx_word' id='word_1_28' title='bbox 1177 370 1272 395; x_wconf 86' lang='lat' dir='ltr'>usus</span> <span class='ocrx_word' id='word_1_29' title='bbox 1293 363 1353 394; x_wconf 86' lang='lat' dir='ltr'>est</span> <span class='ocrx_word' id='word_1_30' title='bbox 1374 359 1582 409; x_wconf 81' lang='lat' dir='ltr'>Georgius,</span> <span class='ocrx_word' id='word_1_31' title='bbox 1613 367 1657 396; x_wconf 87' lang='lat' dir='ltr'>ut</span> 
     </span>
     <span class='ocr_line' id='line_1_5' title="bbox 193 411 1657 478; baseline 0.001 -15"><span class='ocrx_word' id='word_1_32' title='bbox 193 427 414 477; x_wconf 85' lang='lat' dir='ltr'>plurimum</span> <span class='ocrx_word' id='word_1_33' title='bbox 433 427 616 465; x_wconf 83' lang='lat' dir='ltr'>concinui</span> <span class='ocrx_word' id='word_1_34' title='bbox 631 432 724 464; x_wconf 86' lang='lat' dir='ltr'>sunt</span> <span class='ocrx_word' id='word_1_35' title='bbox 743 432 863 478; x_wconf 86' lang='lat' dir='ltr'>atque</span> <span class='ocrx_word' id='word_1_36' title='bbox 880 425 1099 476; x_wconf 79' lang='lat' dir='ltr'><strong>elegantes.</strong></span> <span class='ocrx_word' id='word_1_37' title='bbox 1148 427 1298 477; x_wconf 84' lang='lat' dir='ltr'>perrari</span> <span class='ocrx_word' id='word_1_38' title='bbox 1321 427 1429 464; x_wconf 88' lang='lat' dir='ltr'>enim</span> <span class='ocrx_word' id='word_1_39' title='bbox 1447 411 1657 465; x_wconf 84' lang='lat' dir='ltr'>occurrunt</span> 
     </span>
     <span class='ocr_line' id='line_1_6' title="bbox 193 492 1656 546; baseline 0.001 -16"><span class='ocrx_word' id='word_1_40' title='bbox 193 492 383 532; x_wconf 83' lang='lat' dir='ltr'>tribrachi</span> <span class='ocrx_word' id='word_1_41' title='bbox 399 493 548 545; x_wconf 78' lang='lat' dir='ltr'><strong>dactyli</strong></span> <span class='ocrx_word' id='word_1_42' title='bbox 567 495 714 546; x_wconf 85' lang='lat' dir='ltr'>aliique</span> <span class='ocrx_word' id='word_1_43' title='bbox 733 492 857 545; x_wconf 86' lang='lat' dir='ltr'>pedes</span> <span class='ocrx_word' id='word_1_44' title='bbox 876 493 1064 542; x_wconf 75' lang='lat' dir='ltr'>iimnixti,</span> <span class='ocrx_word' id='word_1_45' title='bbox 1088 494 1231 546; x_wconf 85' lang='lat' dir='ltr'>quibus</span> <span class='ocrx_word' id='word_1_46' title='bbox 1248 494 1472 533; x_wconf 80' lang='lat' dir='ltr'>iamborum</span> <span class='ocrx_word' id='word_1_47' title='bbox 1490 495 1596 533; x_wconf 87' lang='lat' dir='ltr'>nitor</span> <span class='ocrx_word' id='word_1_48' title='bbox 1617 502 1656 532; x_wconf 83' lang='lat' dir='ltr'>et</span> 
     </span>
     <span class='ocr_line' id='line_1_7' title="bbox 192 553 1649 614; baseline 0.001 -16"><span class='ocrx_word' id='word_1_49' title='bbox 192 568 380 600; x_wconf 82' lang='lat' dir='ltr'>venustas</span> <span class='ocrx_word' id='word_1_50' title='bbox 405 563 615 613; x_wconf 80' lang='lat' dir='ltr'>elanguet3</span> <span class='ocrx_word' id='word_1_51' title='bbox 653 560 762 614; x_wconf 89' lang='lat' dir='ltr'>quod</span> <span class='ocrx_word' id='word_1_52' title='bbox 788 553 938 600; x_wconf 81' lang='lat' dir='ltr'><strong>crimen</strong></span> <span class='ocrx_word' id='word_1_53' title='bbox 955 561 1039 598; x_wconf 88' lang='lat' dir='ltr'>iam</span> <span class='ocrx_word' id='word_1_54' title='bbox 1059 560 1129 599; x_wconf 87' lang='lat' dir='ltr'>diu</span> <span class='ocrx_word' id='word_1_55' title='bbox 1155 562 1300 601; x_wconf 85' lang='lat' dir='ltr'>obiecit</span> <span class='ocrx_word' id='word_1_56' title='bbox 1322 563 1509 600; x_wconf 81' lang='lat' dir='ltr'>Horatius</span> <span class='ocrx_word' id='word_1_57' title='bbox 1535 561 1649 600; x_wconf 71' lang='lat' dir='ltr'>Poe‘t.</span> 
     </span>
     <span class='ocr_line' id='line_1_8' title="bbox 191 629 1654 682; baseline -0.001 -12"><span class='ocrx_word' id='word_1_58' title='bbox 191 631 274 670; x_wconf 82' lang='lat'>260</span> <span class='ocrx_word' id='word_1_59' title='bbox 291 636 329 666; x_wconf 81' lang='lat' dir='ltr'>et</span> <span class='ocrx_word' id='word_1_60' title='bbox 344 643 454 681; x_wconf 66' lang='lat' dir='ltr'>seqq.</span> <span class='ocrx_word' id='word_1_61' title='bbox 481 631 545 668; x_wconf 85' lang='lat' dir='ltr'>sui</span> <span class='ocrx_word' id='word_1_62' title='bbox 571 630 762 682; x_wconf 85' lang='lat' dir='ltr'>temporis</span> <span class='ocrx_word' id='word_1_63' title='bbox 792 629 1047 680; x_wconf 82' lang='lat' dir='ltr'>scriptoribus</span> <span class='ocrx_word' id='word_1_64' title='bbox 1081 631 1266 678; x_wconf 88' lang='lat' dir='ltr'>comicis,</span> <span class='ocrx_word' id='word_1_65' title='bbox 1306 642 1477 681; x_wconf 86' lang='lat' dir='ltr'>quorum</span> <span class='ocrx_word' id='word_1_66' title='bbox 1508 631 1585 668; x_wconf 85' lang='lat' dir='ltr'>fuit</span> <span class='ocrx_word' id='word_1_67' title='bbox 1610 631 1654 668; x_wconf 90' lang='lat' dir='ltr'>in</span> 
     </span>
     <span class='ocr_line' id='line_1_9' title="bbox 188 694 1655 747; baseline 0.002 -14"><span class='ocrx_word' id='word_1_68' title='bbox 188 694 385 747; x_wconf 79' lang='lat' dir='ltr'>fingendis</span> <span class='ocrx_word' id='word_1_69' title='bbox 404 699 548 736; x_wconf 86' lang='lat' dir='ltr'>iambis</span> <span class='ocrx_word' id='word_1_70' title='bbox 565 699 739 747; x_wconf 87' lang='lat' dir='ltr'>licentia,</span> <span class='ocrx_word' id='word_1_71' title='bbox 760 703 805 734; x_wconf 87' lang='lat' dir='ltr'>ut</span> <span class='ocrx_word' id='word_1_72' title='bbox 821 698 1047 741; x_wconf 83' lang='lat' dir='ltr'>maximum</span> <span class='ocrx_word' id='word_1_73' title='bbox 1065 696 1162 736; x_wconf 86' lang='lat' dir='ltr'>inde</span> <span class='ocrx_word' id='word_1_74' title='bbox 1176 700 1347 736; x_wconf 80' lang='lat' dir='ltr'>oriretur</span> <span class='ocrx_word' id='word_1_75' title='bbox 1362 699 1523 736; x_wconf 82' lang='lat' dir='ltr'>auribus</span> <span class='ocrx_word' id='word_1_76' title='bbox 1539 699 1655 736; x_wconf 86' lang='lat' dir='ltr'>fasti-</span> 
     </span>
     <span class='ocr_line' id='line_1_10' title="bbox 188 750 1652 814; baseline 0.002 -13"><span class='ocrx_word' id='word_1_77' title='bbox 188 762 313 802; x_wconf 83' lang='lat' dir='ltr'>dium.</span> <span class='ocrx_word' id='word_1_78' title='bbox 372 778 512 803; x_wconf 86' lang='lat' dir='ltr'>verum</span> <span class='ocrx_word' id='word_1_79' title='bbox 530 765 655 808; x_wconf 81' lang='lat' dir='ltr'>iambi</span> <span class='ocrx_word' id='word_1_80' title='bbox 674 764 835 803; x_wconf 84' lang='lat' dir='ltr'>Pisidae</span> <span class='ocrx_word' id='word_1_81' title='bbox 856 750 995 803; x_wconf 88' lang='lat' dir='ltr'>omnes</span> <span class='ocrx_word' id='word_1_82' title='bbox 1016 778 1228 803; x_wconf 87' lang='lat' dir='ltr'>numerose</span> <span class='ocrx_word' id='word_1_83' title='bbox 1249 764 1430 803; x_wconf 89' lang='lat' dir='ltr'>incidunt</span> <span class='ocrx_word' id='word_1_84' title='bbox 1453 766 1496 803; x_wconf 90' lang='lat' dir='ltr'>iu</span> <span class='ocrx_word' id='word_1_85' title='bbox 1523 778 1652 814; x_wconf 88' lang='lat' dir='ltr'>aures,</span> 
     </span>
     <span class='ocr_line' id='line_1_11' title="bbox 187 831 1654 884; baseline 0.002 -16"><span class='ocrx_word' id='word_1_86' title='bbox 187 838 228 868; x_wconf 92' lang='lat' dir='ltr'>et</span> <span class='ocrx_word' id='word_1_87' title='bbox 252 833 295 868; x_wconf 91' lang='lat' dir='ltr'>in</span> <span class='ocrx_word' id='word_1_88' title='bbox 326 834 507 870; x_wconf 88' lang='lat' dir='ltr'>animum</span> <span class='ocrx_word' id='word_1_89' title='bbox 534 833 753 871; x_wconf 85' lang='lat' dir='ltr'>illabuntur</span> <span class='ocrx_word' id='word_1_90' title='bbox 782 831 971 870; x_wconf 88' lang='lat' dir='ltr'>iucunde.</span> <span class='ocrx_word' id='word_1_91' title='bbox 1029 845 1109 884; x_wconf 89' lang='lat' dir='ltr'>qua</span> <span class='ocrx_word' id='word_1_92' title='bbox 1141 831 1191 869; x_wconf 81' lang='lat' dir='ltr'>de</span> <span class='ocrx_word' id='word_1_93' title='bbox 1225 846 1265 871; x_wconf 88' lang='lat' dir='ltr'>re</span> <span class='ocrx_word' id='word_1_94' title='bbox 1294 835 1427 870; x_wconf 84' lang='lat' dir='ltr'>minus</span> <span class='ocrx_word' id='word_1_95' title='bbox 1452 834 1654 884; x_wconf 59' lang='lat' dir='ltr'>,patienter</span> 
     </span>
     <span class='ocr_line' id='line_1_12' title="bbox 185 898 1652 953; baseline 0.002 -17"><span class='ocrx_word' id='word_1_96' title='bbox 185 898 289 937; x_wconf 88' lang='lat' dir='ltr'>illud</span> <span class='ocrx_word' id='word_1_97' title='bbox 309 913 428 951; x_wconf 86' lang='lat' dir='ltr'>supra</span> <span class='ocrx_word' id='word_1_98' title='bbox 444 913 536 952; x_wconf 78' lang='lat' dir='ltr'>pag,</span> <span class='ocrx_word' id='word_1_99' title='bbox 555 903 609 941; x_wconf 79' lang='lat'>23</span> <span class='ocrx_word' id='word_1_100' title='bbox 632 900 832 948; x_wconf 83' lang='lat' dir='ltr'>ferebam,</span> <span class='ocrx_word' id='word_1_101' title='bbox 864 899 972 953; x_wconf 90' lang='lat' dir='ltr'>quod</span> <span class='ocrx_word' id='word_1_102' title='bbox 990 902 1032 938; x_wconf 86' lang='lat' dir='ltr'>iu</span> <span class='ocrx_word' id='word_1_103' title='bbox 1052 900 1231 950; x_wconf 84' lang='lat' dir='ltr'>catalogo</span> <span class='ocrx_word' id='word_1_104' title='bbox 1252 899 1518 952; x_wconf 77' lang='lat' dir='ltr'>bibliothecae</span> <span class='ocrx_word' id='word_1_105' title='bbox 1538 903 1652 940; x_wconf 87' lang='lat' dir='ltr'>Tau-</span> 
     </span>
     <span class='ocr_line' id='line_1_13' title="bbox 185 967 1651 1019; baseline 0.002 -15"><span class='ocrx_word' id='word_1_106' title='bbox 185 967 355 1007; x_wconf 81' lang='lat' dir='ltr'>rlnensis</span> <span class='ocrx_word' id='word_1_107' title='bbox 371 967 532 1006; x_wconf 78' lang='lat' dir='ltr'>Pisidae</span> <span class='ocrx_word' id='word_1_108' title='bbox 549 969 674 1006; x_wconf 84' lang='lat' dir='ltr'>iambi</span> <span class='ocrx_word' id='word_1_109' title='bbox 691 975 926 1007; x_wconf 82' lang='lat' dir='ltr'>vocarentur</span> <span class='ocrx_word' id='word_1_110' title='bbox 937 968 1115 1019; x_wconf 79' lang='lat' dir='ltr'>politici,</span> <span class='ocrx_word' id='word_1_111' title='bbox 1162 980 1263 1019; x_wconf 88' lang='lat' dir='ltr'>quos</span> <span class='ocrx_word' id='word_1_112' title='bbox 1283 980 1363 1004; x_wconf 89' lang='lat' dir='ltr'>non</span> <span class='ocrx_word' id='word_1_113' title='bbox 1382 969 1525 1006; x_wconf 88' lang='lat' dir='ltr'>iniuria</span> <span class='ocrx_word' id='word_1_114' title='bbox 1537 998 1548 1017; x_wconf 88' lang='lat'>‚</span> <span class='ocrx_word' id='word_1_115' title='bbox 1579 968 1651 1007; x_wconf 88' lang='lat' dir='ltr'>sed</span> 
     </span>
     <span class='ocr_line' id='line_1_14' title="bbox 183 1034 1651 1074; baseline 0.002 -3"><span class='ocrx_word' id='word_1_116' title='bbox 183 1042 289 1072; x_wconf 86' lang='lat' dir='ltr'>recte</span> <span class='ocrx_word' id='word_1_117' title='bbox 329 1042 369 1072; x_wconf 90' lang='lat' dir='ltr'>et</span> <span class='ocrx_word' id='word_1_118' title='bbox 404 1037 546 1074; x_wconf 85' lang='lat' dir='ltr'>merito</span> <span class='ocrx_word' id='word_1_119' title='bbox 581 1034 668 1074; x_wconf 88' lang='lat' dir='ltr'>10h.</span> <span class='ocrx_word' id='word_1_120' title='bbox 698 1035 890 1073; x_wconf 84' lang='lat' dir='ltr'>Matthias</span> <span class='ocrx_word' id='word_1_121' title='bbox 917 1037 1116 1074; x_wconf 87' lang='lat' dir='ltr'>Gesnerus</span> <span class='ocrx_word' id='word_1_122' title='bbox 1150 1036 1192 1072; x_wconf 88' lang='lat' dir='ltr'>in</span> <span class='ocrx_word' id='word_1_123' title='bbox 1224 1035 1324 1072; x_wconf 81' lang='lat' dir='ltr'>libro</span> <span class='ocrx_word' id='word_1_124' title='bbox 1355 1036 1404 1072; x_wconf 87' lang='lat' dir='ltr'>de</span> <span class='ocrx_word' id='word_1_125' title='bbox 1434 1037 1651 1074; x_wconf 72' lang='lat' dir='ltr'>eruditione</span> 
     </span>
     <span class='ocr_line' id='line_1_15' title="bbox 189 1102 1648 1156; baseline 0.001 -16"><span class='ocrx_word' id='word_1_126' title='bbox 189 1102 434 1140; x_wconf 83' lang='lat' dir='ltr'>Graecorum</span> <span class='ocrx_word' id='word_1_127' title='bbox 452 1106 525 1156; x_wconf 86' lang='lat' dir='ltr'>qui</span> <span class='ocrx_word' id='word_1_128' title='bbox 538 1104 656 1142; x_wconf 80' lang='lat' dir='ltr'>hodie</span> <span class='ocrx_word' id='word_1_129' title='bbox 672 1105 816 1142; x_wconf 71' lang='lat' dir='ltr'>vivunt</span> <span class='ocrx_word' id='word_1_130' title='bbox 830 1116 985 1142; x_wconf 85' lang='lat' dir='ltr'>meram</span> <span class='ocrx_word' id='word_1_131' title='bbox 1003 1104 1214 1142; x_wconf 85' lang='lat' dir='ltr'>stultitiam</span> <span class='ocrx_word' id='word_1_132' title='bbox 1227 1103 1416 1154; x_wconf 88' lang='lat' dir='ltr'>appellat,</span> <span class='ocrx_word' id='word_1_133' title='bbox 1446 1105 1648 1155; x_wconf 90' lang='lat' dir='ltr'>impolitos</span> 
     </span>
     <span class='ocr_line' id='line_1_16' title="bbox 182 1170 1646 1224; baseline 0.001 -17"><span class='ocrx_word' id='word_1_134' title='bbox 182 1183 228 1207; x_wconf 87' lang='lat' dir='ltr'>ac</span> <span class='ocrx_word' id='word_1_135' title='bbox 243 1170 384 1219; x_wconf 81' lang='lat' dir='ltr'>rudes,</span> <span class='ocrx_word' id='word_1_136' title='bbox 428 1172 725 1224; x_wconf 89' lang='lat' dir='ltr'>fossoribusque</span> <span class='ocrx_word' id='word_1_137' title='bbox 753 1179 792 1209; x_wconf 85' lang='lat' dir='ltr'>et</span> <span class='ocrx_word' id='word_1_138' title='bbox 819 1172 1074 1223; x_wconf 83' lang='lat' dir='ltr'>caprimulgis</span> <span class='ocrx_word' id='word_1_139' title='bbox 1098 1183 1221 1223; x_wconf 87' lang='lat' dir='ltr'>quam</span> <span class='ocrx_word' id='word_1_140' title='bbox 1239 1171 1413 1222; x_wconf 89' lang='lat' dir='ltr'>politicis</span> <span class='ocrx_word' id='word_1_141' title='bbox 1433 1170 1646 1222; x_wconf 84' lang='lat' dir='ltr'>digniores.</span> 
     </span>
     <span class='ocr_line' id='line_1_17' title="bbox 181 1237 1647 1290; baseline 0 -14"><span class='ocrx_word' id='word_1_142' title='bbox 181 1252 272 1276; x_wconf 80' lang='lat' dir='ltr'>vere</span> <span class='ocrx_word' id='word_1_143' title='bbox 290 1240 400 1276; x_wconf 83' lang='lat' dir='ltr'>enim</span> <span class='ocrx_word' id='word_1_144' title='bbox 418 1237 563 1277; x_wconf 82' lang='lat' dir='ltr'>horum</span> <span class='ocrx_word' id='word_1_145' title='bbox 579 1241 801 1277; x_wconf 87' lang='lat' dir='ltr'>carminum</span> <span class='ocrx_word' id='word_1_146' title='bbox 822 1241 1017 1276; x_wconf 87' lang='lat' dir='ltr'>rationem</span> <span class='ocrx_word' id='word_1_147' title='bbox 1032 1268 1044 1288; x_wconf 88' lang='lat'><strong>,</strong></span> <span class='ocrx_word' id='word_1_148' title='bbox 1073 1240 1116 1276; x_wconf 89' lang='lat' dir='ltr'>in</span> <span class='ocrx_word' id='word_1_149' title='bbox 1142 1238 1288 1290; x_wconf 86' lang='lat' dir='ltr'>quibus</span> <span class='ocrx_word' id='word_1_150' title='bbox 1306 1238 1552 1290; x_wconf 82' lang='lat' dir='ltr'>syllabarum</span> <span class='ocrx_word' id='word_1_151' title='bbox 1569 1253 1647 1276; x_wconf 90' lang='lat' dir='ltr'>nu-</span> 
     </span>
     <span class='ocr_line' id='line_1_18' title="bbox 179 1306 1646 1358; baseline 0.001 -15"><span class='ocrx_word' id='word_1_152' title='bbox 179 1319 335 1354; x_wconf 68' lang='lat' dir='ltr'>meru85</span> <span class='ocrx_word' id='word_1_153' title='bbox 364 1319 446 1344; x_wconf 89' lang='lat' dir='ltr'>non</span> <span class='ocrx_word' id='word_1_154' title='bbox 471 1307 670 1358; x_wconf 75' lang='lat' dir='ltr'>quantitas</span> <span class='ocrx_word' id='word_1_155' title='bbox 690 1313 911 1358; x_wconf 80' lang='lat' dir='ltr'>spectatur,</span> <span class='ocrx_word' id='word_1_156' title='bbox 940 1307 1026 1344; x_wconf 90' lang='lat' dir='ltr'>sola</span> <span class='ocrx_word' id='word_1_157' title='bbox 1040 1306 1244 1343; x_wconf 85' lang='lat' dir='ltr'>barbaries</span> <span class='ocrx_word' id='word_1_158' title='bbox 1264 1307 1369 1342; x_wconf 87' lang='lat' dir='ltr'>iuter</span> <span class='ocrx_word' id='word_1_159' title='bbox 1391 1307 1562 1344; x_wconf 86' lang='lat' dir='ltr'>Graecos</span> <span class='ocrx_word' id='word_1_160' title='bbox 1579 1320 1646 1355; x_wconf 50' lang='lat' dir='ltr'>sess</span> 
     </span>
     <span class='ocr_line' id='line_1_19' title="bbox 179 1373 1647 1426; baseline 0 -14"><span class='ocrx_word' id='word_1_161' title='bbox 179 1374 382 1426; x_wconf 89' lang='lat' dir='ltr'>quioribus</span> <span class='ocrx_word' id='word_1_162' title='bbox 399 1375 568 1412; x_wconf 85' lang='lat' dir='ltr'>saeculis</span> <span class='ocrx_word' id='word_1_163' title='bbox 586 1376 755 1423; x_wconf 80' lang='lat' dir='ltr'>invexit,</span> <span class='ocrx_word' id='word_1_164' title='bbox 773 1381 817 1411; x_wconf 89' lang='lat' dir='ltr'>ut</span> <span class='ocrx_word' id='word_1_165' title='bbox 832 1375 945 1412; x_wconf 86' lang='lat' dir='ltr'>testis</span> <span class='ocrx_word' id='word_1_166' title='bbox 963 1381 1023 1413; x_wconf 87' lang='lat' dir='ltr'>est</span> <span class='ocrx_word' id='word_1_167' title='bbox 1042 1374 1214 1412; x_wconf 88' lang='lat' dir='ltr'>Allatius</span> <span class='ocrx_word' id='word_1_168' title='bbox 1233 1373 1410 1410; x_wconf 67' lang='lat' dir='ltr'>diatriba</span> <span class='ocrx_word' id='word_1_169' title='bbox 1432 1373 1480 1410; x_wconf 85' lang='lat' dir='ltr'>de</span> <span class='ocrx_word' id='word_1_170' title='bbox 1493 1374 1647 1412; x_wconf 86' lang='lat' dir='ltr'>Simeo—</span> 
     </span>
     <span class='ocr_line' id='line_1_20' title="bbox 178 1441 1645 1494; baseline 0.003 -16"><span class='ocrx_word' id='word_1_171' title='bbox 178 1441 296 1479; x_wconf 62' lang='lat' dir='ltr'>nibus</span> <span class='ocrx_word' id='word_1_172' title='bbox 311 1454 360 1492; x_wconf 83' lang='lat' dir='ltr'>p.</span> <span class='ocrx_word' id='word_1_173' title='bbox 387 1443 489 1491; x_wconf 88' lang='grc'><strong>166,</strong></span> <span class='ocrx_word' id='word_1_174' title='bbox 530 1443 595 1481; x_wconf 88' lang='lat' dir='ltr'>cui</span> <span class='ocrx_word' id='word_1_175' title='bbox 615 1442 934 1494; x_wconf 81' lang='lat' dir='ltr'>subscripserunt</span> <span class='ocrx_word' id='word_1_176' title='bbox 957 1442 1162 1480; x_wconf 82' lang='lat' dir='ltr'>Fabricius</span> <span class='ocrx_word' id='word_1_177' title='bbox 1186 1442 1292 1479; x_wconf 88' lang='lat' dir='ltr'>Bibl.</span> <span class='ocrx_word' id='word_1_178' title='bbox 1320 1442 1461 1479; x_wconf 86' lang='lat' dir='ltr'>Graec.</span> <span class='ocrx_word' id='word_1_179' title='bbox 1486 1441 1567 1479; x_wconf 71' lang='lat' dir='ltr'>vol.</span> <span class='ocrx_word' id='word_1_180' title='bbox 1592 1444 1645 1483; x_wconf 90' lang='lat'>10</span> 
     </span>
     <span class='ocr_line' id='line_1_21' title="bbox 167 1509 1646 1560; baseline -0.001 -13"><span class='ocrx_word' id='word_1_181' title='bbox 167 1524 215 1560; x_wconf 80' lang='lat' dir='ltr'>p.</span> <span class='ocrx_word' id='word_1_182' title='bbox 237 1510 319 1551; x_wconf 81' lang='lat'>253</span> <span class='ocrx_word' id='word_1_183' title='bbox 342 1516 379 1547; x_wconf 78' lang='lat' dir='ltr'>et</span> <span class='ocrx_word' id='word_1_184' title='bbox 399 1511 495 1560; x_wconf 78' lang='lat'><strong>818,</strong></span> <span class='ocrx_word' id='word_1_185' title='bbox 526 1517 566 1548; x_wconf 87' lang='lat' dir='ltr'>et</span> <span class='ocrx_word' id='word_1_186' title='bbox 588 1509 706 1551; x_wconf 70' lang='lat' dir='ltr'>Card,</span> <span class='ocrx_word' id='word_1_187' title='bbox 729 1511 933 1557; x_wconf 82' lang='lat' dir='ltr'>Quirinius</span> <span class='ocrx_word' id='word_1_188' title='bbox 952 1510 1075 1547; x_wconf 59' lang='lat' dir='ltr'>dc&#39;cztr.</span> <span class='ocrx_word' id='word_1_189' title='bbox 1098 1511 1142 1547; x_wconf 79' lang='lat' dir='ltr'>in</span> <span class='ocrx_word' id='word_1_190' title='bbox 1160 1510 1315 1548; x_wconf 76' lang='lat' dir='ltr'>orthod.</span> <span class='ocrx_word' id='word_1_191' title='bbox 1342 1517 1419 1547; x_wconf 73' lang='lat' dir='ltr'>vet.</span> <span class='ocrx_word' id='word_1_192' title='bbox 1450 1509 1646 1547; x_wconf 83' lang='lat' dir='ltr'>Graeciae</span> 
     </span>
     <span class='ocr_line' id='line_1_22' title="bbox 172 1576 1644 1633; baseline -0.001 -18"><span class='ocrx_word' id='word_1_193' title='bbox 172 1578 306 1628; x_wconf 73' lang='lat' dir='ltr'>officia</span> <span class='ocrx_word' id='word_1_194' title='bbox 328 1592 378 1629; x_wconf 85' lang='lat' dir='ltr'>p.</span> <span class='ocrx_word' id='word_1_195' title='bbox 404 1576 475 1619; x_wconf 83' lang='lat'>47.</span> <span class='ocrx_word' id='word_1_196' title='bbox 533 1578 589 1615; x_wconf 84' lang='lat' dir='ltr'>ait</span> <span class='ocrx_word' id='word_1_197' title='bbox 617 1579 750 1615; x_wconf 70' lang='lat' dir='ltr'>enisu:</span> <span class='ocrx_word' id='word_1_198' title='bbox 790 1579 894 1633; x_wconf 75' lang='lat' dir='ltr'>ratio</span> <span class='ocrx_word' id='word_1_199' title='bbox 926 1578 1004 1614; x_wconf 73' lang='lat' dir='ltr'>ista</span> <span class='ocrx_word' id='word_1_200' title='bbox 1033 1578 1390 1630; x_wconf 76' lang='lat' dir='ltr'>confirzgendorum</span> <span class='ocrx_word' id='word_1_201' title='bbox 1419 1577 1644 1615; x_wconf 74' lang='lat' dir='ltr'>carminicm</span> 
     </span>
     <span class='ocr_line' id='line_1_23' title="bbox 171 1644 1644 1696; baseline -0.001 -12"><span class='ocrx_word' id='word_1_202' title='bbox 171 1660 252 1684; x_wconf 83' lang='lat' dir='ltr'>non</span> <span class='ocrx_word' id='word_1_203' title='bbox 268 1659 378 1684; x_wconf 80' lang='lat' dir='ltr'>nune</span> <span class='ocrx_word' id='word_1_204' title='bbox 387 1646 570 1696; x_wconf 72' lang='lat' dir='ltr'>pritnum</span> <span class='ocrx_word' id='word_1_205' title='bbox 586 1646 631 1683; x_wconf 77' lang='lat' dir='ltr'>in</span> <span class='ocrx_word' id='word_1_206' title='bbox 648 1659 694 1683; x_wconf 80' lang='lat' dir='ltr'>ea</span> <span class='ocrx_word' id='word_1_207' title='bbox 711 1646 888 1692; x_wconf 81' lang='lat' dir='ltr'>natione,</span> <span class='ocrx_word' id='word_1_208' title='bbox 916 1646 989 1683; x_wconf 73' lang='lat' dir='ltr'>sed</span> <span class='ocrx_word' id='word_1_209' title='bbox 1002 1646 1134 1684; x_wconf 81' lang='lat' dir='ltr'>multa</span> <span class='ocrx_word' id='word_1_210' title='bbox 1150 1646 1299 1684; x_wconf 80' lang='lat' dir='ltr'>abhinc</span> <span class='ocrx_word' id='word_1_211' title='bbox 1316 1645 1480 1683; x_wconf 74' lang='lat' dir='ltr'>saecula</span> <span class='ocrx_word' id='word_1_212' title='bbox 1480 1674 1499 1691; x_wconf 79' lang='lat'><em>,</em></span> <span class='ocrx_word' id='word_1_213' title='bbox 1528 1644 1644 1683; x_wconf 79' lang='lat' dir='ltr'>labo-</span> 
     </span>
     <span class='ocr_line' id='line_1_24' title="bbox 169 1712 1643 1766; baseline -0.002 -14"><span class='ocrx_word' id='word_1_214' title='bbox 169 1715 228 1752; x_wconf 73' lang='lat' dir='ltr'>ris</span> <span class='ocrx_word' id='word_1_215' title='bbox 235 1714 386 1766; x_wconf 71' lang='lat' dir='ltr'>jor-ean</span> <span class='ocrx_word' id='word_1_216' title='bbox 398 1720 606 1764; x_wconf 77' lang='lat' dir='ltr'>pertaesa,</span> <span class='ocrx_word' id='word_1_217' title='bbox 637 1719 732 1751; x_wconf 79' lang='lat' dir='ltr'>ante</span> <span class='ocrx_word' id='word_1_218' title='bbox 750 1719 788 1749; x_wconf 79' lang='lat' dir='ltr'>et</span> <span class='ocrx_word' id='word_1_219' title='bbox 805 1712 989 1750; x_wconf 78' lang='lat' dir='ltr'>barbarie</span> <span class='ocrx_word' id='word_1_220' title='bbox 1004 1714 1139 1760; x_wconf 74' lang='lat' dir='ltr'>omnia</span> <span class='ocrx_word' id='word_1_221' title='bbox 1155 1720 1375 1765; x_wconf 73' lang='lat' dir='ltr'>occupante</span> <span class='ocrx_word' id='word_1_222' title='bbox 1396 1713 1520 1763; x_wconf 86' lang='lat' dir='ltr'>(adde</span> <span class='ocrx_word' id='word_1_223' title='bbox 1542 1726 1643 1764; x_wconf 84' lang='lat' dir='ltr'>quo-</span> 
     </span>
     <span class='ocr_line' id='line_1_25' title="bbox 171 1780 1644 1833; baseline -0.003 -13"><span class='ocrx_word' id='word_1_224' title='bbox 171 1796 248 1833; x_wconf 80' lang='lat' dir='ltr'>que</span> <span class='ocrx_word' id='word_1_225' title='bbox 265 1794 399 1819; x_wconf 79' lang='lat' dir='ltr'>rerum</span> <span class='ocrx_word' id='word_1_226' title='bbox 415 1780 611 1818; x_wconf 72' lang='lat' dir='ltr'>similistm</span> <span class='ocrx_word' id='word_1_227' title='bbox 630 1781 959 1832; x_wconf 72' lang='lat' dir='ltr'>ignorationem),</span> <span class='ocrx_word' id='word_1_228' title='bbox 997 1782 1042 1818; x_wconf 89' lang='lat' dir='ltr'>in</span> <span class='ocrx_word' id='word_1_229' title='bbox 1063 1796 1142 1820; x_wconf 74' lang='lat' dir='ltr'>usu</span> <span class='ocrx_word' id='word_1_230' title='bbox 1152 1783 1290 1833; x_wconf 77' lang='lat' dir='ltr'>fuisse</span> <span class='ocrx_word' id='word_1_231' title='bbox 1308 1781 1564 1830; x_wconf 82' lang='lat' dir='ltr'>comperitur,</span> <span class='ocrx_word' id='word_1_232' title='bbox 1597 1787 1644 1816; x_wconf 88' lang='lat' dir='ltr'>ut</span> 
     </span>
     <span class='ocr_line' id='line_1_26' title="bbox 170 1847 1639 1899; baseline -0.003 -10"><span class='ocrx_word' id='word_1_233' title='bbox 170 1851 351 1889; x_wconf 71' lang='lat' dir='ltr'>videmus</span> <span class='ocrx_word' id='word_1_234' title='bbox 369 1850 414 1886; x_wconf 82' lang='lat' dir='ltr'>in</span> <span class='ocrx_word' id='word_1_235' title='bbox 432 1848 573 1887; x_wconf 72' lang='lat' dir='ltr'>Photii</span> <span class='ocrx_word' id='word_1_236' title='bbox 585 1847 866 1899; x_wconf 78' lang='lat' dir='ltr'>patriarchae,</span> <span class='ocrx_word' id='word_1_237' title='bbox 894 1847 1040 1894; x_wconf 71' lang='lat' dir='ltr'>Pselli,</span> <span class='ocrx_word' id='word_1_238' title='bbox 1069 1850 1313 1894; x_wconf 68' lang='lat' dir='ltr'>Manassae,</span> <span class='ocrx_word' id='word_1_239' title='bbox 1342 1847 1533 1898; x_wconf 66' lang='lat' dir='ltr'>Philippi</span> <span class='ocrx_word' id='word_1_240' title='bbox 1562 1847 1639 1885; x_wconf 87' lang='lat' dir='ltr'>So—</span> 
     </span>
     <span class='ocr_line' id='line_1_27' title="bbox 168 1915 1638 1968; baseline -0.001 -12"><span class='ocrx_word' id='word_1_241' title='bbox 168 1919 315 1964; x_wconf 71' lang='lat' dir='ltr'>litarii,</span> <span class='ocrx_word' id='word_1_242' title='bbox 342 1916 553 1955; x_wconf 70' lang='lat' dir='ltr'>Manuelis</span> <span class='ocrx_word' id='word_1_243' title='bbox 581 1915 730 1954; x_wconf 74' lang='lat' dir='ltr'>Philae</span> <span class='ocrx_word' id='word_1_244' title='bbox 758 1922 796 1953; x_wconf 86' lang='lat' dir='ltr'>et</span> <span class='ocrx_word' id='word_1_245' title='bbox 825 1916 986 1952; x_wconf 80' lang='lat' dir='ltr'>Tzetzae</span> <span class='ocrx_word' id='word_1_246' title='bbox 1004 1915 1238 1966; x_wconf 60' lang='lat' dir='ltr'>poematiis,</span> <span class='ocrx_word' id='word_1_247' title='bbox 1274 1918 1318 1953; x_wconf 89' lang='lat' dir='ltr'>in</span> <span class='ocrx_word' id='word_1_248' title='bbox 1346 1916 1492 1968; x_wconf 88' lang='lat' dir='ltr'>quibus</span> <span class='ocrx_word' id='word_1_249' title='bbox 1518 1928 1638 1967; x_wconf 83' lang='lat' dir='ltr'>saepe</span> 
     </span>
     <span class='ocr_line' id='line_1_28' title="bbox 168 1979 1639 2037; baseline -0.003 -12"><span class='ocrx_word' id='word_1_250' title='bbox 168 1992 378 2025; x_wconf 83' lang='lat' dir='ltr'>occurrunt</span> <span class='ocrx_word' id='word_1_251' title='bbox 401 1979 555 2037; x_wconf 84' lang='lat' dir='ltr'>politici</span> <span class='ocrx_word' id='word_1_252' title='bbox 578 1996 738 2032; x_wconf 83' lang='lat' dir='ltr'>versus,</span> <span class='ocrx_word' id='word_1_253' title='bbox 778 1996 951 2035; x_wconf 88' lang='lat' dir='ltr'>quorum</span> <span class='ocrx_word' id='word_1_254' title='bbox 971 1983 1183 2021; x_wconf 86' lang='lat' dir='ltr'>artificium</span> <span class='ocrx_word' id='word_1_255' title='bbox 1198 1985 1241 2020; x_wconf 90' lang='lat' dir='ltr'>in</span> <span class='ocrx_word' id='word_1_256' title='bbox 1260 1996 1307 2021; x_wconf 90' lang='lat' dir='ltr'>eo</span> <span class='ocrx_word' id='word_1_257' title='bbox 1329 1990 1459 2036; x_wconf 86' lang='lat' dir='ltr'>totum</span> <span class='ocrx_word' id='word_1_258' title='bbox 1482 1982 1639 2021; x_wconf 71' lang='lat' dir='ltr'>videtur</span> 
     </span>
     <span class='ocr_line' id='line_1_29' title="bbox 166 2051 1635 2106; baseline -0.003 -14"><span class='ocrx_word' id='word_1_259' title='bbox 166 2056 362 2106; x_wconf 87' lang='lat' dir='ltr'>positum,</span> <span class='ocrx_word' id='word_1_260' title='bbox 399 2060 444 2092; x_wconf 85' lang='lat' dir='ltr'>ut</span> <span class='ocrx_word' id='word_1_261' title='bbox 471 2051 702 2106; x_wconf 88' lang='lat' dir='ltr'>quindecim</span> <span class='ocrx_word' id='word_1_262' title='bbox 719 2051 896 2103; x_wconf 85' lang='lat' dir='ltr'>syllabas</span> <span class='ocrx_word' id='word_1_263' title='bbox 919 2065 1128 2104; x_wconf 88' lang='lat' dir='ltr'>nunquam</span> <span class='ocrx_word' id='word_1_264' title='bbox 1155 2051 1378 2099; x_wconf 81' lang='lat' dir='ltr'>excedant,</span> <span class='ocrx_word' id='word_1_265' title='bbox 1417 2058 1458 2088; x_wconf 90' lang='lat' dir='ltr'>et</span> <span class='ocrx_word' id='word_1_266' title='bbox 1479 2052 1514 2088; x_wconf 91' lang='lat' dir='ltr'>si</span> <span class='ocrx_word' id='word_1_267' title='bbox 1533 2063 1635 2102; x_wconf 90' lang='lat' dir='ltr'>quae</span> 
     </span>
     <span class='ocr_line' id='line_1_30' title="bbox 167 2117 1634 2172; baseline -0.003 -13"><span class='ocrx_word' id='word_1_268' title='bbox 167 2122 271 2159; x_wconf 77' lang='lat' dir='ltr'>ultra</span> <span class='ocrx_word' id='word_1_269' title='bbox 287 2121 492 2171; x_wconf 79' lang='lat' dir='ltr'>videntur,</span> <span class='ocrx_word' id='word_1_270' title='bbox 533 2134 600 2159; x_wconf 85' lang='lat' dir='ltr'>eas</span> <span class='ocrx_word' id='word_1_271' title='bbox 616 2135 689 2172; x_wconf 88' lang='lat' dir='ltr'>per</span> <span class='ocrx_word' id='word_1_272' title='bbox 707 2118 958 2172; x_wconf 84' lang='lat' dir='ltr'>aphaeresim</span> <span class='ocrx_word' id='word_1_273' title='bbox 979 2120 1044 2158; x_wconf 83' lang='lat' dir='ltr'>vel</span> <span class='ocrx_word' id='word_1_274' title='bbox 1061 2118 1352 2171; x_wconf 87' lang='lat' dir='ltr'>synaloepham</span> <span class='ocrx_word' id='word_1_275' title='bbox 1371 2117 1578 2156; x_wconf 84' lang='lat' dir='ltr'>decurtent</span> <span class='ocrx_word' id='word_1_276' title='bbox 1595 2126 1634 2155; x_wconf 88' lang='lat' dir='ltr'>et</span> 
     </span>
     <span class='ocr_line' id='line_1_31' title="bbox 165 2179 1638 2238; baseline -0.004 -10"><span class='ocrx_word' id='word_1_277' title='bbox 165 2190 397 2238; x_wconf 84' lang='lat' dir='ltr'>absumant,</span> <span class='ocrx_word' id='word_1_278' title='bbox 440 2179 657 2228; x_wconf 82' lang='lat' dir='ltr'>dummodo</span> <span class='ocrx_word' id='word_1_279' title='bbox 675 2190 719 2226; x_wconf 85' lang='lat' dir='ltr'>in</span> <span class='ocrx_word' id='word_1_280' title='bbox 737 2188 920 2226; x_wconf 87' lang='lat' dir='ltr'>iambum</span> <span class='ocrx_word' id='word_1_281' title='bbox 936 2194 1084 2226; x_wconf 84' lang='lat' dir='ltr'>exeant</span> <span class='ocrx_word' id='word_1_282' title='bbox 1103 2188 1146 2224; x_wconf 90' lang='lat' dir='ltr'>in</span> <span class='ocrx_word' id='word_1_283' title='bbox 1164 2188 1264 2224; x_wconf 76' lang='lat' dir='ltr'>fine:</span> <span class='ocrx_word' id='word_1_284' title='bbox 1307 2185 1455 2224; x_wconf 85' lang='lat' dir='ltr'>idcirco</span> <span class='ocrx_word' id='word_1_285' title='bbox 1474 2186 1638 2237; x_wconf 83' lang='lat' dir='ltr'>politici</span> 
     </span>
     <span class='ocr_line' id='line_1_32' title="bbox 163 2253 1631 2310; baseline -0.003 -15"><span class='ocrx_word' id='word_1_286' title='bbox 163 2259 231 2295; x_wconf 75' lang='lat' dir='ltr'>vel</span> <span class='ocrx_word' id='word_1_287' title='bbox 249 2258 435 2295; x_wconf 81' lang='lat' dir='ltr'>demotici</span> <span class='ocrx_word' id='word_1_288' title='bbox 452 2256 570 2306; x_wconf 78' lang='lat' dir='ltr'>dicti,</span> <span class='ocrx_word' id='word_1_289' title='bbox 606 2255 715 2310; x_wconf 89' lang='lat' dir='ltr'>quod</span> <span class='ocrx_word' id='word_1_290' title='bbox 737 2258 924 2307; x_wconf 68' lang='lat' dir='ltr'>vulgares</span> <span class='ocrx_word' id='word_1_291' title='bbox 936 2285 948 2305; x_wconf 93' lang='lat'>‚</span> <span class='ocrx_word' id='word_1_292' title='bbox 977 2256 1044 2295; x_wconf 81' lang='lat' dir='ltr'>vel</span> <span class='ocrx_word' id='word_1_293' title='bbox 1060 2262 1105 2293; x_wconf 91' lang='lat' dir='ltr'>ut</span> <span class='ocrx_word' id='word_1_294' title='bbox 1123 2253 1235 2292; x_wconf 84' lang='lat' dir='ltr'>idem</span> <span class='ocrx_word' id='word_1_295' title='bbox 1249 2254 1423 2292; x_wconf 83' lang='lat' dir='ltr'>Allatius</span> <span class='ocrx_word' id='word_1_296' title='bbox 1445 2253 1631 2301; x_wconf 82' lang='lat' dir='ltr'>declarat,</span> 
     </span>
     <span class='ocr_line' id='line_1_33' title="bbox 165 2322 1627 2376; baseline -0.003 -13"><span class='ocrx_word' id='word_1_297' title='bbox 165 2339 390 2363; x_wconf 69' lang='lat' dir='ltr'>communes</span> <span class='ocrx_word' id='word_1_298' title='bbox 417 2326 598 2363; x_wconf 76' lang='lat' dir='ltr'>omnium</span> <span class='ocrx_word' id='word_1_299' title='bbox 624 2325 772 2364; x_wconf 60' lang='lat' dir='ltr'>civium</span> <span class='ocrx_word' id='word_1_300' title='bbox 802 2332 914 2370; x_wconf 68' lang='lat' dir='ltr'>satit,</span> <span class='ocrx_word' id='word_1_301' title='bbox 951 2325 1120 2376; x_wconf 68' lang='lat' dir='ltr'>maique</span> <span class='ocrx_word' id='word_1_302' title='bbox 1157 2336 1292 2360; x_wconf 78' lang='lat' dir='ltr'>eorum</span> <span class='ocrx_word' id='word_1_303' title='bbox 1326 2322 1627 2360; x_wconf 82' lang='lat' dir='ltr'>accommodati.</span> 
     </span>
     <span class='ocr_line' id='line_1_34' title="bbox 164 2389 1847 2447; baseline -0.007 -15"><span class='ocrx_word' id='word_1_304' title='bbox 164 2395 299 2447; x_wconf 87' lang='lat' dir='ltr'>itaque</span> <span class='ocrx_word' id='word_1_305' title='bbox 320 2401 478 2431; x_wconf 81' lang='lat' dir='ltr'>tantum</span> <span class='ocrx_word' id='word_1_306' title='bbox 507 2393 620 2431; x_wconf 89' lang='lat' dir='ltr'>abest</span> <span class='ocrx_word' id='word_1_307' title='bbox 638 2399 683 2431; x_wconf 89' lang='lat' dir='ltr'>ut</span> <span class='ocrx_word' id='word_1_308' title='bbox 699 2393 825 2431; x_wconf 85' lang='lat' dir='ltr'>iambi</span> <span class='ocrx_word' id='word_1_309' title='bbox 842 2392 1002 2432; x_wconf 88' lang='lat' dir='ltr'>Pisidae</span> <span class='ocrx_word' id='word_1_310' title='bbox 1024 2391 1101 2430; x_wconf 87' lang='lat' dir='ltr'>hoc</span> <span class='ocrx_word' id='word_1_311' title='bbox 1118 2392 1303 2444; x_wconf 85' lang='lat' dir='ltr'>squalore</span> <span class='ocrx_word' id='word_1_312' title='bbox 1329 2397 1369 2427; x_wconf 90' lang='lat' dir='ltr'>et</span> <span class='ocrx_word' id='word_1_313' title='bbox 1389 2390 1506 2428; x_wconf 87' lang='lat' dir='ltr'>sorde</span> <span class='ocrx_word' id='word_1_314' title='bbox 1527 2390 1631 2427; x_wconf 74' lang='lat' dir='ltr'>vile-</span> <span class='ocrx_word' id='word_1_315' title='bbox 1647 2402 1679 2435; x_wconf 84' lang='lat' dir='ltr'>p.</span> <span class='ocrx_word' id='word_1_316' title='bbox 1695 2389 1847 2423; x_wconf 72' lang='lat' dir='ltr'>XXle</span> 
     </span>
     <span class='ocr_line' id='line_1_35' title="bbox 160 2458 1630 2513; baseline -0.004 -13"><span class='ocrx_word' id='word_1_317' title='bbox 160 2470 296 2511; x_wconf 75' lang='lat' dir='ltr'>scant,</span> <span class='ocrx_word' id='word_1_318' title='bbox 338 2468 382 2499; x_wconf 90' lang='lat' dir='ltr'>ut</span> <span class='ocrx_word' id='word_1_319' title='bbox 397 2463 532 2513; x_wconf 87' lang='lat' dir='ltr'>potius</span> <span class='ocrx_word' id='word_1_320' title='bbox 548 2461 675 2498; x_wconf 85' lang='lat' dir='ltr'>nimia</span> <span class='ocrx_word' id='word_1_321' title='bbox 694 2460 895 2512; x_wconf 83' lang='lat' dir='ltr'>quaedam</span> <span class='ocrx_word' id='word_1_322' title='bbox 910 2462 1105 2499; x_wconf 85' lang='lat' dir='ltr'>festivitas</span> <span class='ocrx_word' id='word_1_323' title='bbox 1123 2461 1166 2496; x_wconf 92' lang='lat' dir='ltr'>in</span> <span class='ocrx_word' id='word_1_324' title='bbox 1182 2459 1352 2498; x_wconf 83' lang='lat' dir='ltr'>eisinsit</span> <span class='ocrx_word' id='word_1_325' title='bbox 1365 2486 1377 2507; x_wconf 90' lang='lat'>,</span> <span class='ocrx_word' id='word_1_326' title='bbox 1414 2471 1517 2510; x_wconf 89' lang='lat' dir='ltr'>quae</span> <span class='ocrx_word' id='word_1_327' title='bbox 1540 2458 1630 2509; x_wconf 87' lang='lat' dir='ltr'>qui·-</span> 
     </span>
     <span class='ocr_line' id='line_1_36' title="bbox 165 2526 1626 2582; baseline -0.003 -16"><span class='ocrx_word' id='word_1_328' title='bbox 165 2529 259 2567; x_wconf 86' lang='lat' dir='ltr'>dem</span> <span class='ocrx_word' id='word_1_329' title='bbox 283 2531 441 2569; x_wconf 82' lang='lat' dir='ltr'>facilius</span> <span class='ocrx_word' id='word_1_330' title='bbox 467 2530 629 2568; x_wconf 82' lang='lat' dir='ltr'>auribus</span> <span class='ocrx_word' id='word_1_331' title='bbox 662 2527 871 2567; x_wconf 77' lang='lat' dir='ltr'>diiudicari</span> <span class='ocrx_word' id='word_1_332' title='bbox 899 2540 1022 2582; x_wconf 85' lang='lat' dir='ltr'>quam</span> <span class='ocrx_word' id='word_1_333' title='bbox 1044 2528 1176 2566; x_wconf 79' lang='lat' dir='ltr'>verbis</span> <span class='ocrx_word' id='word_1_334' title='bbox 1199 2526 1463 2565; x_wconf 82' lang='lat' dir='ltr'>demonstrari</span> <span class='ocrx_word' id='word_1_335' title='bbox 1482 2531 1626 2576; x_wconf 86' lang='lat' dir='ltr'>potest,</span> 
     </span>
     <span class='ocr_line' id='line_1_37' title="bbox 163 2596 1625 2649; baseline -0.003 -15"><span class='ocrx_word' id='word_1_336' title='bbox 163 2609 364 2649; x_wconf 87' lang='lat' dir='ltr'>quamque</span> <span class='ocrx_word' id='word_1_337' title='bbox 383 2599 426 2634; x_wconf 90' lang='lat' dir='ltr'>in</span> <span class='ocrx_word' id='word_1_338' title='bbox 442 2597 643 2636; x_wconf 82' lang='lat' dir='ltr'>vertendis</span> <span class='ocrx_word' id='word_1_339' title='bbox 663 2598 741 2634; x_wconf 86' lang='lat' dir='ltr'>alia</span> <span class='ocrx_word' id='word_1_340' title='bbox 760 2597 899 2648; x_wconf 81' lang='lat' dir='ltr'>lingua</span> <span class='ocrx_word' id='word_1_341' title='bbox 912 2598 1119 2635; x_wconf 80' lang='lat' dir='ltr'>sententiis</span> <span class='ocrx_word' id='word_1_342' title='bbox 1139 2607 1296 2633; x_wconf 83' lang='lat' dir='ltr'>servare</span> <span class='ocrx_word' id='word_1_343' title='bbox 1316 2596 1471 2632; x_wconf 82' lang='lat' dir='ltr'>nemini</span> <span class='ocrx_word' id='word_1_344' title='bbox 1488 2596 1625 2630; x_wconf 85' lang='lat' dir='ltr'>liceat:</span> 
     </span>
     <span class='ocr_line' id='line_1_38' title="bbox 162 2664 1625 2717; baseline -0.003 -17"><span class='ocrx_word' id='word_1_345' title='bbox 162 2677 259 2701; x_wconf 86' lang='lat' dir='ltr'>nam</span> <span class='ocrx_word' id='word_1_346' title='bbox 274 2677 394 2703; x_wconf 87' lang='lat' dir='ltr'>sonus</span> <span class='ocrx_word' id='word_1_347' title='bbox 421 2673 461 2703; x_wconf 89' lang='lat' dir='ltr'>et</span> <span class='ocrx_word' id='word_1_348' title='bbox 478 2666 655 2713; x_wconf 82' lang='lat' dir='ltr'>numeri,</span> <span class='ocrx_word' id='word_1_349' title='bbox 693 2666 838 2717; x_wconf 88' lang='lat' dir='ltr'>quibus</span> <span class='ocrx_word' id='word_1_350' title='bbox 864 2672 946 2703; x_wconf 85' lang='lat' dir='ltr'>tota</span> <span class='ocrx_word' id='word_1_351' title='bbox 968 2671 1121 2702; x_wconf 83' lang='lat' dir='ltr'>constat</span> <span class='ocrx_word' id='word_1_352' title='bbox 1147 2669 1334 2700; x_wconf 82' lang='lat' dir='ltr'>venustas</span> <span class='ocrx_word' id='word_1_353' title='bbox 1349 2692 1359 2711; x_wconf 90' lang='lat'>,</span> <span class='ocrx_word' id='word_1_354' title='bbox 1388 2664 1625 2711; x_wconf 85' lang='lat' dir='ltr'>iuterpreta-</span> 
     </span>
     <span class='ocr_line' id='line_1_39' title="bbox 163 2729 1625 2784; baseline -0.003 -17"><span class='ocrx_word' id='word_1_355' title='bbox 163 2732 268 2768; x_wconf 81' lang='lat' dir='ltr'>tione</span> <span class='ocrx_word' id='word_1_356' title='bbox 288 2730 569 2781; x_wconf 82' lang='lat' dir='ltr'>dissolvuntur,</span> <span class='ocrx_word' id='word_1_357' title='bbox 594 2739 630 2769; x_wconf 86' lang='lat' dir='ltr'>et</span> <span class='ocrx_word' id='word_1_358' title='bbox 643 2734 753 2784; x_wconf 86' lang='lat' dir='ltr'>ipsae</span> <span class='ocrx_word' id='word_1_359' title='bbox 766 2745 925 2784; x_wconf 85' lang='lat' dir='ltr'>quoque</span> <span class='ocrx_word' id='word_1_360' title='bbox 938 2732 1157 2771; x_wconf 76' lang='lat' dir='ltr'>sententiae</span> <span class='ocrx_word' id='word_1_361' title='bbox 1172 2742 1223 2767; x_wconf 81' lang='lat' dir='ltr'>ex</span> <span class='ocrx_word' id='word_1_362' title='bbox 1241 2731 1326 2767; x_wconf 86' lang='lat' dir='ltr'>sola</span> <span class='ocrx_word' id='word_1_363' title='bbox 1346 2729 1625 2780; x_wconf 80' lang='lat' dir='ltr'>complexione</span> 
     </span>
    </p>
   </div>
  </div>
 </body>
</html>
