1890 3224
527 170 599 213 AD
633 167 999 213 NICEPHORUM
1031 166 1232 211 NOTAE.
1511 166 1607 213 107

153 283 259 321 sium
282 294 335 319 ex
355 282 483 320 tirone
506 279 650 320 ducem
669 280 803 319 faciat.
858 277 931 318 sed
949 291 1080 332 neque
1101 277 1151 316 de
1168 277 1377 317 Anastasio
1397 275 1505 329 apud
1527 277 1605 314 Ce-

153 339 321 376 drenum
341 339 506 376 verbum
524 339 675 385 ullum,
701 344 740 375 et
759 338 856 375 Saes
871 338 1082 374 Persarum
1097 334 1183 373 dux
1198 347 1235 372 a.
1250 335 1423 373 Heraclii
1439 337 1464 375 6
1482 331 1604 371 chal-

152 394 344 432 cedonem
373 397 575 446 pervenit,
602 406 684 432 non
709 395 847 446 utique
874 393 1057 442 absente,
1084 399 1130 430 ut
1149 394 1223 430 iste
1242 391 1376 442 fingit,
1404 391 1604 428 Heraclio.

153 451 225 489 sed
255 459 441 489 sexcenta
474 458 565 489 sunt
596 452 680 488 eius
710 451 866 502 generis
899 451 942 487 in
974 451 1050 487 ista
1083 447 1361 499 chronologia,
1392 460 1513 499 quam
1534 448 1607 498 qui

153 510 310 559 scripsit
330 521 461 560 neque
480 506 703 545 cedrenum
720 520 851 559 neque
873 507 995 543 alium
1015 507 1211 543 Graecum
1228 506 1357 542 ullum
1376 506 1607 554 scriptorem

151 563 274 613 vidit,
305 563 377 602 sed
401 565 591 616 pleraque
619 576 672 601 ex
697 564 959 603 Illustrissimi
984 561 1203 600 Cardinalis
1225 561 1447 600 Annalibus
1464 559 1608 599 hausta

152 622 263 659 nullo
283 620 428 658 iudicio
451 619 658 690 decerpsit.

265 690 306 728 p-
334 680 385 718 10
406 690 445 714 v.
473 678 540 718 16.
598 671 717 723 οὗτος
744 674 810 716 ἐπὶ
835 691 911 727 την
935 670 1221 727 Ἀλεξάνδρου]
1264 671 1534 724 Theophanes
1562 684 1609 709 ac

153 731 354 771 Cedrenus
370 732 515 771 iisdem
532 739 698 784 uterque
717 733 847 770 verbis
864 745 966 771 anno
985 730 1030 769 id
1049 731 1226 769 Heraclii
1241 731 1266 770 6
1286 732 1495 781 contigisse
1514 741 1610 766 nar-

152 796 262 839 rant,
291 789 458 841 proinde
492 789 639 828 Christi
657 787 738 829 615
757 789 823 827 vel
837 790 932 830 616.
989 787 1129 840 quod
1117 788 1299 838 inprimis
1318 784 1610 824 observandum

153 852 227 884 est.
284 859 381 883 nam
416 853 456 883 et
489 845 554 883 hic
578 848 752 883 immane
784 851 976 896 quantum
1009 842 1330 894 chronographos
1360 845 1457 881 ratio
1493 842 1610 892 fugit,

154 915 247 940 cum
273 903 434 940 Ioannis
461 901 726 940 Alexandrini
751 902 980 939 Eleemonis
1001 914 1125 939 annos
1147 907 1265 952 atque
1287 901 1439 938 obitum
1461 898 1612 936 descri-

152 959 266 996 bunt.
324 971 445 1010 quem
475 957 722 1010 Nicephorus
750 959 793 995 111
821 949 1015 995 Chronico
1040 956 1189 995 sedisse
1220 969 1344 994 annos
1372 958 1425 997 10
1458 955 1611 993 asserit.

151 1016 288 1066 itaque
319 1027 357 1051 a.
384 1017 427 1052 C.
453 1018 535 1056 620
564 1014 779 1052 decessisse
809 1012 917 1051 hunc
945 1015 988 1050 111
1012 1014 1234 1051 Annalibus
1260 1014 1427 1063 legitur,
1474 1018 1513 1048 et
1539 1024 1610 1048 eo—

154 1070 247 1108 dem
276 1083 378 1108 anno
403 1073 583 1108 Nicetam
607 1071 818 1122 patricium
844 1071 894 1107 ab
917 1071 1101 1107 Heraclio
1124 1071 1292 1107 missum
1309 1067 1609 1106 AlexandrInae

152 1127 343 1164 ecclesiae
373 1127 562 1177 pecunias
585 1127 628 1162 in
652 1125 793 1162 fiscum
821 1125 1001 1174 redigere
1030 1127 1216 1164 voluisse.
1273 1138 1413 1174 porro,
1442 1125 1610 1161 Leontio

151 1189 276 1231 teste,
315 1183 547 1234 priusquam
571 1179 818 1219 Alexandria
841 1181 885 1217 in
910 1179 1088 1217 hostium
1113 1185 1351 1230 potestatem
1381 1181 1553 1226 veniret,
1588 1192 1613 1216 a

151 1241 289 1277 Niceta
309 1239 465 1290 Cpolim
484 1236 675 1276 abductus
696 1238 739 1274 in
756 1237 898 1274 itinere
916 1236 1027 1274 obiit.
1084 1248 1224 1273 verum
1246 1237 1316 1287 qui
1339 1238 1468 1287 potuit
1490 1237 1613 1272 Nice-

153 1302 214 1333 tas
230 1297 272 1332 in
290 1308 336 1332 ea
352 1296 449 1332 urbe
467 1295 748 1345 provinciaque
767 1294 955 1344 pecunias
975 1293 1175 1343 colligere,
1206 1304 1325 1343 quam
1343 1291 1368 1333 5
1387 1294 1468 1329 iam
1486 1304 1611 1329 annos

151 1354 298 1390 Persae
321 1353 365 1389 in
385 1358 620 1403 potestatem
641 1347 862 1388 haberent‘}
920 1361 1042 1401 quare
1071 1347 1428 1386 metachronismus
1457 1355 1515 1386 est
1540 1361 1615 1384 au-

154 1421 300 1446 norum
330 1409 371 1448 5.
431 1407 573 1460 quodsi
602 1409 770 1445 Ioannes
801 1406 850 1443 ab
884 1406 1068 1443 Heraclio
1101 1404 1398 1443 Alexandrinae
1428 1405 1617 1443 ecclesiae

155 1465 379 1516 praefectus
410 1471 497 1512 est,
541 1462 649 1517 quod
689 1462 799 1501 idem
835 1463 1025 1500 Leontius
1052 1461 1202 1513 prodit,
1245 1469 1290 1500 ut
1317 1461 1361 1499 id
1394 1475 1498 1499 anno
1530 1463 1615 1499 eius

155 1523 285 1572 primo
311 1521 461 1559 factum
488 1521 561 1570 sit,
590 1521 751 1559 nonnisi
781 1522 808 1561 6
840 1531 966 1558 annos
989 1531 1080 1556 eam
1104 1519 1328 1560 ecclesiam
1337 1517 1614 1557 administrare

154 1579 299 1629 potuit.

267 1647 309 1685 Ρ
331 1636 378 1674 11
401 1646 440 1671 v.
456 1635 523 1674 11.
582 1632 781 1680 ἐξουσίαις
801 1630 879 1682 δεῖ]
906 1630 1099 1669 mendosa
1118 1629 1218 1668 haec
1237 1637 1342 1679 sunt,
1369 1637 1415 1669 ut
1433 1631 1510 1669 alia
1527 1631 1619 1682 ple-

157 1703 294 1742 raque.
349 1690 431 1740 leg.
454 1685 504 1739 δή
525 1695 564 1726 et
580 1683 760 1738 φαίνοιτ’
778 1702 832 1726 αν
851 1683 1025 1727 πώποτε.

266 1759 308 1797 Ρ.
331 1747 384 1785 12
402 1758 440 1783 v.
463 1747 528 1786 10.
585 1745 710 1784 ταῦτα
730 1741 796 1784 ἐπὶ
817 1741 943 1795 τέλει]
972 1756 1103 1795 neque
1123 1741 1223 1780 haec
1246 1743 1423 1781 saniora:
1454 1755 1508 1780 ex
1526 1743 1620 1795 qui-

156 1804 232 1841 bus
248 1809 383 1839 tamen
403 1814 637 1852 germanum
657 1812 818 1837 sensum
836 1798 992 1837 odorari
1012 1798 1251 1837 studuimus.

271 1872 313 1910 p.
334 1860 385 1899 13
400 1871 439 1895 v.
460 1859 498 1898 1.
554 1852 770 1908 Ὀλύμπιος
785 1853 874 1907 μὲν]
895 1854 1022 1893 iidem
1038 1856 1156 1907 plane
1172 1861 1427 1893 recensentur
1441 1855 1483 1891 in
1497 1855 1619 1892 Alex.

158 1913 307 1953 Ghron.
326 1915 370 1951 in
387 1915 554 1966 epistola
571 1913 747 1951 Heraclii
765 1911 816 1949 ad
835 1910 1050 1950 Chosroen.
1108 1918 1149 1950 at
1166 1911 1366 1950 Cedrenus
1385 1913 1439 1952 70
1460 1924 1512 1948 ex
1528 1924 1619 1949 ma·-

158 1972 345 2023 gnatibus
370 1971 565 2022 profectos
589 1971 751 2008 asserit:
781 1967 853 2007 sed
872 1981 1094 2020 perperam.
1152 1966 1419 2021 expungenda
1439 1969 1547 2005 0111111
1565 1969 1620 2005 11-

158 2035 244 2066 tera
274 2041 318 2076 o,
355 2034 400 2065 ut
430 2034 470 2065 et
496 2026 604 2079 apud
631 2024 941 2077 Theophanem,
982 2038 1084 2078 quae
1119 2039 1332 2063 numerum
1362 2025 1480 2062 illum
1513 2024 1621 2091 apud

159 2086 331 2122 Graecos
350 2082 513 2122 indicat.
569 2084 803 2122 Anastasius
821 2095 939 2134 porro
958 2084 1002 2120 in
1023 2081 1166 2120 eodem
1187 2081 1381 2120 Chronico
1400 2078 1622 2134 πρεσβύτε-

159 2156 230 2195 ρος
248 2140 316 2181 καὶ
331 2137 541 2194 «wynell-og
554 2141 796 2179 nominatur.

274 2196 329 2234 ib.
351 2210 392 2234 v.
414 2200 479 2239 19.
538 2196 579 2246 ἐξ
596 2191 647 2237 οὗ
667 2195 736 2236 καὶ
753 2211 803 2236 τα
820 2196 1004 2264 πλεῖστα]
1035 2193 1259 2233 Chronicon
1276 2192 1622 2232 Alexandrinum:

160 2249 289 2308 τούτῳ
313 2255 368 2308 τῷ
392 2251 468 2293 ἔτει
476 2248 762 2323 ἅπῃτήθησαν
780 2252 822 2293 οἱ
836 2247 1024 2320 κτήτορες
1042 2266 1126 2292 των
1150 2254 1366 2292 πολιτικων
1393 2248 1526 2303 ἄρτων
1555 2246 1622 2290 δια

161 2312 322 2378 γραφῆς
340 2294 450 2348 καθ’
475 2308 639 2349 ἕκαστον
659 2310 886 2380 νομίσματα
906 2304 953 2361 y'.
1009 2307 1079 2348 και
1107 2323 1202 2359 μετα
1220 2305 1264 2349 τὸ
1278 2311 1494 2377 παρασχεῖν
1516 2302 1624 2347 πάν-

162 2382 233 2413 τας
262 2362 414 2412 εὐθέως
441 2367 497 2419 τῷ
525 2361 748 2434 Αὐγούστῳ
777 2381 874 2417 μηνι
898 2367 972 2416 τῆς
997 2362 1028 2411 ς’
1056 2365 1304 2412 ἶνδικτιῶνος
1325 2361 1539 2415 (ἰνηρτήθη
1560 2378 1624 2403 τε-

164 2424 278 2470 λείως
304 2438 331 2474 η
362 2422 527 2475 χορηγία
556 2424 638 2461 τῶν
665 2436 800 2461 αυτων
821 2424 1037 2463 πολιτικων
1058 2436 1200 2473 αρτων.
1256 2423 1390 2473 itaque
1414 2419 1557 2457 Indict.
1584 2422 1625 2468 6,

165 2492 203 2517 0.
223 2480 396 2516 Heraclii
416 2479 463 2527 8,
493 2491 632 2516 mense
647 2479 850 2529 Augusto,
878 2477 956 2517 hoc
978 2485 1037 2517 est
1055 2477 1203 2516 Christi
1219 2477 1324 2527 618,
1357 2489 1514 2515 annona
1531 2489 1628 2528 sup-

165 2548 302 2586 pressa
327 2542 399 2572 est.

279 2590 334 2628 ib.
354 2605 397 2629 -v-
418 2593 486 2632 23·
543 2589 612 2630 καὶ
641 2589 825 2642 οἴχεσθαι
854 2586 922 2630 διοῖ
949 2590 1101 2643 ταῦτα]
1132 2587 1236 2627 nihil
1269 2588 1375 2641 apud
1403 2590 1502 2628 alios
1529 2589 1629 2627 scri—-

167 2654 301 2700 ptores
319 2646 368 2684 de
387 2646 584 2685 eiusmodi
601 2648 774 2685 Heraclii
793 2647 957 2685 consilio
975 2648 1108 2699 legere
1129 2647 1310 2684 memini.

279 2717 322 2754 Ρ.
345 2700 404 2743 14
414 2716 453 2740 v-
473 2704 512 2744 5-
571 2702 595 2744 o‘
617 2707 718 2755 γοῦν
744 2700 952 2756 ἷεράρχης]
983 2716 1143 2741 00115οι11
1173 2704 1299 2754 aperit
1324 2700 1424 2740 haec
1449 2699 1628 2748 historia,

171 2773 294 2813 quam
324 2761 444 2797 ceteri
474 2758 746 2808 dissimulant,
788 2773 858 2797 cur
885 2758 1138 2798 iureiurando
1173 2772 1215 2797 se
1247 2759 1394 2811 populo
1423 2757 1629 2795 Heraclius

173 2817 443 2856 obstrinxerit.
502 2815 552 2855 de
572 2830 651 2871 quo
670 2814 940 2870 Theophanes
962 2830 1065 2855 anno
1086 2816 1259 2854 Heraclii
1285 2817 1357 2857 12:
1388 2810 1506 2855 πιστα
1533 2811 1631 2860 δοῦς
