1890 3224
532 178 607 222 AD
641 178 1012 224 NICEPHORUM
1043 180 1243 223 NOTAE.
1523 182 1619 227 103

164 288 263 325 feria
290 290 316 329 3
347 288 531 341 Crispum
560 290 604 327 in
631 290 818 328 clericum
843 287 1065 329 detonsum.
1122 290 1274 328 factum
1293 286 1372 328 hoc
1394 297 1453 329 est
1476 289 1618 329 eodem
1640 297 1669 331 P
1691 297 1736 333 61

163 357 267 382 anno
287 344 392 394 612,
421 344 562 384 Indict.
584 347 608 386 1
631 346 715 384 iam
736 344 933 384 inchoata.

275 414 314 451 p·
331 401 358 440 7
378 414 416 439 v·
438 399 505 443 14
561 400 587 443 ὁ
607 400 745 451 πάντας
766 402 971 457 Κρίσπος]
1003 400 1248 441 observanda
1263 399 1364 440 haec
1381 402 1618 454 appellatio-

162 458 224 494 nis
246 457 431 495 formula.
488 471 634 510 papam
653 466 789 508 vocat,
819 466 863 496 ut
890 460 1049 510 opinor,
1083 457 1226 512 quod'
1214 472 1257 496 m
1281 459 1468 497 clericum
1485 466 1618 498 atton-

162 526 228 551 sus
249 520 365 551 esset.
424 514 574 583 alioqui
590 516 686 554 solis
705 516 955 567 pontificibus
972 529 1100 581 papae
1115 528 1261 553 nomen
1280 516 1524 553 attributum.

272 568 326 607 ib·
348 583 386 607 V·
405 572 472 612 19.
528 567 573 611 τὸ
604 569 819 642 λεγόμενον
848 574 923 640 τῆς
946 568 1119 639 Χώρας]
1148 572 1352 624 proprium
1379 585 1528 609 nomen
1555 578 1617 610 est

160 621 301 677 χώρας.
359 625 583 665 cedrenus:
612 632 723 669 ποιεῖ
752 643 826 669 ουν
855 624 981 669 αυτόν
1008 627 1220 681 κληρικόν,
1249 627 1318 668 καὶ
1349 627 1393 669 ἐν
1423 630 1475 683 τῇ
1505 630 1615 683 μονῇ

159 684 232 732 τῆς
250 678 393 733 Χωρας
412 685 645 736 περιορίζει,
673 691 719 724 ιιι
739 691 778 722 et
795 684 902 737 apud
919 685 1164 737 Syncellum'.
1220 682 1299 722 hoc
1319 691 1378 722 est
1394 685 1438 722 in
1462 683 1614 722 Chorae

160 740 392 776 monasterio
423 739 589 778 claudit.
648 754 723 778 nec
757 749 862 779 recte
900 741 1108 793 Xylander
1141 741 1278 778 solum
1306 748 1451 778 vertere
1487 740 1608 779 iubet.

157 793 459 846 Theophanes
448 810 491 833 ιιι
513 810 549 834 a.
571 800 596 839 3
617 797 857 850 Copronymi
880 800 1111 836 monasterii
1132 796 1252 836 huius
1273 798 1470 838 meminit.

269 865 310 902 Ρ
330 852 412 892 8v.
429 854 469 892 2.
529 853 586 901 εἰς
599 856 812 906 κληρικοῦ]
846 853 1034 906 Theoph.
1051 868 1087 892 a.
1107 852 1324 894 4Phocae.

267 906 322 945 ib.
347 922 387 946 v.
406 911 447 949 7.
504 905 636 962 ὀλίγον
657 908 701 950 δὲ
721 908 891 963 χρόνον]
923 924 1026 948 anno
1048 911 1220 950 Heraclii
1238 913 1266 951 2
1285 909 1451 948 moritur
1470 907 1612 947 Eudo-

158 964 239 1011 cia,
270 966 329 1001 uti
347 966 521 1003 scribunt
541 965 742 1004 Cedrenus
763 974 802 1004 et
822 965 1116 1018 Theophanes,
1146 969 1216 1019 qui
1236 966 1343 1005 diem
1362 973 1481 1019 atque
1497 964 1611 1003 Indi-

157 1021 327 1057 ctionem
356 1020 539 1070 adnotat,
570 1024 742 1073 Augusti
763 1021 835 1071 14,
865 1022 1005 1060 Indict.
1026 1024 1094 1064 15.
1151 1022 1317 1075 proinde
1339 1035 1379 1060 a.
1395 1024 1499 1070 612,
1527 1034 1611 1059 non

155 1075 424 1125 antecedenti,
456 1084 500 1114 ut
529 1091 738 1129 perperam
756 1053 1060 1131 chrhnographi.
1118 1081 1311 1118 consentit
1334 1079 1455 1116 Alex.
1480 1076 1609 1115 Chro-

155 1134 299 1180 nicon,
330 1132 439 1199 quod
461 1132 513 1169 ad
532 1134 794 1171 Indictionem
814 1137 973 1185 attinet,
1006 1149 1081 1174 nec
1106 1134 1155 1173 de
1178 1134 1242 1173 die
1263 1135 1437 1174 multum
1458 1132 1608 1172 discre-

155 1195 246 1239 pat:
287 1191 338 1243 τῇ
377 1184 422 1241 ιγ’
460 1191 535 1230 τοῦ
570 1185 805 1241 Αυγούστου
829 1189 975 1242 μηνός,
1014 1194 1087 1242 τῆς
1116 1187 1241 1242 αὐτῆς
1268 1188 1310 1229 ιε’
1338 1186 1608 1239 Ἰνδικτιῶνος,

154 1243 283 1299 ημὲρα
311 1242 460 1300 πρώτῃ.
526 1246 562 1283 si
591 1246 759 1296 Augusti
791 1249 866 1294 13,
906 1244 1103 1283 dominico
1131 1245 1196 1283 die
1227 1246 1345 1294 obiit,
1383 1246 1502 1296 plane
1531 1244 1608 1284 hoc

155 1314 258 1338 anno
285 1302 389 1350 612,
422 1302 533 1353 cyclo
557 1303 651 1339 solis
655 1274 721 1351 05,
751 1302 866 1339 litera
892 1300 1041 1339 domin.
1067 1303 1118 1339 A.
1176 1303 1247 1354 qui
1273 1314 1376 1339 anno
1405 1303 1608 1353 superiore

153 1364 349 1394 mortuam
368 1359 480 1395 illam
499 1359 695 1406 scribunt,
724 1358 786 1395 bis
807 1371 896 1395 eam
910 1359 1110 1409 peperisse
1130 1371 1211 1396 non
1232 1356 1609 1407 animadverterunt,

152 1427 285 1466 neque
309 1422 399 1452 ante
421 1414 629 1453 Octobrem
651 1415 745 1451 anni
762 1415 844 1456 610
862 1416 1045 1453 Heraclio
1062 1416 1257 1466 nupsisse.

265 1483 306 1521 Ρ
329 1473 353 1511 9
375 1485 413 1508 v.
433 1473 473 1512 7
529 1468 572 1511 τὸ
593 1466 795 1523 αμφίνον]
828 1469 1065 1509 schedarum
1080 1484 1222 1522 puram
1239 1476 1377 1522 putam
1396 1469 1609 1508 lectionem

153 1528 444 1577 expressimus,
474 1528 548 1564 etsi
566 1540 647 1564 non
669 1525 895 1565 dubitamus
914 1529 1011 1580 quin
1029 1525 1184 1580 ὄῖμφιον
1204 1525 1522 1566 substituendum
1541 1527 1607 1565 sit.

152 1595 231 1633 qua
255 1596 350 1620 voce
373 1585 477 1621 inter
497 1590 646 1621 ceteros
666 1596 763 1621 usus
786 1591 844 1621 est
864 1585 1059 1622 Macarius
1080 1586 1198 1621 Hom.
1220 1585 1267 1625 1:
1299 1581 1366 1623 καὶ
1386 1579 1608 1638 αμφιασθῇ

151 1638 195 1680 ἔκ
215 1639 285 1691 τῆς
304 1637 497 1690 θεότητος
515 1636 666 1707 ἄρρητα
691 1637 823 1690 ἄμφια
838 1635 1030 1691 ου’ρανίου
1049 1638 1233 1686 κάλλους.

265 1693 319 1732 ib.
343 1697 469 1735 v.16.
527 1710 580 1745 μη
612 1694 726 1745 δίκης
749 1692 900 1747 τυχόν]
936 1702 974 1732 et
1005 1694 1072 1732 hic
1102 1702 1141 1732 et
1168 1695 1264 1732 alibi
1283 1695 1434 1746 passim
1451 1692 1605 1731 defecta

150 1751 303 1802 aliquot
336 1751 540 1802 particulis
570 1763 616 1787 ac
646 1750 796 1802 copulis
824 1751 964 1789 oratio.
1027 1750 1071 1788 id
1099 1749 1207 1803 quod
1236 1751 1363 1802 semel
1390 1748 1605 1788 admonere

149 1808 245 1846 satis
270 1813 344 1844 est.

262 1877 303 1914 p.
325 1864 378 1905 10
399 1876 437 1900 v.
456 1866 494 1903 1.
551 1858 622 1902 τᾶν
642 1860 915 1913 Βουτηλῖνον]
943 1863 1097 1900 variant
1125 1860 1296 1900 schedae
1321 1861 1365 1899 in
1391 1859 1511 1899 huius
1529 1873 1607 1898 no-

149 1920 269 1957 minis
290 1921 520 1970 scriptione,
552 1924 595 1955 ut
610 1919 766 1956 nescias
786 1919 1035 1957 Vitulinusne
1052 1932 1104 1956 an
1121 1919 1338 1956 Betulenns
1354 1923 1422 1954 aut
1440 1917 1605 1956 Vetule-

150 1990 226 2014 nus
244 1978 385 2013 Latine
404 1974 530 2028 quadi
532 1981 582 2012 et.
641 1975 787 2027 quippe
805 1976 837 2011 B
858 1975 1017 2013 literam
1031 1976 1139 2014 varie
1161 1982 1267 2013 aetas
1281 1974 1352 2012 illa
1371 1974 1606 2025 pronuntia-

149 2034 230 2081 vit,
262 2031 311 2069 de
333 2045 411 2084 qua
431 2045 473 2069 re
492 2031 589 2068 alibi
609 2029 910 2082 disputavimus.

259 2088 315 2126 ih.
342 2103 382 2126 v.
406 2088 447 2129 4.
501 2084 729 2156 Ἡρακλειος
746 2085 789 2128 δὲ
807 2085 873 2128 τὸν
888 2084 1008 2156 γὶὂν]
1038 2084 1322 2155 Theophanes
1337 2085 1403 2137 (Ρ.
1420 2081 1504 2125 245
1523 2083 1606 2154 Ο)Ξ

148 2160 277 2200 τουτω
305 2148 359 2200 τῷ
387 2144 463 2186 ἔτει
491 2142 588 2196 μηνὶ
613 2139 837 2214 Ὀκτωβρίῳ
861 2140 906 2193 δ,
937 2143 1012 2184 ἰνδ.
1038 2139 1086 2193 α’,
1115 2142 1290 2192 ἐστέφθη
1311 2136 1551 2191 Ἐπιφάνεια
1572 2157 1602 2209 η

147 2201 331 2254 θυγάτηρ
355 2199 587 2254 Ἡρακλείου
604 2197 686 2241 ὖπό
707 2201 876 2268 Σεργίου
894 2215 1137 2254 πατριαρχου
1153 2193 1371 2267 Αὕγουστα
1395 2196 1440 2237 ἐν
1458 2198 1518 2251 τῷ
1537 2211 1606 2238 εν-

147 2259 298 2328 κτηρίω
330 2259 402 2298 τοῦ
434 2255 550 2324 αγίου
581 2252 795 2307 Στεφάνου
824 2256 868 2297 ἐν
898 2259 952 2311 τῷ
980 2256 1171 2311 παλατίῳ.
1226 2257 1281 2309 τῷ
1308 2251 1350 2294 δὲ
1371 2252 1604 2322 Δεκεμβρίου

149 2329 246 2366 μηνι
274 2309 344 2361 κε’,
370 2315 421 2368 τῇ
450 2308 554 2382 αντῇ
583 2309 718 2383 πρώτη
749 2312 848 2362 lvd„
878 2298 1058 2364 ἐστέφθη
1081 2295 1307 2382 Ἡράκλειος
1332 2308 1358 2351 o‘
1378 2306 1470 2357 υἷος
1479 2293 1604 2375 Ἡρα-

148 2370 282 2410 κλείου
314 2384 335 2410 ο
365 2369 476 2418 νέος,
518 2384 539 2409 o
571 2368 639 2408 καὶ
668 2371 993 2418 Κωνσταντῖνος,
1032 2365 1115 2409 ὕπο
1146 2368 1315 2421 Σεργὶου
1344 2361 1602 2418 πατριάρχου.

150 2433 192 2464 at
222 2424 368 2464 Chron.
392 2426 512 2464 Alex.
533 2422 800 2476 Epiphaniam
823 2432 1049 2463 coronatam
1082 2425 1219 2463 asserit
1246 2421 1388 2460 eadem
1412 2420 1552 2459 Indict.
1576 2423 1597 2462 1

151 2490 191 2521 et
208 2484 292 2521 Oct.
311 2480 358 2531 4,
386 2482 486 2519 feria
506 2479 556 2528 4,
584 2479 656 2519 sed
674 2481 975 2519 Constantinum
996 2482 1157 2519 nonnisi
1179 2492 1280 2517 anno
1302 2479 1483 2531 sequenti
1503 2479 1600 2525 613,

150 2540 324 2577 Ianuarii
346 2512 421 2586 22,
452 2538 553 2575 feria
576 2540 619 2578 2.
673 2539 895 2575 necessario
926 2551 972 2576 eo
1005 2536 1113 2590 quod
1135 2536 1220 2573 dixi
1242 2548 1368 2583 anno,
1400 2535 1509 2585 cyclo
1533 2546 1601 2572 so-

150 2597 203 2633 lis
222 2598 270 2643 6,
297 2595 402 2632 liter.
425 2593 532 2632 dom.
554 2594 603 2630 G.
661 2606 715 2630 ex
746 2606 824 2644 quo
855 2593 955 2631 die
944 2608 986 2631 ιιι
1014 2596 1110 2631 actis
1138 2591 1307 2629 adscribi
1325 2591 1454 2642 coepit
1474 2602 1600 2628 annus

151 2652 303 2702 primus
319 2652 517 2688 Heraclii‘
507 2650 686 2688 iunioris.
746 2647 813 2687 hic
832 2650 942 2688 locus
961 2651 1054 2702 quia
1075 2647 1127 2686 ad
1141 2647 1261 2686 huius
1281 2646 1466 2686 historiae
1488 2641 1602 2697 διάρ-

151 2712 310 2774 θρωσιν
338 2720 579 2775 magnopere
602 2707 794 2758 pertinet,
835 2705 901 2743 hic
929 2703 1212 2744 subiiciendus.
1268 2702 1337 2745 καὶ
1369 2699 1444 2743 ἄπ’
1476 2698 1601 2752 αυτῆς

153 2766 226 2814 τῆς
249 2759 311 2815 κβ’
336 2767 408 2804 τοῦ
432 2759 676 2830 ’Iuvovaqt'ov
706 2777 848 2830 μηνος
859 2759 1056 2816 ἐπετράπη
1080 2758 1311 2814 γραφεσθαι
1338 2755 1434 2812 μετοῖ
1459 2755 1504 2798 τό
1527 2752 1601 2807 (ἓν

155 2815 352 2872 ὀνόματι)
382 2820 581 2872 βασιλείας
602 2822 682 2860 τῶν
707 2815 927 2860 θειοτάτων
952 2817 1069 2871 ημῶν
1096 2818 1297 2859 δεσποτων
1319 2814 1387 2858 καὶ
1409 2813 1602 2868 μεγίστων
