1890 3224
722 181 995 227 ACROASIN
1028 181 1083 225 Π.
1110 175 1118 187 ²
1535 178 1629 224 1257

161 289 388 336 ‘certat-unt.
445 295 536 334 vide
566 292 860 347 Theophanem
873 323 884 343 ,
915 291 1219 331 Constantinum
1239 288 1562 343 Porphyrogen„
1593 296 1632 326 et

175 353 387 393 Godinum.

240 437 243 439 >
290 412 358 452 36.
414 408 663 448 factionum'
651 408 849 446 msaniam
870 405 1056 445 describit
1074 405 1288 469 Procopius
1309 403 1358 442 de
1376 402 1495 440 Bello
1513 403 1627 440 Pers.

289 523 359 564 41.
416 523 558 560 allusio
573 528 632 560 est
652 519 704 558 ad
722 533 870 558 nomen
890 520 1045 568 Galeni,
1064 517 1212 556 medici
1231 516 1493 581 celeberrimi,
1511 528 1634 568 quam

176 581 220 616 in
248 581 450 627 versione,
482 578 654 616 detracto
682 578 772 615 velo
798 577 1029 627 allegoriae,
1061 574 1372 613 denudavimus:
1403 574 1436 610 si
1456 574 1563 610 enim
1584 570 1638 608 ad

176 636 344 673 verbum
370 634 586 674 reddantur
610 647 728 672 voces
757 629 891 687 ἰατρός
918 633 1066 684 κυρίως
1084 632 1276 686 γαληνίας
1295 644 1382 668 vere
1402 628 1638 679 tranquilli-

178 693 271 729 tatis
301 692 493 738 medicas,
523 693 651 730 omnis
681 703 820 728 sensus
847 691 1090 727 concinnitas
1118 689 1243 741 perit,
1276 700 1378 740 quae
1405 699 1458 723 ex
1487 685 1637 737 duplici

177 750 283 786 vocis
301 749 492 817 γαληνίας
509 748 794 799 significatione
815 748 949 785 oritur.

288 804 358 846 42.
417 800 603 854 ἆταξίαν,
643 802 793 842 ordinis
818 802 1040 850 defectum,
1070 807 1115 839 ut
1146 800 1331 838 morbum
1357 798 1637 855 pestilentissi-

176 874 288 899 mum
310 860 495 899 describit
514 861 562 898 de
582 860 737 911 Exped·
763 863 792 901 2
818 862 886 900 29.
944 872 1075 911 neque
1110 858 1224 895 aliter
1251 854 1512 907 intelligenda
1545 860 1638 892 sunt

177 931 280 969 quae
300 918 488 969 leguntur
506 931 529 955 a
550 931 590 955 v.
610 915 664 956 49
691 915 741 953 ad
760 929 799 953 v.
820 919 874 957 62
895 915 943 952 de
962 915 1072 952 Bell.
1092 913 1226 951 Ahar.
1257 910 1444 966 α’ρτηρίαι
1473 925 1636 951 ammon

125 975 130 980 ”
178 948 365 1012 31131133ὅ
358 988 440 1011 11011
459 987 539 1012 11113
556 986 632 1010 1130
648 979 753 1009 recta
774 973 998 1023 pulsatione
1016 977 1259 1018 constantes,
1289 969 1360 1007 sed
1380 981 1549 1020 quarmn
1567 969 1634 1004 in-

176 1031 354 1082 aequalis
379 1036 438 1068 est
459 1031 622 1082 pulsus,
651 1029 876 1066 formicanti
895 1028 1133 1075 0011511111115,
1165 1027 1234 1078 qui
1255 1026 1414 1063 Graecis
1435 1024 1635 1075 μυρμηκί-

176 1088 253 1134 ζων
279 1086 434 1125 dicitur.
492 1086 628 1124 confer
650 1098 752 1138 quae
780 1083 875 1122 dicit
899 1088 1017 1136 poeta
1037 1085 1080 1121 in
1099 1081 1263 1120 laudem
1288 1082 1453 1133 Sergii
1436 1095 1479 1118 m
1491 1082 1627 1132 princ.

173 1144 370 1181 Hexae‘m.

289 1200 357 1241 45.
414 1197 515 1236 haec
542 1199 677 1237 omnia
700 1196 919 1235 secundum
945 1195 1145 1235 medicam
1171 1196 1377 1234 scientiam
1399 1195 1503 1233 dicta
1526 1202 1631 1244 sunt,

177 1270 222 1294 ac
263 1257 373 1294 facili
400 1257 561 1306 negotio
594 1256 683 1306 quis
715 1256 840 1305 possit
875 1266 922 1290 ea
959 1266 1051 1290 cum
1080 1253 1222 1289 Galeni
1251 1254 1405 1304 scriptis
1439 1252 1632 1290 conferre.

173 1309 288 1354 τόνοι
325 1308 543 1363 στύφοντες
571 1318 663 1349 sunt
693 1309 869 1348 remedia
893 1323 995 1362 quae
1022 1322 1075 1346 ex
1092 1309 1134 1346 vi
1153 1308 1415 1359 adstringenti
1431 1322 1573 1346 nervos
1594 1316 1634 1346 et

173 1370 292 1407 fibras
317 1367 551 1406 intendunt:
592 1366 789 1419 quidquid
816 1368 924 1404 enim
950 1365 1122 1403 deiectas
1148 1367 1252 1402 vires
1281 1365 1428 1413 reficit,
1467 1363 1582 1412 τόνος
1610 1379 1634 1403 3

175 1427 326 1463 Galeno
356 1431 532 1463 vocatur.
590 1430 631 1460 at
658 1423 793 1460 Pisida
819 1422 915 1460 dum
935 1421 1035 1460 haec
1055 1420 1209 1459 medico
1228 1435 1339 1460 more
1359 1429 1518 1471 tractat,
1549 1425 1634 1460 He-

174 1483 288 1520 raclii
317 1479 667 1519 mansuetudinem
696 1478 854 1517 Phocae
883 1481 1032 1516 feritati
1063 1491 1261 1530 opponere
1288 1480 1500 1530 iutelligit:
1538 1492 1634 1517 nam

174 1552 266 1576 vere
290 1537 358 1576 hic
385 1539 570 1575 sectiones*
594 1544 632 1573 et
655 1538 946 1586 amputationes
971 1542 1064 1573 sunt
1096 1534 1257 1583 caedes,
1289 1542 1329 1572 et
1356 1536 1531 1572 remedia
1557 1536 1635 1573 ad-

173 1596 408 1646 stringentia
428 1601 520 1632 sunt
538 1605 734 1640 carceres,
765 1593 909 1644 quibus
933 1593 1148 1630 utebatur·
1138 1593 1449 1630 immanissimus
1466 1591 1636 1641 Ρ110035,

175 1654 286 1690 0111115
306 1658 416 1689 131113
433 1651 536 1688 fuit·
525 1663 568 1686 111
589 1651 695 1687 cives
716 1648 940 1697 crudelitas,
969 1655 1068 1686 teste
1085 1646 1335 1717 Theophane
1346 1663 1395 1700 p.
1409 1648 1506 1697 244,
1538 1662 1638 1690 mats

175 1708 363 1776 ὁπηνίκα
364 1704 591 1760 Ἡράκλειος
608 1705 878 1757 ἐβασίλευσεν,
908 1704 1084 1754 ἐξέτασιν
1106 1707 1179 1745 τοῦ
1199 1703 1405 1746 ὁπλιτικοῦ
1423 1703 1637 1757 ἐποιήσατο

176 1765 234 1812 εἷς
263 1761 308 1804 τό
337 1759 516 1816 ἀκριβές,
547 1762 616 1801 καὶ
644 1761 687 1801 ἐκ
710 1774 843 1812 πασης
862 1764 934 1813 τῆς
950 1759 1137 1812 πληθύος
1153 1763 1225 1811 τῆς
1244 1759 1463 1813 ὁραθείσης
1480 1761 1543 1801 ἐπὶ
1562 1764 1637 1814 τῆς

174 1820 412 1873 τυραννίδος
422 1818 640 1888 Μαυρικίῳ
653 1833 748 1869 μετα
763 1820 887 1872 mmm}
902 1833 974 1868 ουχ
994 1820 1107 1869 εὑρεν
1125 1816 1343 1884 περαιτέρω
1361 1815 1435 1858 δύο
1454 1814 1634 1870 ανδρων’

176 1892 304 1924 ουτως
337 1876 379 1916 οἷ
407 1891 478 1915 τον
509 1889 709 1927 τυραννον
742 1885 1061 1926 προστησαμενοι
1094 1872 1160 1914 ἐπι
1195 1868 1323 1913 αὐτοῦ
1354 1869 1636 1925 ανηλῶθησαν.

177 1932 286 1986 quod
312 1932 421 1970 idem
447 1930 720 1982 Theophanes
747 1932 890 1982 repetit
899 1944 947 1980 Ρ
969 1930 1065 1971 245.
1104 1932 1165 1967 at
1184 1930 1390 1968 Heraclius
1411 1938 1545 1968 contra
1563 1944 1639 1982 pa-

177 1992 232 2028 cis
253 1988 385 2028 studio
412 1987 552 2026 ductus
575 1989 755 2025 omnium
774 2000 951 2024 amorem
970 1987 1048 2024 sibi
1067 1987 1275 2023 conciliare
1298 1989 1462 2037 sategit·
1454 2017 1464 2036 ‚
1494 1994 1532 2024 et
1556 1986 1638 2025 hu-

176 2047 379 2084 manitatis
405 2059 451 2082 ac
476 2046 709 2082 clementiae
731 2045 771 2081 vi
792 2045 940 2080 civium
958 2045 1112 2080 animos
1126 2044 1322 2080 intestinis
1345 2042 1447 2081 odiis
1463 2044 1637 2095 flagran-

177 2111 237 2141 tes
262 2103 527 2154 compescuit,
559 2099 668 2154 quod
691 2099 854 2152 quidem
871 2099 1007 2137 Pisida
1029 2101 1124 2137 satis
1147 2100 1250 2136 clare
1272 2100 1503 2150 explanavit
1525 2103 1567 2138 in
1589 2114 1638 2138 ea

179 2161 367 2198 concione
386 2161 430 2197 in
449 2171 528 2211 qua
547 2158 776 2196 Heraclium
797 2158 1067 2209 alloquentem
1085 2156 1234 2194 milites
1247 2155 1401 2194 inducit
1417 2157 1466 2194 de
1476 2158 1630 2208 Exped.

271 2272 276 2277 ’
293 2271 364 2313 46.
421 2272 568 2309 similia
586 2273 628 2309 in
641 2272 773 2322 princ.
793 2270 992 2309 Hexae'm.
1014 2271 1055 2308 in
1076 2269 1239 2308 laudem
1254 2270 1399 2321 Sergii.

290 2327 360 2370 48.
417 2341 498 2365 non
533 2329 696 2366 obscure
727 2341 859 2380 neque
887 2329 1155 2379 ineleganter,
1186 2334 1230 2365 ut
1249 2326 1429 2376 videtur,
1458 2328 1636 2367 imitatus

180 2393 240 2424 est
268 2386 570 2423 celeberrimum
599 2385 832 2435 apologum,
863 2398 942 2437 quo
968 2386 1176 2422 Menenius
1204 2386 1380 2435 Agrippa
1402 2383 1454 2421 ad
1474 2386 1635 2436 plebem

179 2444 223 2480 in
244 2443 385 2480 urbem
406 2440 668 2479 revocandam
689 2453 784 2478 usus
809 2449 891 2478 est:
922 2443 1039 2479 sicuti
1059 2443 1184 2490 enim,
1217 2441 1347 2477 aiebat
1369 2441 1439 2478 ille
1454 2471 1463 2489 ‚
1495 2455 1637 2494 corpus

179 2497 424 2547 humanum,
457 2499 490 2536 si
509 2505 615 2536 311115
635 2499 741 2534 inter
761 2510 802 2535 se
826 2497 1074 2547 discordent,
1101 2498 1296 2549 paulatim
1328 2497 1551 2547 conficitur,
1581 2501 1638 2536 ita

182 2569 244 2594 res
273 2557 452 2607 publica,
482 2556 559 2592 nisi
589 2553 772 2593 ordinum
801 2567 957 2591 summa
978 2557 1028 2592 sit
1046 2556 1276 2602 consensio,
1307 2552 1503 2592 discordia
1522 2557 1638 2606 perit,

183 2611 391 2649 concordia
426 2613 545 2650 valet.
616 2610 708 2648 vide
740 2611 902 2648 Livium
933 2614 961 2653 2
988 2614 1043 2652 32
1081 2619 1121 2648 31
1147 2612 1314 2661 Dionys.
1349 2612 1478 2648 Halic.
1512 2615 1538 2653 6
1568 2613 1636 2660 86,

182 2669 253 2720 qui
271 2670 503 2705 Menenium
522 2670 579 2705 ita
598 2680 786 2705 exorsum
804 2674 959 2704 narrat:
993 2667 1097 2708 ἔοικέ
1117 2683 1203 2714 πως
1224 2663 1466 2736 ἅνθρωπείῳ
1487 2665 1639 2719 σώματι

181 2724 212 2776 ἦ
229 2720 358 2772 πολις·
389 2720 589 2765 συνθετον
605 2740 680 2778 γαρ
699 2723 766 2763 καὶ
783 2723 826 2764 ἐκ
842 2726 999 2763 πολλῶν
1020 2739 1153 2777 μερων
1166 2721 1309 2764 ἐστὶν
1289 2739 1488 2776 εκατερον.
1546 2736 1637 2760 vere

182 2787 316 2819 autem
347 2779 481 2818 Pisida
512 2794 603 2818 cum
632 2782 798 2818 Platone
833 2782 1046 2829 consentit,
1077 2781 1147 2832 qui
1172 2781 1215 2817 111
1250 2781 1407 2818 Timaeo
1429 2795 1478 2831 Ρ.
1501 2783 1554 2820 70
1590 2778 1640 2815 de

183 2838 360 2888 partibus
387 2836 554 2875 humani
576 2839 748 2888 corporis
778 2839 944 2889 loquens
974 2810 1168 2875 rationem
1183 2837 1226 2873 in
1244 2838 1372 2889 capite
1389 2844 1578 2888 tanquam
1595 2836 1639 2872 in
