1890 3224
432 188 708 241 QUERCIUS
741 188 799 230 IN
834 187 1058 230 BELLUM
1091 184 1389 228 AVARICUM.
1544 182 1635 226 125

383 330 475 379 IN
526 329 889 377 BELLUM
941 323 1429 375 AVARICUM

540 416 1274 459 ADNOTATIONES.

292 537 330 560 v.
359 526 394 563 1.
451 523 646 573 Deiparae
667 522 831 571 virginis
856 534 930 572 ope
956 520 1276 572 praesentissima
1296 518 1546 568 Cpolitanam
1565 529 1633 553 ur—

182 579 274 615 bem
306 586 442 616 contra
455 579 633 616 Abarum
658 575 825 615 hostiles
853 579 1026 629 impetus
1048 576 1170 613 fuisse
1192 581 1410 621 servatam,
1445 586 1535 610 cum
1551 574 1634 609 He-

183 636 326 673 raclius
345 637 386 671 in
404 634 567 673 Perside
587 641 721 672 contra
742 633 959 672 Chosroam
975 638 1191 684 pugnaret,
1224 643 1326 668 anno
1350 629 1535 667 videlicet
1556 630 1635 665 im—

182 692 282 741 perii
305 691 484 729 eiusdem
504 693 568 738 16,
595 688 740 729 Christi
759 704 852 728 vero
870 692 966 738 626,
997 689 1062 726 die
1083 691 1138 730 29
1154 689 1303 725 mensis
1320 687 1424 733 Iulii,
1455 698 1635 723 commu-

181 749 244 784 nis
272 755 331 785 est
358 750 594 798 scriptorum
623 749 841 785 consensio.
899 746 990 784 vide
1010 744 1232 784 Chronicon
1254 741 1446 780 Paschaie
1466 756 1513 791 p.
1539 743 1634 787 393,

183 802 475 854 Theophanem
494 805 538 839 in
560 802 859 854 Chronograplz.
875 818 923 853 p.
950 802 1031 843 264
1044 831 1054 849 ,
1087 799 1355 851 Nicephorum
1374 795 1638 850 patriarcham

184 861 227 896 in
250 860 372 896 Brev.
395 875 442 911 p.
471 862 546 906 12,
586 860 840 897 Anastasium
863 857 1055 895 Biblioth.
1077 859 1121 894 in
1139 859 1252 894 Hist.
1276 855 1389 892 Eccl.
1416 854 1467 892 ad
1489 866 1638 890 annum

185 917 358 953 Heraclii
380 919 447 964 16,
469 922 507 952 et
528 921 619 965 post
637 913 710 951 hos
726 915 942 951 Baronium
960 913 1011 950 ad
1028 926 1176 950 annum
1196 912 1291 953 625.
1323 924 1398 948 nec
1419 911 1534 948 aliter
1554 922 1638 946 rem

185 979 315 1009 actam
344 985 430 1010 esse
455 970 616 1008 tradunt
643 972 825 1021 geminae
853 969 902 1007 de
932 970 1036 1007 bello
1057 969 1226 1006 Abarico
1245 969 1509 1013 narrationes,
1540 979 1637 1016 quas

185 1029 456 1066 commentarii
475 1028 563 1066 loco
584 1033 675 1077 post
692 1025 811 1064 hasce
828 1039 939 1064 meas
958 1025 1230 1062 adnotationes
1250 1022 1449 1060 adiiciam.
1505 1024 1638 1072 itaque

185 1087 325 1122 merito
352 1091 478 1122 totam
506 1082 556 1120 de
582 1083 758 1121 barbaris
778 1085 985 1121 victoriam
1001 1082 1252 1119 beatissimae
1273 1080 1417 1129 virgini
1438 1084 1640 1128 acceptam

186 1141 304 1178 refert
323 1140 472 1178 Pisida.
532 1140 667 1177 confer
692 1138 766 1176 hos
792 1139 945 1176 iambos
974 1151 1064 1175 cum
1083 1135 1403 1187 inscriptionibus
1424 1136 1466 1171 in
1487 1134 1637 1184 templo

184 1196 494 1237 Blachernarum
508 1197 670 1247 positis,
715 1208 815 1247 quas
839 1197 990 1246 primus
1021 1193 1144 1231 edidit
1166 1193 1394 1243 Ducaugius
1419 1190 1470 1228 ad
1494 1193 1637 1229 Zonar.

183 1261 211 1291 t.
238 1257 266 1295 2
292 1268 333 1305 p.
365 1253 432 1295 65.

298 1313 338 1350 3.
397 1319 631 1358 reponerem
648 1302 814 1358 γράφοι.

299 1367 365 1406 12.
422 1364 610 1414 Sergium
638 1375 661 1399 a
688 1363 893 1399 sanctitate
919 1374 1078 1400 morum
1109 1367 1147 1398 et
1176 1358 1374 1397 doctrinae
1394 1371 1512 1408 saepe
1531 1370 1640 1395 com-

186 1419 362 1460 mendat.
387 1461 391 1465 .
418 1419 510 1468 vide
536 1420 732 1463 Hexaem.
755 1420 799 1456 in
811 1419 969 1468 princ-2
999 1418 1067 1454 ubi
1092 1417 1225 1468 ipsum
1253 1415 1447 1466 agricolae
1467 1426 1641 1464 evauge—

186 1480 265 1516 lico
287 1483 508 1527 comparat,
552 1477 622 1526 qui
639 1476 836 1520 mentium
855 1487 1014 1524 campos
1035 1486 1129 1511 suae
1151 1473 1399 1524 eloquentiae
1424 1477 1463 1508 et
1482 1471 1642 1521 pietatis

190 1534 365 1572 fontibus
382 1534 520 1583 irrigat
538 1532 701 1583 alitque.
759 1533 814 1572 ita
829 1531 933 1571 infra
954 1543 993 1567 v.
1015 1533 1094 1572 531
1115 1529 1343 1575 Heraclium
1362 1529 1458 1578 imp.
1480 1528 1642 1577 eiusque

190 1590 292 1627 filios
314 1589 563 1642 φυτουργίαν
582 1587 714 1639 Sergii
734 1587 929 1638 appellat,
972 1585 1082 1638 quod
1109 1598 1246 1632 omnes
1267 1586 1353 1636 ipss
1375 1582 1587 1621 erudiverit
1605 1589 1642 1619 et

190 1645 422 1687 Christianis
440 1644 616 1684 moribus
634 1644 918 1682 informaverit.

305 1704 371 1743 16.
430 1713 591 1739 causam
609 1699 802 1739 adventus
819 1700 997 1738 Abarum
1008 1699 1052 1736 in
1065 1700 1266 1749 Europam
1285 1704 1388 1735 recte
1407 1695 1555 1735 indicat
1573 1698 1643 1733 Pi-

192 1758 293 1798 sida.
350 1758 502 1796 Abares
524 1758 632 1795 euim
650 1770 675 1793 a
692 1757 835 1794 Turcis
850 1757 964 1803 victi,
1006 1761 1045 1791 et
1070 1767 1198 1806 usque
1227 1753 1279 1792 ad
1297 1755 1387 1792 Istri
1415 1755 1520 1805 ripas
1547 1766 1642 1804 pro—

193 1816 337 1866 gressi,
369 1813 420 1850 ad
435 1814 698 1850 Iustinianum
716 1813 891 1863 primum
914 1824 959 1848 ac
981 1817 1118 1861 postea
1141 1810 1193 1847 ad
1210 1811 1406 1849 Iustinum
1427 1811 1643 1860 imperato-

192 1885 254 1911 res
274 1871 427 1920 legatos
445 1870 663 1916 miserunt3
685 1869 755 1919 qui
774 1880 865 1904 cum
886 1867 967 1906 illis
991 1867 1219 1903 societatem
1239 1867 1340 1902 inire
1359 1879 1380 1902 e
1398 1879 1440 1902 re
1459 1879 1544 1902 esse
1564 1878 1642 1915 pu-

191 1933 347 1974 teu-unt,
388 1923 496 1977 quod
524 1924 711 1964 barbaros
740 1921 925 1961 homines
953 1923 1165 1973 nequirent
1190 1923 1235 1958 in
1265 1920 1396 1959 officio
1427 1922 1643 1958 continere.

193 1996 286 2021 cum
302 1984 423 2033 igitur
442 1981 626 2018 omnibus
649 1981 700 2018 sit
718 1979 974 2017 manifestum
996 1979 1148 2016 Turcas
1170 1983 1325 2015 montes
1344 1977 1552 2015 Gaucasios
1576 1978 1644 2014 in-

192 2047 253 2077 ter
266 2041 440 2076 Pontum
458 2039 665 2074 Euxinum
684 2043 723 2073 et
740 2049 850 2073 mare
868 2036 1054 2086 Caspium
1071 2035 1253 2086 primitus
1273 2034 1505 2081 incoluisse,
1534 2040 1643 2085 patet

192 2096 370 2134 Abarum
388 2106 546 2146 quoque
563 2106 643 2131 non
662 2093 789 2130 multo
804 2093 962 2142 longius
983 2087 1105 2128 fuisse
1122 2089 1272 2129 sedem.
1303 2097 1421 2142 atque
1438 2088 1531 2127 hinc
1548 2103 1644 2140 pro-

193 2153 298 2189 fecto
320 2158 379 2188 est
399 2149 507 2202 quod
524 2150 575 2198 ii,
613 2150 682 2201 qui
702 2148 751 2186 de
767 2147 928 2186 foedere
952 2148 1000 2184 ab
1019 2149 1168 2185 Iustino
1188 2148 1340 2183 minore
1357 2159 1448 2183 cum
1466 2146 1643 2183 barbaris

194 2209 299 2245 facto
329 2214 474 2257 agunt,
517 2213 556 2243 et
575 2206 726 2244 Abares
746 2206 900 2243 Turcas
926 2210 965 2241 et
991 2205 1144 2241 Turcas
1172 2205 1337 2240 Hunnos
1366 2209 1529 2249 vocent,
1569 2215 1643 2238 nec

196 2265 292 2302 satis
314 2263 416 2300 firmi
444 2263 487 2299 in
514 2264 692 2313 gentium
712 2261 978 2313 appellatione
994 2259 1224 2307 videantur,
1270 2261 1385 2310 quia,
1427 2266 1471 2296 ut
1494 2258 1644 2296 dictum

197 2326 258 2358 est
278 2320 321 2356 in
340 2320 491 2356 Monito
509 2317 562 2355 ad
581 2317 659 2356 hoc
673 2319 913 2369 poemation,
935 2330 1072 2355 omnes
1088 2317 1181 2354 illae
1199 2317 1306 2353 ferae
1326 2318 1519 2363 nationes,
1539 2327 1642 2366 quae

195 2379 241 2414 in
256 2377 459 2429 Europam
476 2375 765 2425 immigrarunt,
794 2373 1031 2425 Scytharum
1048 2374 1114 2411 vel
1133 2375 1367 2410 Hunnorum
1386 2374 1547 2410 nomine
1570 2370 1644 2408 de-

198 2433 477 2483 signabantur,
513 2444 565 2468 ne
584 2431 728 2468 Turcis
753 2430 916 2482 quidem
941 2431 1140 2481 exceptis:
1173 2431 1283 2466 testis
1302 2435 1361 2466 est
1371 2430 1487 2477 enim
1504 2427 1643 2465 Theo—

198 2488 364 2539 phanes,
385 2489 454 2540 qui
469 2502 515 2537 p.
537 2489 620 2528 207
638 2488 694 2524 sic
713 2488 790 2523 ait:
813 2481 965 2527 Οὗννοι
982 2482 1071 2526 κατ’
1088 2486 1216 2526 ἐκεῖνο
1234 2488 1394 2536 καιροῦ,
1426 2482 1500 2533 οὓς
1517 2481 1644 2537 Totin-

199 2560 296 2591 κους
312 2543 437 2598 λέγειν
458 2539 682 2595 εἰώθαμεν,
710 2539 975 2595 πρεσβεύουσι
990 2540 1093 2596 πρᾶς
1107 2538 1329 2582 Ἰουστῖνον.
1385 2548 1504 2593 atque
1521 2540 1645 2578 iidem

199 2607 292 2637 sunt
311 2613 410 2652 quos
428 2602 592 2638 Hunnos
610 2600 772 2638 Sabiros
801 2606 841 2636 et
859 2599 1038 2650 Abasgos
1067 2605 1181 2636 vocat
1209 2599 1445 2649 Procopius,
1474 2598 1523 2635 de
1546 2597 1646 2634 bello

207 2656 327 2693 Goth.
354 2656 381 2696 4
403 2659 444 2698 3.
501 2655 720 2694 Menander
748 2657 950 2693 Protector
983 2656 1032 2693 de
1058 2655 1178 2706 legat.
1205 2653 1350 2691 luscini
1363 2668 1410 2704 p.
1437 2654 1514 2696 151
1537 2656 1645 2691 Tur-

202 2725 280 2759 cas,
312 2719 350 2749 et
367 2711 692 2764 Theophylactus
710 2712 925 2750 simocatta
941 2715 967 2753 7
986 2715 1013 2754 8
1032 2712 1191 2750 Sabiros
1210 2717 1248 2746 et
1265 2711 1413 2748 Abares
1429 2711 1644 2762 appellant.

203 2781 248 2804 ac
266 2769 458 2818 Evagrius
476 2768 656 2821 quidem,
699 2770 809 2806 cuius
828 2769 1036 2806 auctoritas
1055 2769 1215 2819 plurimi
1236 2766 1416 2804 facienda
1433 2774 1513 2814 est,
1554 2766 1646 2817 quia

204 2825 288 2862 eius
309 2826 457 2863 saeculi
484 2831 544 2864 est
567 2826 751 2876 scriptor,
795 2825 944 2863 Abares
976 2838 997 2862 a
1023 2825 1167 2863 Turcis
1198 2822 1342 2862 divisos
1369 2824 1490 2862 fuisse
1516 2828 1648 2873 aperte
