<?xml version="1.0" encoding="UTF-8"?>
<!DOCTYPE html PUBLIC "-//W3C//DTD XHTML 1.0 Transitional//EN"
    "http://www.w3.org/TR/xhtml1/DTD/xhtml1-transitional.dtd">
<html xmlns="http://www.w3.org/1999/xhtml" xml:lang="en" lang="en">
 <head>
  <title>
</title>
<meta http-equiv="Content-Type" content="text/html;charset=utf-8" />
  <meta name='ocr-system' content='tesseract 3.04.00' />
  <meta name='ocr-capabilities' content='ocr_page ocr_carea ocr_par ocr_line ocrx_word'/>
</head>
<body>
  <div class='ocr_page' id='page_1' title='image "./corpusscriptorum42niebuoft/corpusscriptorum42niebuoft_0172.png"; bbox 0 0 1838 3210; ppageno 0'>
   <div class='ocr_carea' id='block_1_1' title="bbox 238 160 1158 228">
    <p class='ocr_par' dir='ltr' id='par_1_1' title="bbox 238 160 1158 228">
     <span class='ocr_line' id='line_1_1' title="bbox 238 160 1158 228; baseline -0.002 -1"><span class='ocrx_word' id='word_1_1' title='bbox 238 179 331 228; x_wconf 80' lang='lat'>158</span> <span class='ocrx_word' id='word_1_2' title='bbox 417 188 421 193; x_wconf 94' lang='lat'>·</span> <span class='ocrx_word' id='word_1_3' title='bbox 638 183 659 202; x_wconf 73' lang='lat'>.</span> <span class='ocrx_word' id='word_1_4' title='bbox 718 160 778 214; x_wconf 52' lang='lat'>4</span> <span class='ocrx_word' id='word_1_5' title='bbox 821 178 1091 225; x_wconf 66' lang='lat' dir='ltr'>ammian</span> <span class='ocrx_word' id='word_1_6' title='bbox 1148 191 1158 203; x_wconf 73' lang='lat'>,.</span> 
     </span>
    </p>
   </div>
   <div class='ocr_carea' id='block_1_2' title="bbox 226 287 1688 1791">
    <p class='ocr_par' dir='ltr' id='par_1_2' title="bbox 226 287 1688 1791">
     <span class='ocr_line' id='line_1_2' title="bbox 231 287 1682 342; baseline -0.001 -13"><span class='ocrx_word' id='word_1_7' title='bbox 231 289 486 342; x_wconf 87' lang='lat' dir='ltr'>scriptionem</span> <span class='ocrx_word' id='word_1_8' title='bbox 510 287 772 328; x_wconf 85' lang='lat' dir='ltr'>adornarunt:</span> <span class='ocrx_word' id='word_1_9' title='bbox 806 303 911 328; x_wconf 86' lang='lat' dir='ltr'>nam.</span> <span class='ocrx_word' id='word_1_10' title='bbox 927 291 1069 328; x_wconf 86' lang='lat' dir='ltr'>Petrus</span> <span class='ocrx_word' id='word_1_11' title='bbox 1097 289 1252 341; x_wconf 83' lang='lat' dir='ltr'>Gyllius</span> <span class='ocrx_word' id='word_1_12' title='bbox 1277 289 1339 328; x_wconf 80' lang='lat' dir='ltr'>vir</span> <span class='ocrx_word' id='word_1_13' title='bbox 1364 287 1414 328; x_wconf 88' lang='lat' dir='ltr'>de</span> <span class='ocrx_word' id='word_1_14' title='bbox 1438 302 1480 327; x_wconf 88' lang='lat' dir='ltr'>re</span> <span class='ocrx_word' id='word_1_15' title='bbox 1509 288 1682 328; x_wconf 77' lang='lat' dir='ltr'>literaria</span> 
     </span>
     <span class='ocr_line' id='line_1_3' title="bbox 230 345 1682 398; baseline -0.001 -14"><span class='ocrx_word' id='word_1_16' title='bbox 230 349 378 398; x_wconf 87' lang='lat' dir='ltr'>optime</span> <span class='ocrx_word' id='word_1_17' title='bbox 398 346 674 385; x_wconf 84' lang='lat' dir='ltr'>meritushuic</span> <span class='ocrx_word' id='word_1_18' title='bbox 696 347 823 384; x_wconf 90' lang='lat' dir='ltr'>labori</span> <span class='ocrx_word' id='word_1_19' title='bbox 841 348 1020 385; x_wconf 89' lang='lat' dir='ltr'>maxima</span> <span class='ocrx_word' id='word_1_20' title='bbox 1047 360 1138 384; x_wconf 88' lang='lat' dir='ltr'>cum</span> <span class='ocrx_word' id='word_1_21' title='bbox 1154 345 1271 384; x_wconf 88' lang='lat' dir='ltr'>laude</span> <span class='ocrx_word' id='word_1_22' title='bbox 1289 347 1486 394; x_wconf 80' lang='lat' dir='ltr'>incubuit3</span> <span class='ocrx_word' id='word_1_23' title='bbox 1518 352 1556 383; x_wconf 88' lang='lat' dir='ltr'>et</span> <span class='ocrx_word' id='word_1_24' title='bbox 1579 358 1682 397; x_wconf 71' lang='lat' dir='ltr'>pau-</span> 
     </span>
     <span class='ocr_line' id='line_1_4' title="bbox 229 401 1681 455; baseline -0.001 -14"><span class='ocrx_word' id='word_1_25' title='bbox 229 405 285 441; x_wconf 90' lang='lat' dir='ltr'>cis</span> <span class='ocrx_word' id='word_1_26' title='bbox 318 410 408 440; x_wconf 84' lang='lat' dir='ltr'>ante</span> <span class='ocrx_word' id='word_1_27' title='bbox 438 405 550 440; x_wconf 85' lang='lat' dir='ltr'>anuis</span> <span class='ocrx_word' id='word_1_28' title='bbox 584 402 833 441; x_wconf 84' lang='lat' dir='ltr'>doctissimus</span> <span class='ocrx_word' id='word_1_29' title='bbox 858 405 1087 455; x_wconf 81' lang='lat' dir='ltr'>Ducangius</span> <span class='ocrx_word' id='word_1_30' title='bbox 1110 404 1319 441; x_wconf 82' lang='lat' dir='ltr'><strong>uberrimis</strong></span> <span class='ocrx_word' id='word_1_31' title='bbox 1339 415 1384 440; x_wconf 90' lang='lat' dir='ltr'>ac</span> <span class='ocrx_word' id='word_1_32' title='bbox 1407 401 1681 440; x_wconf 77' lang='lat' dir='ltr'>eruditissimis</span> 
     </span>
     <span class='ocr_line' id='line_1_5' title="bbox 229 457 1684 511; baseline -0.001 -14"><span class='ocrx_word' id='word_1_33' title='bbox 229 460 521 497; x_wconf 88' lang='lat' dir='ltr'>commentariis</span> <span class='ocrx_word' id='word_1_34' title='bbox 541 460 657 497; x_wconf 89' lang='lat' dir='ltr'>Pauli</span> <span class='ocrx_word' id='word_1_35' title='bbox 679 460 898 498; x_wconf 86' lang='lat' dir='ltr'>Silentiarii</span> <span class='ocrx_word' id='word_1_36' title='bbox 919 459 1223 511; x_wconf 83' lang='lat' dir='ltr'>descriptionem</span> <span class='ocrx_word' id='word_1_37' title='bbox 1242 460 1284 497; x_wconf 89' lang='lat' dir='ltr'>S.</span> <span class='ocrx_word' id='word_1_38' title='bbox 1307 457 1481 511; x_wconf 77' lang='lat' dir='ltr'>Sophiae</span> <span class='ocrx_word' id='word_1_39' title='bbox 1504 459 1684 496; x_wconf 82' lang='lat' dir='ltr'>illustra-.-</span> 
     </span>
     <span class='ocr_line' id='line_1_6' title="bbox 226 514 1685 569; baseline -0.001 -16"><span class='ocrx_word' id='word_1_40' title='bbox 226 517 309 563; x_wconf 76' lang='lat' dir='ltr'>vit3</span> <span class='ocrx_word' id='word_1_41' title='bbox 343 516 411 567; x_wconf 92' lang='lat' dir='ltr'>qui</span> <span class='ocrx_word' id='word_1_42' title='bbox 432 527 526 552; x_wconf 88' lang='lat' dir='ltr'>sane</span> <span class='ocrx_word' id='word_1_43' title='bbox 543 522 767 567; x_wconf 84' lang='lat' dir='ltr'>postremus</span> <span class='ocrx_word' id='word_1_44' title='bbox 787 519 952 569; x_wconf 82' lang='lat' dir='ltr'>scriptor</span> <span class='ocrx_word' id='word_1_45' title='bbox 967 518 1023 554; x_wconf 85' lang='lat' dir='ltr'>ita</span> <span class='ocrx_word' id='word_1_46' title='bbox 1044 515 1146 554; x_wconf 88' lang='lat' dir='ltr'>hanc</span> <span class='ocrx_word' id='word_1_47' title='bbox 1163 529 1247 554; x_wconf 89' lang='lat' dir='ltr'>rem</span> <span class='ocrx_word' id='word_1_48' title='bbox 1264 517 1445 554; x_wconf 83' lang='lat' dir='ltr'>tractavit</span> <span class='ocrx_word' id='word_1_49' title='bbox 1461 521 1505 553; x_wconf 87' lang='lat' dir='ltr'>ut</span> <span class='ocrx_word' id='word_1_50' title='bbox 1520 515 1591 552; x_wconf 82' lang='lat' dir='ltr'>vix</span> <span class='ocrx_word' id='word_1_51' title='bbox 1606 514 1685 551; x_wconf 86' lang='lat' dir='ltr'>ali-</span> 
     </span>
     <span class='ocr_line' id='line_1_7' title="bbox 228 567 1684 626; baseline 0.001 -19"><span class='ocrx_word' id='word_1_52' title='bbox 228 570 327 623; x_wconf 90' lang='lat' dir='ltr'>quid</span> <span class='ocrx_word' id='word_1_53' title='bbox 358 572 452 607; x_wconf 82' lang='lat' dir='ltr'>novi</span> <span class='ocrx_word' id='word_1_54' title='bbox 483 573 796 614; x_wconf 78' lang='lat' dir='ltr'>ac,inobservati</span> <span class='ocrx_word' id='word_1_55' title='bbox 826 575 906 611; x_wconf 92' lang='lat' dir='ltr'>illis</span> <span class='ocrx_word' id='word_1_56' title='bbox 934 572 1080 611; x_wconf 85' lang='lat' dir='ltr'>addere</span> <span class='ocrx_word' id='word_1_57' title='bbox 1108 574 1307 626; x_wconf 79' lang='lat' dir='ltr'>quispiam</span> <span class='ocrx_word' id='word_1_58' title='bbox 1329 573 1465 623; x_wconf 87' lang='lat' dir='ltr'>possit.</span> <span class='ocrx_word' id='word_1_59' title='bbox 1488 567 1533 622; x_wconf 85' lang='lat'>*)</span> <span class='ocrx_word' id='word_1_60' title='bbox 1589 568 1684 608; x_wconf 83' lang='lat' dir='ltr'>hinc</span> 
     </span>
     <span class='ocr_line' id='line_1_8' title="bbox 227 625 1685 679; baseline -0.001 -14"><span class='ocrx_word' id='word_1_61' title='bbox 227 640 346 679; x_wconf 87' lang='lat' dir='ltr'>porro</span> <span class='ocrx_word' id='word_1_62' title='bbox 376 628 525 665; x_wconf 89' lang='lat' dir='ltr'>factum</span> <span class='ocrx_word' id='word_1_63' title='bbox 551 636 610 667; x_wconf 88' lang='lat' dir='ltr'>est</span> <span class='ocrx_word' id='word_1_64' title='bbox 645 636 688 667; x_wconf 91' lang='lat' dir='ltr'>ut</span> <span class='ocrx_word' id='word_1_65' title='bbox 718 630 857 668; x_wconf 85' lang='lat' dir='ltr'>breves</span> <span class='ocrx_word' id='word_1_66' title='bbox 887 628 1103 667; x_wconf 83' lang='lat' dir='ltr'>admodum</span> <span class='ocrx_word' id='word_1_67' title='bbox 1134 630 1436 667; x_wconf 85' lang='lat' dir='ltr'>commentarios</span> <span class='ocrx_word' id='word_1_68' title='bbox 1465 628 1508 664; x_wconf 88' lang='lat' dir='ltr'>in</span> <span class='ocrx_word' id='word_1_69' title='bbox 1535 625 1685 664; x_wconf 90' lang='lat' dir='ltr'>descri-</span> 
     </span>
     <span class='ocr_line' id='line_1_9' title="bbox 226 683 1685 736; baseline 0 -16"><span class='ocrx_word' id='word_1_70' title='bbox 226 686 405 735; x_wconf 87' lang='lat' dir='ltr'>ptionem</span> <span class='ocrx_word' id='word_1_71' title='bbox 426 683 534 722; x_wconf 86' lang='lat' dir='ltr'>aedis</span> <span class='ocrx_word' id='word_1_72' title='bbox 557 684 783 736; x_wconf 89' lang='lat' dir='ltr'>Sophianae</span> <span class='ocrx_word' id='word_1_73' title='bbox 802 687 1188 733; x_wconf 84' lang='lat' dir='ltr'>concinnaverimus,</span> <span class='ocrx_word' id='word_1_74' title='bbox 1216 693 1254 723; x_wconf 88' lang='lat' dir='ltr'>et</span> <span class='ocrx_word' id='word_1_75' title='bbox 1274 687 1315 722; x_wconf 89' lang='lat' dir='ltr'>in</span> <span class='ocrx_word' id='word_1_76' title='bbox 1338 683 1445 723; x_wconf 88' lang='lat' dir='ltr'>hisce</span> <span class='ocrx_word' id='word_1_77' title='bbox 1465 697 1511 721; x_wconf 88' lang='lat' dir='ltr'>ea</span> <span class='ocrx_word' id='word_1_78' title='bbox 1529 689 1685 720; x_wconf 84' lang='lat' dir='ltr'>tantum</span> 
     </span>
     <span class='ocr_line' id='line_1_10' title="bbox 226 738 1686 794; baseline -0.001 -16"><span class='ocrx_word' id='word_1_79' title='bbox 226 753 460 779; x_wconf 87' lang='lat' dir='ltr'>moneamus</span> <span class='ocrx_word' id='word_1_80' title='bbox 493 754 594 794; x_wconf 90' lang='lat' dir='ltr'>quae</span> <span class='ocrx_word' id='word_1_81' title='bbox 624 743 689 780; x_wconf 87' lang='lat' dir='ltr'>vel</span> <span class='ocrx_word' id='word_1_82' title='bbox 719 744 940 781; x_wconf 86' lang='lat' dir='ltr'>necessaria</span> <span class='ocrx_word' id='word_1_83' title='bbox 979 755 1063 780; x_wconf 90' lang='lat' dir='ltr'>esse</span> <span class='ocrx_word' id='word_1_84' title='bbox 1103 741 1291 779; x_wconf 88' lang='lat' dir='ltr'>duximus</span> <span class='ocrx_word' id='word_1_85' title='bbox 1323 740 1373 778; x_wconf 90' lang='lat' dir='ltr'>ad</span> <span class='ocrx_word' id='word_1_86' title='bbox 1404 738 1686 778; x_wconf 88' lang='lat' dir='ltr'>illustrandum</span> 
     </span>
     <span class='ocr_line' id='line_1_11' title="bbox 229 797 1685 848; baseline 0 -15"><span class='ocrx_word' id='word_1_87' title='bbox 229 798 430 848; x_wconf 87' lang='lat' dir='ltr'>scriptoris</span> <span class='ocrx_word' id='word_1_88' title='bbox 459 799 583 835; x_wconf 85' lang='lat' dir='ltr'>nostri</span> <span class='ocrx_word' id='word_1_89' title='bbox 614 811 793 847; x_wconf 84' lang='lat' dir='ltr'>sensum,</span> <span class='ocrx_word' id='word_1_90' title='bbox 823 800 889 837; x_wconf 84' lang='lat' dir='ltr'>vel</span> <span class='ocrx_word' id='word_1_91' title='bbox 919 800 1050 837; x_wconf 88' lang='lat' dir='ltr'>minus</span> <span class='ocrx_word' id='word_1_92' title='bbox 1069 799 1116 836; x_wconf 93' lang='lat' dir='ltr'>ab</span> <span class='ocrx_word' id='word_1_93' title='bbox 1139 799 1226 836; x_wconf 90' lang='lat' dir='ltr'>aliis</span> <span class='ocrx_word' id='word_1_94' title='bbox 1246 798 1452 835; x_wconf 86' lang='lat' dir='ltr'>observata</span> <span class='ocrx_word' id='word_1_95' title='bbox 1471 797 1593 834; x_wconf 84' lang='lat' dir='ltr'>fuisse</span> <span class='ocrx_word' id='word_1_96' title='bbox 1619 808 1685 833; x_wconf 88' lang='lat' dir='ltr'>ar-</span> 
     </span>
     <span class='ocr_line' id='line_1_12' title="bbox 227 850 1685 907; baseline -0.001 -18"><span class='ocrx_word' id='word_1_97' title='bbox 227 853 434 890; x_wconf 89' lang='lat' dir='ltr'>bitramur.</span> <span class='ocrx_word' id='word_1_98' title='bbox 489 867 630 892; x_wconf 78' lang='lat' dir='ltr'>verum</span> <span class='ocrx_word' id='word_1_99' title='bbox 658 868 748 892; x_wconf 92' lang='lat' dir='ltr'>cum</span> <span class='ocrx_word' id='word_1_100' title='bbox 776 868 907 907; x_wconf 91' lang='lat' dir='ltr'>neque</span> <span class='ocrx_word' id='word_1_101' title='bbox 934 868 979 893; x_wconf 88' lang='lat' dir='ltr'>ea</span> <span class='ocrx_word' id='word_1_102' title='bbox 1008 868 1109 907; x_wconf 89' lang='lat' dir='ltr'>quae</span> <span class='ocrx_word' id='word_1_103' title='bbox 1139 854 1187 892; x_wconf 90' lang='lat' dir='ltr'>de</span> <span class='ocrx_word' id='word_1_104' title='bbox 1220 856 1339 892; x_wconf 85' lang='lat' dir='ltr'>variis</span> <span class='ocrx_word' id='word_1_105' title='bbox 1369 853 1547 905; x_wconf 84' lang='lat' dir='ltr'>partibus</span> <span class='ocrx_word' id='word_1_106' title='bbox 1575 850 1685 889; x_wconf 86' lang='lat' dir='ltr'>aedis</span> 
     </span>
     <span class='ocr_line' id='line_1_13' title="bbox 229 908 1685 963; baseline -0.001 -16"><span class='ocrx_word' id='word_1_107' title='bbox 229 908 455 960; x_wconf 87' lang='lat' dir='ltr'>Sophianae</span> <span class='ocrx_word' id='word_1_108' title='bbox 486 911 535 947; x_wconf 84' lang='lat' dir='ltr'>ab</span> <span class='ocrx_word' id='word_1_109' title='bbox 563 912 775 963; x_wconf 90' lang='lat' dir='ltr'>Anonymo</span> <span class='ocrx_word' id='word_1_110' title='bbox 803 919 935 950; x_wconf 89' lang='lat' dir='ltr'>nostro</span> <span class='ocrx_word' id='word_1_111' title='bbox 960 910 1161 959; x_wconf 87' lang='lat' dir='ltr'>dicuntur,</span> <span class='ocrx_word' id='word_1_112' title='bbox 1190 923 1321 962; x_wconf 90' lang='lat' dir='ltr'>neque</span> <span class='ocrx_word' id='word_1_113' title='bbox 1342 923 1388 947; x_wconf 89' lang='lat' dir='ltr'>ea</span> <span class='ocrx_word' id='word_1_114' title='bbox 1406 922 1508 962; x_wconf 90' lang='lat' dir='ltr'>quae</span> <span class='ocrx_word' id='word_1_115' title='bbox 1531 922 1554 946; x_wconf 89' lang='lat' dir='ltr'>a</span> <span class='ocrx_word' id='word_1_116' title='bbox 1570 909 1685 946; x_wconf 86' lang='lat' dir='ltr'>nobis</span> 
     </span>
     <span class='ocr_line' id='line_1_14' title="bbox 229 963 1685 1020; baseline -0.001 -17"><span class='ocrx_word' id='word_1_117' title='bbox 229 966 287 1003; x_wconf 89' lang='lat' dir='ltr'>ibi</span> <span class='ocrx_word' id='word_1_118' title='bbox 310 966 514 1003; x_wconf 84' lang='lat' dir='ltr'>observata</span> <span class='ocrx_word' id='word_1_119' title='bbox 532 973 644 1016; x_wconf 87' lang='lat' dir='ltr'>sunt,</span> <span class='ocrx_word' id='word_1_120' title='bbox 675 968 822 1020; x_wconf 86' lang='lat' dir='ltr'>absque</span> <span class='ocrx_word' id='word_1_121' title='bbox 844 967 1018 1006; x_wconf 88' lang='lat' dir='ltr'>subsidio</span> <span class='ocrx_word' id='word_1_122' title='bbox 1036 968 1261 1005; x_wconf 90' lang='lat' dir='ltr'>tabularum</span> <span class='ocrx_word' id='word_1_123' title='bbox 1279 979 1379 1019; x_wconf 85' lang='lat' dir='ltr'>quae</span> <span class='ocrx_word' id='word_1_124' title='bbox 1396 967 1526 1017; x_wconf 86' lang='lat' dir='ltr'>ipsam</span> <span class='ocrx_word' id='word_1_125' title='bbox 1544 963 1685 1002; x_wconf 88' lang='lat' dir='ltr'>aedem</span> 
     </span>
     <span class='ocr_line' id='line_1_15' title="bbox 230 1022 1684 1075; baseline 0 -17"><span class='ocrx_word' id='word_1_126' title='bbox 230 1029 525 1073; x_wconf 85' lang='lat' dir='ltr'>repraesentant</span> <span class='ocrx_word' id='word_1_127' title='bbox 552 1025 703 1075; x_wconf 83' lang='lat' dir='ltr'>percipi</span> <span class='ocrx_word' id='word_1_128' title='bbox 731 1026 904 1075; x_wconf 88' lang='lat' dir='ltr'>possint,</span> <span class='ocrx_word' id='word_1_129' title='bbox 931 1026 1110 1061; x_wconf 86' lang='lat' dir='ltr'>maxime</span> <span class='ocrx_word' id='word_1_130' title='bbox 1142 1037 1233 1062; x_wconf 91' lang='lat' dir='ltr'>cum</span> <span class='ocrx_word' id='word_1_131' title='bbox 1265 1023 1436 1060; x_wconf 88' lang='lat' dir='ltr'>tabellae</span> <span class='ocrx_word' id='word_1_132' title='bbox 1463 1022 1558 1060; x_wconf 90' lang='lat' dir='ltr'>illae</span> <span class='ocrx_word' id='word_1_133' title='bbox 1585 1033 1684 1073; x_wconf 88' lang='lat' dir='ltr'>quas</span> 
     </span>
     <span class='ocr_line' id='line_1_16' title="bbox 232 1075 1684 1130; baseline -0.001 -15"><span class='ocrx_word' id='word_1_134' title='bbox 232 1079 382 1129; x_wconf 88' lang='lat' dir='ltr'>profert</span> <span class='ocrx_word' id='word_1_135' title='bbox 407 1080 634 1130; x_wconf 83' lang='lat' dir='ltr'>Ducangius</span> <span class='ocrx_word' id='word_1_136' title='bbox 661 1082 792 1119; x_wconf 86' lang='lat' dir='ltr'>miuus</span> <span class='ocrx_word' id='word_1_137' title='bbox 819 1088 1023 1118; x_wconf 85' lang='lat' dir='ltr'>accuratae</span> <span class='ocrx_word' id='word_1_138' title='bbox 1046 1087 1278 1118; x_wconf 85' lang='lat' dir='ltr'>censeantur</span> <span class='ocrx_word' id='word_1_139' title='bbox 1298 1080 1393 1117; x_wconf 81' lang='lat' dir='ltr'>viris</span> <span class='ocrx_word' id='word_1_140' title='bbox 1417 1077 1563 1125; x_wconf 83' lang='lat' dir='ltr'>doctis,</span> <span class='ocrx_word' id='word_1_141' title='bbox 1592 1075 1684 1114; x_wconf 92' lang='lat' dir='ltr'>ideo</span> 
     </span>
     <span class='ocr_line' id='line_1_17' title="bbox 230 1133 1686 1186; baseline 0 -15"><span class='ocrx_word' id='word_1_142' title='bbox 230 1133 298 1172; x_wconf 89' lang='lat' dir='ltr'>hic</span> <span class='ocrx_word' id='word_1_143' title='bbox 316 1136 490 1186; x_wconf 88' lang='lat' dir='ltr'>quinque</span> <span class='ocrx_word' id='word_1_144' title='bbox 511 1137 677 1174; x_wconf 91' lang='lat' dir='ltr'>tabellas</span> <span class='ocrx_word' id='word_1_145' title='bbox 697 1148 720 1172; x_wconf 89' lang='lat' dir='ltr'>a</span> <span class='ocrx_word' id='word_1_146' title='bbox 738 1137 911 1174; x_wconf 88' lang='lat' dir='ltr'>Grelotio</span> <span class='ocrx_word' id='word_1_147' title='bbox 932 1135 1148 1173; x_wconf 85' lang='lat' dir='ltr'>delineatas</span> <span class='ocrx_word' id='word_1_148' title='bbox 1165 1147 1384 1185; x_wconf 86' lang='lat' dir='ltr'>proponere</span> <span class='ocrx_word' id='word_1_149' title='bbox 1402 1134 1564 1185; x_wconf 86' lang='lat' dir='ltr'>placuit,</span> <span class='ocrx_word' id='word_1_150' title='bbox 1587 1146 1686 1186; x_wconf 79' lang='lat' dir='ltr'>quas</span> 
     </span>
     <span class='ocr_line' id='line_1_18' title="bbox 231 1188 1685 1243; baseline -0.001 -15"><span class='ocrx_word' id='word_1_151' title='bbox 231 1189 395 1243; x_wconf 88' lang='lat' dir='ltr'>quidem</span> <span class='ocrx_word' id='word_1_152' title='bbox 415 1192 725 1229; x_wconf 88' lang='lat' dir='ltr'>accuratissimas</span> <span class='ocrx_word' id='word_1_153' title='bbox 746 1205 831 1229; x_wconf 91' lang='lat' dir='ltr'>esse</span> <span class='ocrx_word' id='word_1_154' title='bbox 850 1197 1030 1229; x_wconf 87' lang='lat' dir='ltr'>asserunt</span> <span class='ocrx_word' id='word_1_155' title='bbox 1048 1191 1123 1228; x_wconf 85' lang='lat' dir='ltr'>viri</span> <span class='ocrx_word' id='word_1_156' title='bbox 1138 1189 1281 1228; x_wconf 85' lang='lat' dir='ltr'>eruditi</span> <span class='ocrx_word' id='word_1_157' title='bbox 1302 1197 1340 1227; x_wconf 91' lang='lat' dir='ltr'>et</span> <span class='ocrx_word' id='word_1_158' title='bbox 1359 1188 1685 1228; x_wconf 80' lang='lat' dir='ltr'>architectonicae</span> 
     </span>
     <span class='ocr_line' id='line_1_19' title="bbox 232 1246 1686 1298; baseline -0.001 -15"><span class='ocrx_word' id='word_1_159' title='bbox 232 1248 326 1284; x_wconf 88' lang='lat' dir='ltr'>artis</span> <span class='ocrx_word' id='word_1_160' title='bbox 356 1247 497 1297; x_wconf 87' lang='lat' dir='ltr'>periti,</span> <span class='ocrx_word' id='word_1_161' title='bbox 529 1248 598 1298; x_wconf 92' lang='lat' dir='ltr'>qui</span> <span class='ocrx_word' id='word_1_162' title='bbox 629 1246 770 1284; x_wconf 90' lang='lat' dir='ltr'>aedem</span> <span class='ocrx_word' id='word_1_163' title='bbox 799 1246 1045 1298; x_wconf 88' lang='lat' dir='ltr'>Sophianam</span> <span class='ocrx_word' id='word_1_164' title='bbox 1075 1246 1145 1285; x_wconf 91' lang='lat' dir='ltr'>diu</span> <span class='ocrx_word' id='word_1_165' title='bbox 1174 1248 1253 1297; x_wconf 90' lang='lat' dir='ltr'>ipsi</span> <span class='ocrx_word' id='word_1_166' title='bbox 1282 1247 1407 1284; x_wconf 87' lang='lat' dir='ltr'>oculis</span> <span class='ocrx_word' id='word_1_167' title='bbox 1432 1246 1686 1297; x_wconf 86' lang='lat' dir='ltr'>contemplati</span> 
     </span>
     <span class='ocr_line' id='line_1_20' title="bbox 228 1301 1686 1356; baseline 0 -16"><span class='ocrx_word' id='word_1_168' title='bbox 228 1310 335 1340; x_wconf 85' lang='lat' dir='ltr'>sunt.</span> <span class='ocrx_word' id='word_1_169' title='bbox 394 1309 433 1339; x_wconf 91' lang='lat' dir='ltr'>et</span> <span class='ocrx_word' id='word_1_170' title='bbox 460 1303 588 1353; x_wconf 89' lang='lat' dir='ltr'>prima</span> <span class='ocrx_word' id='word_1_171' title='bbox 618 1303 782 1356; x_wconf 84' lang='lat' dir='ltr'>quidem</span> <span class='ocrx_word' id='word_1_172' title='bbox 800 1304 948 1341; x_wconf 82' lang='lat' dir='ltr'>tabella</span> <span class='ocrx_word' id='word_1_173' title='bbox 970 1301 1298 1354; x_wconf 85' lang='lat' dir='ltr'>ichnographiam</span> <span class='ocrx_word' id='word_1_174' title='bbox 1321 1301 1430 1340; x_wconf 90' lang='lat' dir='ltr'>aedis</span> <span class='ocrx_word' id='word_1_175' title='bbox 1449 1303 1491 1340; x_wconf 88' lang='lat' dir='ltr'>S.</span> <span class='ocrx_word' id='word_1_176' title='bbox 1511 1301 1686 1354; x_wconf 85' lang='lat' dir='ltr'>Sophiae</span> 
     </span>
     <span class='ocr_line' id='line_1_21' title="bbox 228 1357 1687 1411; baseline 0.001 -16"><span class='ocrx_word' id='word_1_177' title='bbox 228 1357 414 1407; x_wconf 85' lang='lat' dir='ltr'>exhibet,</span> <span class='ocrx_word' id='word_1_178' title='bbox 444 1359 617 1397; x_wconf 85' lang='lat' dir='ltr'>secunda</span> <span class='ocrx_word' id='word_1_179' title='bbox 646 1366 898 1411; x_wconf 85' lang='lat' dir='ltr'>prospectum</span> <span class='ocrx_word' id='word_1_180' title='bbox 923 1361 1161 1397; x_wconf 86' lang='lat' dir='ltr'>exteriorem</span> <span class='ocrx_word' id='word_1_181' title='bbox 1185 1360 1532 1410; x_wconf 84' lang='lat' dir='ltr'>septentrionalem</span> <span class='ocrx_word' id='word_1_182' title='bbox 1553 1366 1593 1397; x_wconf 88' lang='lat' dir='ltr'>et</span> <span class='ocrx_word' id='word_1_183' title='bbox 1616 1371 1687 1397; x_wconf 90' lang='lat' dir='ltr'>oc-</span> 
     </span>
     <span class='ocr_line' id='line_1_22' title="bbox 229 1414 1687 1468; baseline 0 -16"><span class='ocrx_word' id='word_1_184' title='bbox 229 1414 410 1463; x_wconf 86' lang='lat' dir='ltr'>ciduum,</span> <span class='ocrx_word' id='word_1_185' title='bbox 448 1417 564 1453; x_wconf 86' lang='lat' dir='ltr'>tertia</span> <span class='ocrx_word' id='word_1_186' title='bbox 601 1424 854 1468; x_wconf 85' lang='lat' dir='ltr'>prospectum</span> <span class='ocrx_word' id='word_1_187' title='bbox 893 1417 1130 1454; x_wconf 84' lang='lat' dir='ltr'>exteriorem</span> <span class='ocrx_word' id='word_1_188' title='bbox 1165 1414 1480 1453; x_wconf 84' lang='lat' dir='ltr'>meridionalem.</span> <span class='ocrx_word' id='word_1_189' title='bbox 1546 1421 1687 1468; x_wconf 87' lang='lat' dir='ltr'>quarta</span> 
     </span>
     <span class='ocr_line' id='line_1_23' title="bbox 228 1470 1686 1524; baseline 0 -16"><span class='ocrx_word' id='word_1_190' title='bbox 228 1479 363 1509; x_wconf 89' lang='lat' dir='ltr'>autem</span> <span class='ocrx_word' id='word_1_191' title='bbox 389 1471 537 1509; x_wconf 87' lang='lat' dir='ltr'>tabella</span> <span class='ocrx_word' id='word_1_192' title='bbox 564 1481 818 1524; x_wconf 89' lang='lat' dir='ltr'>prospectum</span> <span class='ocrx_word' id='word_1_193' title='bbox 835 1474 1064 1511; x_wconf 87' lang='lat' dir='ltr'>interiorem</span> <span class='ocrx_word' id='word_1_194' title='bbox 1083 1470 1262 1521; x_wconf 85' lang='lat' dir='ltr'>eiusdem</span> <span class='ocrx_word' id='word_1_195' title='bbox 1279 1470 1388 1510; x_wconf 90' lang='lat' dir='ltr'>aedis</span> <span class='ocrx_word' id='word_1_196' title='bbox 1405 1484 1541 1510; x_wconf 80' lang='lat' dir='ltr'>versus</span> <span class='ocrx_word' id='word_1_197' title='bbox 1564 1472 1686 1509; x_wconf 89' lang='lat' dir='ltr'>altare</span> 
     </span>
     <span class='ocr_line' id='line_1_24' title="bbox 227 1528 1688 1581; baseline 0.001 -17"><span class='ocrx_word' id='word_1_198' title='bbox 227 1534 510 1579; x_wconf 88' lang='lat' dir='ltr'>repraesentat.</span> <span class='ocrx_word' id='word_1_199' title='bbox 578 1531 715 1580; x_wconf 86' lang='lat' dir='ltr'>quinta</span> <span class='ocrx_word' id='word_1_200' title='bbox 756 1529 928 1581; x_wconf 92' lang='lat' dir='ltr'>denique</span> <span class='ocrx_word' id='word_1_201' title='bbox 960 1536 1214 1580; x_wconf 89' lang='lat' dir='ltr'>prospectum</span> <span class='ocrx_word' id='word_1_202' title='bbox 1252 1529 1420 1566; x_wconf 90' lang='lat' dir='ltr'>alterum</span> <span class='ocrx_word' id='word_1_203' title='bbox 1455 1528 1688 1566; x_wconf 88' lang='lat' dir='ltr'>interiorem</span> 
     </span>
     <span class='ocr_line' id='line_1_25' title="bbox 227 1582 1686 1635; baseline 0 -15"><span class='ocrx_word' id='word_1_204' title='bbox 227 1585 353 1635; x_wconf 89' lang='lat' dir='ltr'>ipsius</span> <span class='ocrx_word' id='word_1_205' title='bbox 389 1583 523 1631; x_wconf 88' lang='lat' dir='ltr'>aedis,</span> <span class='ocrx_word' id='word_1_206' title='bbox 554 1586 669 1622; x_wconf 88' lang='lat' dir='ltr'>altari</span> <span class='ocrx_word' id='word_1_207' title='bbox 699 1584 930 1632; x_wconf 87' lang='lat' dir='ltr'>adversum,</span> <span class='ocrx_word' id='word_1_208' title='bbox 961 1598 1006 1622; x_wconf 88' lang='lat' dir='ltr'>ac</span> <span class='ocrx_word' id='word_1_209' title='bbox 1039 1587 1137 1622; x_wconf 90' lang='lat' dir='ltr'>ostia</span> <span class='ocrx_word' id='word_1_210' title='bbox 1169 1598 1305 1623; x_wconf 85' lang='lat' dir='ltr'>versus</span> <span class='ocrx_word' id='word_1_211' title='bbox 1334 1582 1512 1621; x_wconf 86' lang='lat' dir='ltr'>exhibet.</span> <span class='ocrx_word' id='word_1_212' title='bbox 1575 1582 1686 1621; x_wconf 88' lang='lat' dir='ltr'>hisce</span> 
     </span>
     <span class='ocr_line' id='line_1_26' title="bbox 229 1640 1686 1691; baseline -0.001 -14"><span class='ocrx_word' id='word_1_213' title='bbox 229 1647 363 1677; x_wconf 89' lang='lat' dir='ltr'>autem</span> <span class='ocrx_word' id='word_1_214' title='bbox 398 1640 556 1678; x_wconf 89' lang='lat' dir='ltr'>tabellis</span> <span class='ocrx_word' id='word_1_215' title='bbox 589 1653 787 1691; x_wconf 88' lang='lat' dir='ltr'>apponere</span> <span class='ocrx_word' id='word_1_216' title='bbox 818 1642 949 1677; x_wconf 83' lang='lat' dir='ltr'>visum</span> <span class='ocrx_word' id='word_1_217' title='bbox 981 1648 1039 1678; x_wconf 88' lang='lat' dir='ltr'>est</span> <span class='ocrx_word' id='word_1_218' title='bbox 1067 1640 1283 1677; x_wconf 86' lang='lat' dir='ltr'>earundem</span> <span class='ocrx_word' id='word_1_219' title='bbox 1306 1640 1615 1691; x_wconf 87' lang='lat' dir='ltr'>explicationem</span> <span class='ocrx_word' id='word_1_220' title='bbox 1637 1640 1686 1676; x_wconf 90' lang='lat' dir='ltr'>ab</span> 
     </span>
     <span class='ocr_line' id='line_1_27' title="bbox 229 1695 1687 1735; baseline 0.001 -2"><span class='ocrx_word' id='word_1_221' title='bbox 229 1696 373 1734; x_wconf 89' lang='lat' dir='ltr'>eodem</span> <span class='ocrx_word' id='word_1_222' title='bbox 414 1697 588 1734; x_wconf 87' lang='lat' dir='ltr'>Grelotio</span> <span class='ocrx_word' id='word_1_223' title='bbox 628 1698 779 1735; x_wconf 89' lang='lat' dir='ltr'>Gallico</span> <span class='ocrx_word' id='word_1_224' title='bbox 823 1695 1012 1733; x_wconf 85' lang='lat' dir='ltr'>idiomate</span> <span class='ocrx_word' id='word_1_225' title='bbox 1053 1698 1351 1734; x_wconf 84' lang='lat' dir='ltr'>concinnatam:</span> <span class='ocrx_word' id='word_1_226' title='bbox 1391 1707 1489 1733; x_wconf 88' lang='lat' dir='ltr'>nam</span> <span class='ocrx_word' id='word_1_227' title='bbox 1518 1708 1570 1733; x_wconf 87' lang='lat' dir='ltr'>ne</span> <span class='ocrx_word' id='word_1_228' title='bbox 1602 1697 1687 1734; x_wconf 81' lang='lat' dir='ltr'>eius</span> 
     </span>
     <span class='ocr_line' id='line_1_28' title="bbox 227 1753 1064 1791; baseline -0.001 0"><span class='ocrx_word' id='word_1_229' title='bbox 227 1753 348 1791; x_wconf 82' lang='lat' dir='ltr'>verba</span> <span class='ocrx_word' id='word_1_230' title='bbox 365 1753 508 1791; x_wconf 88' lang='lat' dir='ltr'>Latina</span> <span class='ocrx_word' id='word_1_231' title='bbox 529 1753 703 1791; x_wconf 88' lang='lat' dir='ltr'>facerem</span> <span class='ocrx_word' id='word_1_232' title='bbox 721 1754 840 1791; x_wconf 88' lang='lat' dir='ltr'>amici</span> <span class='ocrx_word' id='word_1_233' title='bbox 859 1765 1064 1791; x_wconf 87' lang='lat' dir='ltr'>monuere.</span> 
     </span>
    </p>
   </div>
   <div class='ocr_carea' id='block_1_3' title="bbox 86 1914 1600 2047">
    <p class='ocr_par' dir='ltr' id='par_1_3' title="bbox 86 1914 1600 2047">
     <span class='ocr_line' id='line_1_29' title="bbox 86 1914 1600 1977; baseline 0.001 -10"><span class='ocrx_word' id='word_1_234' title='bbox 86 1932 117 1966; x_wconf 82' lang='lat' dir='ltr'>P</span> <span class='ocrx_word' id='word_1_235' title='bbox 140 1931 208 1968; x_wconf 83' lang='lat'>746</span> <span class='ocrx_word' id='word_1_236' title='bbox 320 1914 676 1968; x_wconf 72' lang='lat' dir='ltr'><strong>EXPL&#39;ICATION</strong></span> <span class='ocrx_word' id='word_1_237' title='bbox 702 1924 804 1967; x_wconf 78' lang='lat' dir='ltr'>DES</span> <span class='ocrx_word' id='word_1_238' title='bbox 832 1930 1054 1970; x_wconf 86' lang='lat' dir='ltr'><strong>RENVOIS</strong></span> <span class='ocrx_word' id='word_1_239' title='bbox 1082 1930 1169 1977; x_wconf 79' lang='lat' dir='ltr'>om</span> <span class='ocrx_word' id='word_1_240' title='bbox 1197 1928 1335 1968; x_wconf 85' lang='lat' dir='ltr'>SONT</span> <span class='ocrx_word' id='word_1_241' title='bbox 1362 1929 1434 1968; x_wconf 83' lang='lat' dir='ltr'>Au</span> <span class='ocrx_word' id='word_1_242' title='bbox 1461 1930 1600 1969; x_wconf 82' lang='lat' dir='ltr'><strong>PLAN</strong></span> 
     </span>
     <span class='ocr_line' id='line_1_30' title="bbox 700 2009 1226 2047; baseline 0.002 -2"><span class='ocrx_word' id='word_1_243' title='bbox 700 2009 771 2046; x_wconf 83' lang='lat' dir='ltr'>DE</span> <span class='ocrx_word' id='word_1_244' title='bbox 803 2009 994 2047; x_wconf 86' lang='lat' dir='ltr'><strong>SAINTE</strong></span> <span class='ocrx_word' id='word_1_245' title='bbox 1024 2009 1226 2047; x_wconf 73' lang='lat' dir='ltr'>sorum.</span> 
     </span>
    </p>
   </div>
   <div class='ocr_carea' id='block_1_4' title="bbox 229 2118 1692 2621">
    <p class='ocr_par' dir='ltr' id='par_1_4' title="bbox 232 2118 1692 2269">
     <span class='ocr_line' id='line_1_31' title="bbox 232 2118 1692 2171; baseline 0.002 -16"><span class='ocrx_word' id='word_1_246' title='bbox 232 2121 278 2168; x_wconf 64' lang='lat'>›1‹</span> <span class='ocrx_word' id='word_1_247' title='bbox 305 2119 366 2156; x_wconf 90' lang='lat' dir='ltr'>Le</span> <span class='ocrx_word' id='word_1_248' title='bbox 398 2119 534 2156; x_wconf 73' lang='lat' dir='ltr'>millen</span> <span class='ocrx_word' id='word_1_249' title='bbox 564 2118 612 2156; x_wconf 81' lang='lat' dir='ltr'>de</span> <span class='ocrx_word' id='word_1_250' title='bbox 643 2118 792 2171; x_wconf 60' lang='lat' dir='ltr'>l’dglise</span> <span class='ocrx_word' id='word_1_251' title='bbox 820 2120 869 2157; x_wconf 85' lang='lat' dir='ltr'>de</span> <span class='ocrx_word' id='word_1_252' title='bbox 903 2120 1040 2157; x_wconf 81' lang='lat' dir='ltr'>Sainte</span> <span class='ocrx_word' id='word_1_253' title='bbox 1070 2119 1216 2170; x_wconf 74' lang='lat' dir='ltr'>Sopkie</span> <span class='ocrx_word' id='word_1_254' title='bbox 1244 2125 1404 2156; x_wconf 74' lang='lat' dir='ltr'>convert</span> <span class='ocrx_word' id='word_1_255' title='bbox 1429 2119 1528 2158; x_wconf 81' lang='lat' dir='ltr'>d’zm</span> <span class='ocrx_word' id='word_1_256' title='bbox 1551 2119 1692 2171; x_wconf 76' lang='lat' dir='ltr'>grand</span> 
     </span>
     <span class='ocr_line' id='line_1_32' title="bbox 345 2174 1689 2228; baseline 0.002 -17"><span class='ocrx_word' id='word_1_257' title='bbox 345 2174 475 2220; x_wconf 64' lang='lat' dir='ltr'>ddme,</span> <span class='ocrx_word' id='word_1_258' title='bbox 507 2176 578 2225; x_wconf 77' lang='lat' dir='ltr'>qni</span> <span class='ocrx_word' id='word_1_259' title='bbox 595 2182 649 2211; x_wconf 74' lang='lat' dir='ltr'>est</span> <span class='ocrx_word' id='word_1_260' title='bbox 665 2174 692 2212; x_wconf 80' lang='grc' dir='ltr'><em>ὰ</em></span> <span class='ocrx_word' id='word_1_261' title='bbox 711 2190 753 2213; x_wconf 84' lang='lat' dir='ltr'>ce</span> <span class='ocrx_word' id='word_1_262' title='bbox 773 2189 848 2228; x_wconf 79' lang='lat' dir='ltr'>que</span> <span class='ocrx_word' id='word_1_263' title='bbox 866 2175 947 2223; x_wconf 72' lang='lat' dir='ltr'>l&#39;on</span> <span class='ocrx_word' id='word_1_264' title='bbox 966 2177 1026 2213; x_wconf 76' lang='lat' dir='ltr'>dit</span> <span class='ocrx_word' id='word_1_265' title='bbox 1043 2176 1091 2213; x_wconf 85' lang='lat' dir='ltr'>de</span> <span class='ocrx_word' id='word_1_266' title='bbox 1106 2177 1238 2227; x_wconf 79' lang='lat' dir='ltr'>pierre</span> <span class='ocrx_word' id='word_1_267' title='bbox 1248 2189 1392 2227; x_wconf 82' lang='lat' dir='ltr'>ponce.</span> <span class='ocrx_word' id='word_1_268' title='bbox 1459 2176 1511 2214; x_wconf 85' lang='lat' dir='ltr'>C&#39;e</span> <span class='ocrx_word' id='word_1_269' title='bbox 1530 2176 1642 2214; x_wconf 68' lang='lat' dir='ltr'>do⁴me</span> <span class='ocrx_word' id='word_1_270' title='bbox 1660 2189 1689 2214; x_wconf 83' lang='lat' dir='ltr'><em>a</em></span> 
     </span>
     <span class='ocr_line' id='line_1_33' title="bbox 344 2231 954 2269; baseline 0.003 -2"><span class='ocrx_word' id='word_1_271' title='bbox 344 2231 523 2268; x_wconf 74' lang='lat' dir='ltr'>dix-huit</span> <span class='ocrx_word' id='word_1_272' title='bbox 548 2232 661 2267; x_wconf 71' lang='lat' dir='ltr'>toises</span> <span class='ocrx_word' id='word_1_273' title='bbox 685 2232 732 2269; x_wconf 83' lang='lat' dir='ltr'>cle</span> <span class='ocrx_word' id='word_1_274' title='bbox 753 2233 954 2269; x_wconf 78' lang='lat' dir='ltr'>diametre.</span> 
     </span>
    </p>

    <p class='ocr_par' dir='ltr' id='par_1_5' title="bbox 229 2285 1686 2340">
     <span class='ocr_line' id='line_1_34' title="bbox 229 2285 1686 2340; baseline 0 -15"><span class='ocrx_word' id='word_1_275' title='bbox 229 2288 267 2325; x_wconf 94' lang='lat' dir='ltr'><strong>A</strong></span> <span class='ocrx_word' id='word_1_276' title='bbox 301 2286 405 2325; x_wconf 76' lang='lat' dir='ltr'>C&#39;est</span> <span class='ocrx_word' id='word_1_277' title='bbox 424 2286 608 2323; x_wconf 79' lang='lat' dir='ltr'>l&#39;enclroit</span> <span class='ocrx_word' id='word_1_278' title='bbox 626 2285 678 2324; x_wconf 75' lang='grc' dir='ltr'>οἰι</span> <span class='ocrx_word' id='word_1_279' title='bbox 698 2290 808 2325; x_wconf 79' lang='lat' dir='ltr'>estoit</span> <span class='ocrx_word' id='word_1_280' title='bbox 825 2287 1014 2339; x_wconf 62' lang='lat' dir='ltr'>autrefois</span> <span class='ocrx_word' id='word_1_281' title='bbox 1036 2287 1072 2324; x_wconf 84' lang='lat' dir='ltr'>le</span> <span class='ocrx_word' id='word_1_282' title='bbox 1092 2287 1180 2325; x_wconf 77' lang='lat' dir='ltr'>seul</span> <span class='ocrx_word' id='word_1_283' title='bbox 1197 2287 1308 2324; x_wconf 76' lang='lat' dir='ltr'>autel</span> <span class='ocrx_word' id='word_1_284' title='bbox 1325 2287 1373 2324; x_wconf 85' lang='lat' dir='ltr'>de</span> <span class='ocrx_word' id='word_1_285' title='bbox 1391 2293 1487 2324; x_wconf 81' lang='lat' dir='ltr'>cette</span> <span class='ocrx_word' id='word_1_286' title='bbox 1505 2287 1638 2340; x_wconf 57' lang='lat' dir='ltr'>eglise.</span> <span class='ocrx_word' id='word_1_287' title='bbox 1683 2291 1686 2294; x_wconf 71' lang='grc'><strong><em>’</em></strong></span> 
     </span>
    </p>

    <p class='ocr_par' dir='ltr' id='par_1_6' title="bbox 229 2337 1691 2621">
     <span class='ocr_line' id='line_1_35' title="bbox 229 2337 1689 2396; baseline 0 -15"><span class='ocrx_word' id='word_1_288' title='bbox 229 2345 264 2381; x_wconf 91' lang='grc' dir='ltr'><strong>Β</strong></span> <span class='ocrx_word' id='word_1_289' title='bbox 286 2337 352 2381; x_wconf 72' lang='lat' dir='ltr'>=Le</span> <span class='ocrx_word' id='word_1_290' title='bbox 374 2341 556 2380; x_wconf 75' lang='lat' dir='ltr'>mehrabe</span> <span class='ocrx_word' id='word_1_291' title='bbox 573 2343 640 2380; x_wconf 74' lang='lat' dir='ltr'>des</span> <span class='ocrx_word' id='word_1_292' title='bbox 668 2345 808 2390; x_wconf 74' lang='lat' dir='ltr'>Tzcrcs,</span> <span class='ocrx_word' id='word_1_293' title='bbox 834 2344 927 2382; x_wconf 81' lang='lat' dir='ltr'>c&#39;est</span> <span class='ocrx_word' id='word_1_294' title='bbox 945 2357 1092 2382; x_wconf 85' lang='lat' dir='ltr'>comme</span> <span class='ocrx_word' id='word_1_295' title='bbox 1108 2344 1194 2381; x_wconf 79' lang='lat' dir='ltr'>leur</span> <span class='ocrx_word' id='word_1_296' title='bbox 1205 2344 1332 2390; x_wconf 75' lang='lat' dir='ltr'>autel,</span> <span class='ocrx_word' id='word_1_297' title='bbox 1352 2357 1438 2381; x_wconf 70' lang='lat' dir='ltr'>vers</span> <span class='ocrx_word' id='word_1_298' title='bbox 1455 2343 1587 2396; x_wconf 77' lang='lat' dir='ltr'>lequel</span> <span class='ocrx_word' id='word_1_299' title='bbox 1601 2351 1689 2381; x_wconf 78' lang='lat' dir='ltr'>tous·</span> 
     </span>
     <span class='ocr_line' id='line_1_36' title="bbox 342 2399 1691 2452; baseline 0 -16"><span class='ocrx_word' id='word_1_300' title='bbox 342 2399 396 2436; x_wconf 77' lang='lat' dir='ltr'>les</span> <span class='ocrx_word' id='word_1_301' title='bbox 415 2399 697 2437; x_wconf 75' lang='lat' dir='ltr'>Mahometans</span> <span class='ocrx_word' id='word_1_302' title='bbox 713 2414 752 2438; x_wconf 74' lang='lat' dir='ltr'>se</span> <span class='ocrx_word' id='word_1_303' title='bbox 771 2407 954 2438; x_wconf 76' lang='lat' dir='ltr'>toarnent</span> <span class='ocrx_word' id='word_1_304' title='bbox 964 2415 1073 2451; x_wconf 76' lang='lat' dir='ltr'>pour</span> <span class='ocrx_word' id='word_1_305' title='bbox 1080 2401 1195 2452; x_wconf 81' lang='lat' dir='ltr'>faire</span> <span class='ocrx_word' id='word_1_306' title='bbox 1214 2401 1300 2437; x_wconf 76' lang='lat' dir='ltr'>leur</span> <span class='ocrx_word' id='word_1_307' title='bbox 1310 2399 1457 2451; x_wconf 60' lang='lat' dir='ltr'>pribre;</span> <span class='ocrx_word' id='word_1_308' title='bbox 1487 2400 1522 2436; x_wconf 85' lang='lat' dir='ltr'>il</span> <span class='ocrx_word' id='word_1_309' title='bbox 1538 2400 1691 2451; x_wconf 74' lang='lat' dir='ltr'>estsait</span> 
     </span>
     <span class='ocr_line' id='line_1_37' title="bbox 341 2455 1690 2508; baseline 0.001 -15"><span class='ocrx_word' id='word_1_310' title='bbox 341 2456 390 2493; x_wconf 83' lang='lat' dir='ltr'>de</span> <span class='ocrx_word' id='word_1_311' title='bbox 406 2469 546 2492; x_wconf 74' lang='lat' dir='ltr'>mes-me</span> <span class='ocrx_word' id='word_1_312' title='bbox 563 2456 709 2507; x_wconf 67' lang='lat' dir='ltr'>qzb&#39;zme</span> <span class='ocrx_word' id='word_1_313' title='bbox 733 2457 847 2493; x_wconf 81' lang='lat' dir='ltr'>niclze</span> <span class='ocrx_word' id='word_1_314' title='bbox 870 2457 972 2494; x_wconf 79' lang='lat' dir='ltr'>dans</span> <span class='ocrx_word' id='word_1_315' title='bbox 996 2457 1168 2508; x_wconf 76' lang='lat' dir='ltr'>laquelle</span> <span class='ocrx_word' id='word_1_316' title='bbox 1190 2471 1240 2494; x_wconf 86' lang='lat' dir='ltr'>on</span> <span class='ocrx_word' id='word_1_317' title='bbox 1261 2463 1338 2493; x_wconf 77' lang='lat' dir='ltr'>met</span> <span class='ocrx_word' id='word_1_318' title='bbox 1358 2455 1584 2493; x_wconf 83' lang='lat' dir='ltr'>l&#39;Alcoran.</span> <span class='ocrx_word' id='word_1_319' title='bbox 1646 2455 1690 2494; x_wconf 88' lang='lat' dir='ltr'>Il</span> 
     </span>
     <span class='ocr_line' id='line_1_38' title="bbox 342 2507 1689 2565; baseline 0.001 -17"><span class='ocrx_word' id='word_1_320' title='bbox 342 2512 509 2565; x_wconf 70' lang='lat' dir='ltr'>regarde</span> <span class='ocrx_word' id='word_1_321' title='bbox 534 2514 575 2549; x_wconf 84' lang='lat' dir='ltr'>la</span> <span class='ocrx_word' id='word_1_322' title='bbox 596 2514 763 2564; x_wconf 76' lang='lat' dir='ltr'>Mesqae</span> <span class='ocrx_word' id='word_1_323' title='bbox 783 2511 834 2550; x_wconf 75' lang='grc' dir='ltr'>οἰι</span> <span class='ocrx_word' id='word_1_324' title='bbox 853 2521 907 2550; x_wconf 73' lang='lat' dir='ltr'>est</span> <span class='ocrx_word' id='word_1_325' title='bbox 928 2513 964 2550; x_wconf 84' lang='lat' dir='ltr'>le</span> <span class='ocrx_word' id='word_1_326' title='bbox 988 2513 1169 2552; x_wconf 75' lang='lat' dir='ltr'>tombeau</span> <span class='ocrx_word' id='word_1_327' title='bbox 1190 2513 1238 2551; x_wconf 81' lang='lat' dir='ltr'>de</span> <span class='ocrx_word' id='word_1_328' title='bbox 1258 2512 1483 2559; x_wconf 74' lang='lat' dir='ltr'>Mahomet,</span> <span class='ocrx_word' id='word_1_329' title='bbox 1512 2525 1598 2551; x_wconf 75' lang='lat' dir='ltr'>vers</span> <span class='ocrx_word' id='word_1_330' title='bbox 1618 2507 1689 2564; x_wconf 71' lang='lat' dir='ltr'>qui</span> 
     </span>
     <span class='ocr_line' id='line_1_39' title="bbox 343 2567 1091 2621; baseline 0.004 -17"><span class='ocrx_word' id='word_1_331' title='bbox 343 2575 467 2605; x_wconf 70' lang='lat' dir='ltr'>toute-9</span> <span class='ocrx_word' id='word_1_332' title='bbox 488 2567 544 2606; x_wconf 77' lang='lat' dir='ltr'>les</span> <span class='ocrx_word' id='word_1_333' title='bbox 563 2570 772 2621; x_wconf 68' lang='lat' dir='ltr'>Mosqzae&#39;es</span> <span class='ocrx_word' id='word_1_334' title='bbox 791 2577 878 2607; x_wconf 76' lang='lat' dir='ltr'>sont</span> <span class='ocrx_word' id='word_1_335' title='bbox 901 2570 1091 2608; x_wconf 71' lang='grc' dir='ltr'>ίοιινηέεε.</span> 
     </span>
    </p>
   </div>
   <div class='ocr_carea' id='block_1_5' title="bbox 232 2677 503 2682">
    <p class='ocr_par' dir='ltr' id='par_1_7' title="bbox 232 2677 503 2682">
     <span class='ocr_line' id='line_1_40' title="bbox 232 2677 503 2682; baseline 0 0"><span class='ocrx_word' id='word_1_336' title='bbox 232 2677 503 2682; x_wconf 95' lang='lat' dir='ltr'> </span> 
     </span>
    </p>
   </div>
   <div class='ocr_carea' id='block_1_6' title="bbox 235 2731 1688 2875">
    <p class='ocr_par' dir='ltr' id='par_1_8' title="bbox 235 2731 1688 2875">
     <span class='ocr_line' id='line_1_41' title="bbox 322 2731 1688 2784; baseline -0.006 -10"><span class='ocrx_word' id='word_1_337' title='bbox 322 2738 366 2784; x_wconf 85' lang='grc'>*)</span> <span class='ocrx_word' id='word_1_338' title='bbox 413 2737 659 2773; x_wconf 80' lang='lat' dir='ltr'>Recentiorum</span> <span class='ocrx_word' id='word_1_339' title='bbox 683 2737 771 2772; x_wconf 88' lang='lat' dir='ltr'>adde</span> <span class='ocrx_word' id='word_1_340' title='bbox 793 2737 987 2771; x_wconf 85' lang='lat' dir='ltr'>Gibbonem</span> <span class='ocrx_word' id='word_1_341' title='bbox 1010 2737 1114 2782; x_wconf 85' lang='lat' dir='ltr'>(cap.</span> <span class='ocrx_word' id='word_1_342' title='bbox 1135 2735 1225 2780; x_wconf 89' lang='lat'>40),</span> <span class='ocrx_word' id='word_1_343' title='bbox 1250 2733 1430 2770; x_wconf 83' lang='lat' dir='ltr'>Fossalem</span> <span class='ocrx_word' id='word_1_344' title='bbox 1454 2732 1591 2778; x_wconf 79' lang='lat' dir='ltr'>(storia</span> <span class='ocrx_word' id='word_1_345' title='bbox 1607 2731 1688 2768; x_wconf 87' lang='lat' dir='ltr'>dell’</span> 
     </span>
     <span class='ocr_line' id='line_1_42' title="bbox 235 2779 1686 2875; baseline -0.003 -56"><span class='ocrx_word' id='word_1_346' title='bbox 235 2784 462 2875; x_wconf 34' lang='lat' dir='ltr'>ffel-{lemma</span> <span class='ocrx_word' id='word_1_347' title='bbox 493 2789 522 2819; x_wconf 83' lang='lat' dir='ltr'>t.</span> <span class='ocrx_word' id='word_1_348' title='bbox 550 2784 574 2818; x_wconf 76' lang='lat'>2</span> <span class='ocrx_word' id='word_1_349' title='bbox 604 2794 640 2829; x_wconf 84' lang='lat' dir='ltr'>p.</span> <span class='ocrx_word' id='word_1_350' title='bbox 671 2784 795 2858; x_wconf 53' lang='grc' dir='ltr'>121),ῥ</span> <span class='ocrx_word' id='word_1_351' title='bbox 822 2782 1034 2830; x_wconf 84' lang='lat' dir='ltr'>Alphonsum</span> <span class='ocrx_word' id='word_1_352' title='bbox 1071 2783 1116 2818; x_wconf 85' lang='lat' dir='ltr'>de</span> <span class='ocrx_word' id='word_1_353' title='bbox 1151 2782 1187 2816; x_wconf 85' lang='lat' dir='ltr'>la</span> <span class='ocrx_word' id='word_1_354' title='bbox 1224 2781 1383 2857; x_wconf 20' lang='lat' dir='ltr'>Martiae-</span> <span class='ocrx_word' id='word_1_355' title='bbox 1410 2780 1513 2826; x_wconf 76' lang='lat' dir='ltr'>(itin.</span> <span class='ocrx_word' id='word_1_356' title='bbox 1546 2779 1686 2847; x_wconf 38' lang='lat' dir='ltr'>Orienti</span> 
     </span>
    </p>
   </div>
  </div>
 </body>
</html>
