1890 3224
245 162 308 207 62
733 167 970 211 GEORGII
997 169 1209 213 PISIDAE

466 281 532 322 καὶ
555 279 656 335 πρὸς
673 279 718 322 τὸ
741 286 870 335 τεῖχος
885 281 1097 339 ἐκδραμών
1118 282 1162 326 τὸ
1190 288 1261 338 τῆς
1285 286 1408 342 δίκης,

466 347 626 404 γραφὴν
648 349 741 390 κατ’
762 350 895 392 αὐτῶν
916 350 1111 408 ἀσφαλῶς
1124 354 1344 407 προεξέθου

467 415 513 457 τὸ
538 416 705 472 φρικτὸν
725 415 829 468 εἶδος
849 421 922 474 τῆς
941 423 1102 476 γραφῆς
1123 424 1195 474 τῆς
1214 420 1413 479 ἀγράφου.

466 481 615 538 ταύτην
636 501 719 536 τις,
755 484 865 540 οἶμαι
877 519 890 538 ,
923 487 996 542 τὴν
1019 486 1230 543 διάγνωσιν
1244 490 1402 543 βλέπων

353 549 433 592 375
470 549 590 608 φήσει
612 551 718 610 δόλῳ
739 572 782 596 σε
802 554 871 596 τὸν
891 555 1030 612 κριτὴν
1047 554 1287 612 ὑφαρπάσαι
1301 572 1312 582 ·

469 620 600 670 δεῖξας
620 621 697 678 γὰρ
722 622 844 664 αὐτὸν
864 630 948 673 τοῖς
966 624 1156 674 ἐναντίοις
1173 623 1281 675 ὅλοις

468 687 771 745 ἀντιπρόσωπον
791 691 1053 746 ἔξανέστησας
1069 690 1213 748 φόβον,

470 757 537 797 καὶ
557 761 637 798 τῶν
658 758 826 814 ἐλέγχων
845 760 1012 814 μηδέπω
1034 761 1297 816 παρηγμένων

470 825 702 878 κομψευτός
726 827 862 877 αὐτοῖς
885 826 910 883 ἦ
933 829 1022 882 δίκη
1046 830 1284 870 καθίστατο.

353 893 436 932 380
471 890 526 941 ὥς
543 887 629 948 εὖγε
646 910 710 935 σοι
729 895 879 950 γένοιτο
898 899 971 937 τοῦ
986 899 1113 938 καλοῦ
1134 894 1255 938 δόλου
1269 910 1280 920 ·

471 961 608 1014 κρίνας
626 961 703 1017 γὰρ
724 963 765 1004 ἓν
784 963 870 1015 σοι’,
905 965 972 1006 καὶ
997 964 1183 1019 διαγνοὺς
1201 964 1273 1018 τὴν
1297 962 1431 1021 φύσιν,

471 1026 527 1078 ὥς
548 1029 702 1086 μητρὸς
721 1030 836 1072 οὐδὲν
854 1033 967 1073 παιδὶ
990 1032 1336 1088 συμπαθέστερον,

473 1095 546 1149 τὴν
566 1101 639 1138 τοῦ
662 1099 853 1140 δικαστοῦ
867 1099 1023 1154 μητέρα
1042 1098 1298 1154 προσηγάγου

473 1162 593 1221 οἴκτῳ
613 1162 743 1219 δεήσει
768 1164 958 1222 δακρύοις
978 1165 1126 1225 ἀσιτίᾳ,

358 1232 439 1272 385
475 1232 542 1272 καὶ
563 1235 614 1287 τῇ
635 1231 743 1275 δόσει
761 1234 804 1274 δὲ
823 1238 902 1275 τῶν
923 1232 1092 1290 ῥεόντων
1108 1229 1352 1288 χρημάτων·

475 1298 627 1341 ἐκεῖθεν
648 1298 764 1342 ἔνθεν
780 1301 911 1342 πολλὰ
931 1301 1027 1351 δοὺς
1046 1302 1120 1342 καὶ·
1133 1302 1367 1358 σκορπίσας,

476 1367 629 1416 πείθεις
651 1368 799 1423 ἐκείνην
821 1373 999 1426 πρῶτον·
1037 1367 1064 1423 ἦ
1084 1369 1127 1411 δὲ
1150 1368 1357 1423 συντόμως

478 1436 607 1477 πείθει
628 1435 674 1478 τὸ
697 1436 853 1489 τέκνον,
888 1439 954 1479 καὶ
974 1436 1117 1490 σχεδὸν
1135 1436 1212 1493 πρὸ
1235 1442 1307 1492 τῆς
1328 1439 1439 1493 δίκης

478 1506 651 1545 νικῶσαν
670 1502 766 1558 ἣμῖν
787 1503 1010 1562 ἒξεᾳιώνησε
1031 1506 1174 1561 κρίσιν.

365 1572 446 1612 390
539 1569 677 1624 ’Όμως
698 1573 832 1627 ἐπειδὴ
853 1578 936 1623 τοΐς
956 1573 1080 1629 ἀγῶσι
1104 1576 1176 1627 τῆς
1195 1568 1329 1626 μάχης

479 1641 809 1695 προσαντιτείνειν
829 1640 966 1695 ἠξίουν
988 1641 1025 1682 οἱ
1043 1638 1263 1697 βάρβαροι,

480 1706 607 1762 πυρὸς
621 1707 695 1761 μὲν
713 1707 826 1765 ἔργον
838 1760 839 1763 ¹
850 1706 1038 1766 ἀφρόνως
1062 1709 1207 1763 ἐγίνετο

483 1777 563 1823 πᾶς
581 1771 601 1815 ὅ
621 1775 699 1831 πρὸ
719 1777 873 1830 τείχους
894 1774 1140 1833 ὥραϊσμένος
1159 1772 1293 1825 τόπος,

483 1838 510 1895 ἦ
530 1842 633 1898 φλὸξ
657 1844 700 1885 δὲ
718 1845 961 1895 καπνίζουσα
981 1844 1050 1886 τὸν
1067 1843 1203 1886 καινὸν
1224 1841 1346 1899 ζόφον

367 1909 449 1952 395
483 1909 527 1949 ἔκ
547 1914 619 1963 τῆς
638 1909 805 1966 ὁμίχλης
825 1916 898 1965 τῆς
917 1912 1029 1966 ξένης
1045 1909 1271 1968 ἐκρύπτετο.

487 1983 572 2026 τοῖς
590 1979 615 2019 δ
619 1978 632 1993 ²
656 1973 751 2034 αῧγε
767 1980 950 2036 Πέρσαις
968 1979 1293 2036 ἐστρατευμένοις
1311 1978 1449 2034 πέραν,
1494 2030 1503 2035 ..

487 2042 542 2094 ὥς
567 2045 617 2100 δὴ
640 2047 742 2089 καθ’
764 2045 877 2102 ἡμῶν
899 2046 1013 2105 ἔργον
1030 2046 1130 2101 εἶχεν
1150 2045 1176 2101 ἦ
1197 2043 1322 2099 μάχη,

271 2142 370 2192 cepto
385 2150 527 2192 patrono
540 2152 661 2194 verbo,
684 2156 721 2187 et
734 2164 828 2187 muro
845 2164 997 2198 ascenso,
1018 2153 1076 2187 ubi
1091 2153 1256 2196 agebatur
1272 2151 1374 2195 actio,
1396 2151 1560 2196 picturam
1575 2152 1608 2186 in
1623 2152 1714 2199 ipsos

272 2192 412 2226 firmiter
432 2194 607 2239 obiecisti,
629 2198 812 2232 terribilem
836 2199 924 2233 illam
947 2199 1091 2244 speciem
1108 2199 1262 2243 picturae
1277 2209 1343 2230 non
1358 2197 1481 2241 pictae.
1524 2198 1611 2231 hanc
1625 2199 1715 2244 quis,

272 2237 409 2280 opinor,
433 2238 664 2276 iudicationem
686 2248 844 2287 spectans
867 2245 971 2288 (375)
996 2244 1087 2277 dicat
1099 2248 1136 2277 te
1149 2243 1225 2277 dolo
1239 2243 1382 2276 iudicem
1402 2243 1611 2277 subur-nasse.
1657 2244 1714 2277 ubi

273 2281 359 2314 enim
383 2282 491 2326 ipsum
514 2286 622 2330 palam
646 2287 798 2323 hostibus
824 2289 1016 2330 ostendisti,
1050 2289 1151 2322 talem
1178 2288 1334 2322 excitasti
1355 2287 1510 2322 timorem
1535 2292 1574 2321 ut
1594 2288 1715 2322 faciem

272 2331 477 2362 averterent.
523 2334 559 2364 et
584 2333 787 2375 argumentis
801 2334 945 2367 nondum
961 2333 1136 2379 productis
1151 2334 1236 2368 scite
1251 2338 1304 2367 est
1317 2333 1351 2366 in
1363 2333 1457 2378 ipsos
1471 2334 1573 2367 multa
1588 2333 1715 2367 consti-

272 2373 355 2405 tuta.
403 2373 503 2417 (380)
527 2387 626 2420 quam
653 2378 736 2412 bene
759 2379 823 2412 tibi
849 2379 953 2412 cessit
973 2379 1140 2412 laudabile
1160 2379 1397 2412 commentum!
1421 2389 1465 2412 ex
1479 2378 1614 2412 teenim
1627 2378 1714 2412 iudi-

272 2427 351 2449 cans
367 2417 631 2465 dignoscensque
645 2427 808 2466 naturam,
832 2428 869 2458 ut
884 2424 961 2457 nihil
976 2429 1086 2458 matre
1101 2424 1145 2458 sit
1159 2424 1228 2457 filio
1246 2423 1481 2468 indulgentius,
1503 2423 1622 2457 iudicis
1643 2435 1715 2458 ma-

277 2465 363 2494 trem
387 2463 527 2498 allexisti
551 2467 698 2510 affectu,
729 2480 851 2513 prece,
879 2469 1046 2513 lacrimis,
1066 2469 1190 2503 ieiunio
1213 2470 1316 2512 (385)
1340 2472 1375 2502 et
1395 2469 1502 2502 effusa
1524 2468 1715 2504 divitiarum

274 2505 471 2549 largitione:
494 2510 573 2545 hinc
588 2516 623 2546 et
637 2513 716 2547 inde
731 2515 816 2548 enim
831 2515 945 2549 multis
960 2515 1046 2548 datis
1061 2518 1098 2548 et
1113 2515 1263 2559 erogatis
1273 2540 1284 2556 ‚
1307 2514 1394 2548 illam
1415 2513 1538 2548 suades
1551 2514 1692 2558 primum
1702 2525 1716 2554 ς

276 2553 312 2584 et
338 2552 396 2586 illa
427 2555 538 2589 statim
565 2557 687 2592 suadet
710 2559 832 2602 filium,
856 2564 891 2594 et
915 2571 1023 2604 prope
1047 2563 1125 2594 ante
1148 2560 1303 2594 iudicium
1325 2559 1498 2593 victricem
1523 2569 1587 2604 pro
1616 2559 1714 2593 nobis

274 2598 504 2641 pronuntiavit
523 2603 732 2638 sententiam.
778 2605 884 2649 (390)
906 2616 1023 2638 verum
1043 2617 1116 2639 cum
1137 2608 1248 2639 tamen
1267 2605 1308 2638 ad
1327 2614 1462 2648 pugnae
1480 2604 1660 2638 certamina
1676 2614 1715 2638 se

276 2641 423 2676 obiicere
449 2644 581 2680 barbari
605 2650 866 2692 contenderent,
890 2650 1026 2684 multum
1044 2650 1176 2694 quidem
1192 2651 1297 2685 stulte
1315 2650 1420 2683 fiebat
1434 2649 1621 2683 incendium
1634 2674 1646 2691 ,
1657 2649 1713 2682 'ita

277 2688 316 2719 ut
342 2688 447 2723 omnis
470 2695 548 2726 ante
573 2704 702 2728 murum
723 2695 817 2729 locus
838 2699 929 2730 esset
949 2695 1157 2741 conspicuus,
1201 2695 1334 2729 flamma
1353 2706 1436 2729 vero
1459 2695 1609 2728 excitans
1631 2693 1712 2728 fumi

276 2742 382 2767 novas
407 2736 545 2770 nebulas
569 2739 673 2782 (395)
696 2740 885 2775 immensam
907 2741 994 2775 inter
1018 2741 1192 2785 caliginem
1215 2740 1492 2774 abscondebatur.
1537 2743 1575 2773 at
1598 2738 1714 2773 Persis

275 2776 311 2811 in
337 2778 482 2816 adverso
507 2782 621 2818 littore
646 2785 775 2821 eductis
796 2786 840 2820 ad
863 2785 1003 2828 bellum,
1029 2786 1118 2831 quod
1141 2785 1205 2821 iam
1224 2789 1340 2820 contra
1354 2796 1416 2820 nos
1432 2785 1575 2820 iniretur
1586 2794 1714 2831 pugna,
