1890 3224
274 194 364 240 138
502 191 779 247 QUERCIUS
815 190 873 234 IN
908 190 1135 234 BELLUM
1167 192 1468 237 AVARIGUM.

270 306 395 345 mavis
425 306 556 356 ipsum
583 302 767 353 Sergium
794 301 843 338 ob
874 302 1133 340 reverentiam
1163 304 1355 353 postIcam
1382 310 1536 341 tantum
1561 304 1719 342 tabulae

271 370 422 414 partem
443 359 638 398 Abaribus
666 360 918 410 opposuisse,
957 358 1065 410 quod
1095 359 1156 396 illi
1177 361 1341 397 minime
1361 359 1472 410 digni
1498 368 1627 398 essent
1651 362 1719 413 qui

271 426 446 458 sanctam
466 419 622 454 iconem
645 415 825 454 viderent
841 444 851 463 ,
891 414 1031 453 eadem
1056 415 1176 453 verba
1202 430 1274 466 per
1297 423 1407 467 terga
1423 416 1610 454 vertenda
1633 430 1718 454 esse

272 475 475 513 concedes.
513 479 557 510 ut
575 479 708 510 autem
727 473 801 509 iste
818 473 993 510 senarius
1008 485 1088 509 non
1108 472 1314 522 claudicet,
1345 474 1532 512 articulus
1551 475 1622 526 τῆς
1644 486 1718 510 ex-

270 530 521 583 pungendus.
580 529 714 566 confer
732 541 770 566 v.
791 530 872 570 378
891 536 929 566 et
947 541 1060 581 seqq.

382 587 478 629 438.
537 584 587 623 ad
609 586 775 623 alteram
791 597 981 635 pugnam,
1015 587 1174 637 quaein
1190 586 1290 623 mari
1308 592 1394 623 acta
1413 592 1484 634 est,
1514 583 1720 637 progredi-

271 651 354 693 tur,
401 646 443 681 in
472 655 551 695 qua
584 642 710 680 solam
736 642 931 692 virginem
963 655 1161 693 pugnasse
1189 656 1260 693 pro
1291 643 1505 694 Cpolitanis
1536 643 1719 679 affirmat.

269 702 397 753 prima
417 701 537 752 igitur
553 700 715 737 victoria
735 711 757 735 a
782 697 869 747 deo,
903 699 1023 736 altera
1049 711 1071 736 a
1094 698 1254 750 deipara
1276 706 1387 750 parta
1411 706 1483 737 est.

381 755 478 797 440.
536 757 701 792 miratur
727 768 795 792 cur
812 755 854 791 in
873 757 963 793 sinu
982 756 1163 793 Cer-atino
1183 768 1273 792 cum
1293 757 1375 793 suis
1391 753 1548 806 scaphis
1563 768 1605 792 se
1625 766 1721 791 con-

268 815 431 852 iecerint
449 813 618 850 barbari.
678 812 843 850 stultum
871 825 965 849 sane
986 813 1215 860 consilium,
1246 825 1337 849 cum
1356 825 1450 863 prae
1468 810 1722 850 multitudine

269 872 406 909 lintres
435 869 619 907 lintribus
650 875 780 906 essent
809 867 1108 919 impedimento.
1166 881 1307 906 verum
1325 875 1409 906 tam
1428 870 1722 919 exiguisnavi—

271 928 345 979 giis
366 940 408 965 se
428 927 507 963 alto
531 926 775 963 committere
793 925 980 962 barbaros
1000 926 1202 973 timuisse,
1251 931 1368 977 atque
1389 938 1441 962 ex
1460 938 1539 962 uua
1559 924 1722 963 eadem-

270 997 348 1035 que
378 989 487 1035 parte
517 982 658 1019 urbem
681 980 868 1019 invadere
893 982 1065 1019 voluisse
1087 980 1327 1019 credendum
1353 988 1436 1031 est3
1469 981 1577 1034 quod
1593 982 1721 1019 innuit

270 1038 490 1077 Chronicon
508 1036 700 1076 Paschale
716 1052 764 1088 p.
789 1041 815 1078 7
818 1039 966 1078 20ima.
1608 1050 1611 1057 ·

379 1094 475 1138 445.
534 1094 675 1145 templi
690 1095 733 1130 in
750 1092 980 1132 Blachernis
994 1095 1104 1132 locus
1125 1100 1230 1132 recte
1250 1093 1489 1145 designatur,
1510 1101 1555 1132 ut
1573 1109 1612 1133 v.
1625 1093 1720 1136 405.

270 1152 405 1190 confer
423 1152 578 1203 Cpolim
599 1149 863 1188 Christianam
885 1149 956 1187 lib.
982 1154 1006 1192 3
1021 1165 1068 1201 p.
1096 1153 1162 1191 83.
1222 1163 1268 1189 ea
1295 1150 1436 1199 aedes,
1478 1164 1580 1203 quae
1610 1157 1722 1188 extra

270 1209 409 1246 urbem
426 1214 508 1245 erat
528 1206 579 1244 ad
599 1207 711 1244 littus
730 1208 851 1244 maris
863 1235 873 1254 ,
911 1214 999 1256 post
1015 1207 1173 1258 fugatos
1193 1208 1344 1245 Abares
1364 1208 1466 1244 intra
1484 1209 1623 1246 urbem
1646 1220 1722 1245 ex-

270 1266 387 1303 citato
407 1276 520 1302 muro
542 1263 694 1300 inclusa
715 1269 787 1299 est.
846 1261 991 1299 Chron.
1012 1261 1154 1300 Pasch.
1169 1277 1217 1312 Ρ.
1239 1266 1337 1304 726.

379 1319 476 1361 457.
532 1319 709 1369 legerem
727 1319 943 1370 πολεμίζει,
972 1325 1016 1355 ut
1032 1325 1182 1356 constet
1198 1321 1315 1356 metri
1335 1320 1448 1356 ratio.

380 1375 477 1416 463.
537 1388 590 1413 ex
610 1376 814 1426 repentina
840 1381 1075 1425 tempestate
1106 1374 1288 1413 disiectas
1316 1376 1439 1413 fuisse
1467 1374 1724 1413 barbarorum

271 1433 462 1471 trabarias
491 1433 739 1470 consentiunt
760 1429 958 1479 historici3
989 1444 1034 1468 ac
1059 1430 1194 1469 Pisida
1223 1433 1316 1469 satis
1344 1433 1474 1469 innuit
1499 1430 1575 1469 hoc
1600 1432 1724 1469 fuisse

268 1489 505 1527 miraculum
518 1518 528 1538 ‚
572 1500 650 1540 quo
668 1489 779 1537 virgo
800 1486 961 1539 deipara
977 1488 1275 1539 Cpolitanorum
1296 1489 1413 1525 rebus
1437 1488 1629 1539 opitulata
1650 1495 1722 1526 est.

380 1544 475 1585 466.
534 1545 656 1581 simili
683 1543 802 1580 modo
833 1556 878 1580 ac
905 1557 1007 1594 pene
1033 1543 1178 1581 iisdem
1205 1545 1353 1582 artibus
1373 1545 1526 1595 legatos
1551 1557 1573 1581 a
1592 1546 1724 1582 Persis

269 1599 322 1638 ad
341 1598 575 1650 chaganum
597 1601 740 1637 missos
768 1598 934 1636 evadere
952 1598 1148 1638 studuisse
1167 1613 1190 1637 a
1211 1600 1509 1651 Cpolitanorum
1525 1601 1722 1649 manibus,

268 1655 442 1696 vidimus
460 1655 511 1693 ad
523 1669 562 1694 v.
582 1657 662 1696 361
684 1668 737 1692 ex
753 1654 947 1693 Chronico
960 1654 1102 1694 Pasch-

380 1712 476 1753 470.
532 1724 654 1749 naves
675 1725 765 1748 cum
788 1713 960 1749 turribus
978 1713 1021 1748 in
1037 1725 1113 1749 usu
1134 1712 1258 1749 fuisse
1274 1710 1381 1763 apud
1402 1718 1554 1750 veteres
1572 1718 1724 1750 testan-

269 1776 333 1807 tur
347 1767 535 1806 historiae
559 1775 598 1805 et
617 1769 878 1806 numismata:
924 1766 996 1806 sed
1023 1781 1106 1806 non
1126 1766 1357 1806 huiusmodi
1381 1775 1492 1806 erant
1513 1774 1596 1806 arte
1614 1769 1725 1807 Aba·

268 1838 357 1863 rum
372 1823 556 1876 scaphae.

380 1880 476 1922 476.
535 1877 676 1917 alludit
691 1878 742 1916 ad
756 1880 885 1917 minas
904 1886 942 1917 et
960 1880 1136 1919 convicia
1153 1881 1312 1932 superbi
1330 1878 1522 1932 Chagani,
1552 1893 1654 1934 quae
1670 1893 1723 1918 ex

267 1936 463 1975 Chronico
480 1934 664 1974 Paschali
681 1937 887 1974 retulimus
909 1935 960 1973 ad
977 1950 1015 1974 v.
1038 1935 1134 1978 824.

381 1992 478 2035 481.
534 1994 757 2030 maximam
773 1994 856 2030 vim
877 1993 1168 2042 calamitatum3
1199 1988 1358 2047 δράγμα
1373 1991 1482 2030 idem
1505 2005 1551 2030 ac
1567 1989 1721 2046 πλήθη.

268 2050 311 2086 in
330 2050 605 2101 Etymologico
624 2045 780 2101 δράγμα
796 2051 877 2089 τῶν
891 2045 1108 2103 κερμάτων.

380 2105 476 2148 493.
534 2104 779 2157 Nicephorus
796 2104 1019 2156 patriarcha
1032 2119 1079 2156 Ρ.
1107 2106 1172 2153 13,
1202 2117 1283 2142 non
1299 2105 1546 2156 tempestatis
1567 2102 1667 2142 sed
1656 2118 1722 2142 m-

269 2164 510 2199 currentium
538 2162 837 2213 Cpolitanorum
873 2163 914 2200 vi
937 2162 1123 2199 barbaros
1150 2161 1273 2198 fuisse
1305 2174 1513 2229 oppressos
1541 2173 1720 2210 narrans,

268 2217 312 2259 ἐκ
335 2221 411 2258 τοῦ
431 2215 583 2266 εὐθέως
602 2219 657 2255 m‘t
679 2216 872 2267 ἔκτεινον,
916 2216 985 2258 καὶ
1003 2217 1139 2270 αἵματι
1155 2219 1290 2273 πολλῷ
1311 2215 1355 2259 τὸ
1369 2213 1595 2259 θαλάσσιον
1611 2214 1721 2271 ὕδωρ

267 2273 527 2325 §mecm-mo.

379 2329 475 2372 496.
531 2324 660 2380 αὐτήν
680 2329 820 2379 opinor
839 2324 1057 2370 θαλάτταν.

380 2384 477 2427 497.
533 2385 584 2422 cf.
604 2385 732 2422 Exod.
759 2384 812 2426 14
840 2387 907 2426 31.

381 2440 478 2482 502.
534 2448 724 2493 tympana
745 2448 785 2478 et
804 2442 1019 2493 cymbalos,
1049 2441 1193 2493 quibus
1210 2441 1420 2479 utebantur
1436 2441 1604 2490 barbari,
1629 2448 1721 2480 tan-

269 2509 391 2550 quam
418 2497 585 2548 profana
606 2499 866 2536 instrumenta
896 2496 1049 2550 deoque
1073 2496 1273 2536 laudando
1298 2499 1428 2535 minus
1449 2498 1721 2536 convenientia

269 2551 448 2591 excludit
466 2553 614 2603 Pisida,
645 2567 690 2592 ac
705 2567 893 2592 sensuum
915 2552 1225 2605 pentachordon,
1243 2553 1427 2591 videlicet
1444 2555 1568 2591 animi
1583 2556 1721 2606 purio-

268 2623 331 2647 res
351 2608 534 2659 affectus,
573 2609 848 2648 tantummodo
875 2609 1063 2650 admittit.
1121 2610 1255 2648 confer
1269 2610 1318 2647 de
1340 2611 1475 2660 exped.
1499 2610 1667 2649 Heracl.
1692 2613 1721 2651 2

268 2664 349 2707 246
370 2672 407 2702 et
426 2679 533 2718 seqq.

379 2721 475 2763 611.
533 2720 685 2775 νοητήν
707 2717 841 2774 πυλην
864 2730 978 2760 vocat
1007 2723 1277 2771 intellectum,
1315 2723 1423 2790 quia
1440 2723 1558 2760 Plato
1580 2722 1624 2759 in
1644 2721 1720 2759 Ti-

267 2789 381 2815 maeo
396 2791 442 2828 P·
467 2776 520 2820 45
547 2786 663 2830 caput
678 2779 745 2816 vel
761 2779 963 2816 cerebrum
987 2776 1062 2832 τήν
1090 2781 1165 2821 τοῦ
1182 2774 1396 2820 θειοτάτου
1415 2777 1484 2820 καὶ
1505 2773 1719 2833 ἱερωτάτου

266 2832 392 2888 φέρον
413 2833 569 2887 οἴκησιν
591 2836 790 2887 sapienter
810 2833 1004 2874 adfirmat.
