1890 3224
526 166 599 209 AD
633 165 1010 211 NICEPHORUM
1041 165 1080 208 N
1082 164 1243 210 ΟΤΔΕ.
1548 167 1613 215 97

472 276 533 315 A.
565 276 607 315 d.
639 278 744 326 611,
774 276 921 315 Indict.
953 276 1004 326 4,
1032 275 1221 314 Heraclii
1244 277 1294 324 6,

319 339 413 383 post
438 347 514 371 cos.
548 332 598 383 5,
625 333 813 371 Heraclii
837 335 924 371 iun.
957 332 1008 383 4,
1039 332 1148 385 cyclo
1172 331 1376 385 utrobiqtce
1401 335 1443 375 9.

272 410 370 450 Saes
392 425 415 449 a
437 410 610 451 chosroe
634 413 778 450 missus
802 413 1031 464 Aegyptum
1053 410 1341 455 Alexandriam
1369 419 1409 450 et
1433 413 1611 453 Africam

159 475 335 520 occupat.
392 467 485 506 inde
515 468 567 506 ad
591 467 882 507 chalcedonem
904 481 1027 521 usque
1048 482 1140 509 cum
1161 470 1284 520 copiis
1302 470 1501 520 profectus
1519 485 1612 510 cum

158 526 341 562 Heraclio
357 527 591 576 paciscitur,
622 527 786 578 eiusque
803 526 956 577 legatos
978 539 1114 564 secum
1132 526 1177 563 in
1194 527 1397 565 Orientem
1413 526 1466 566 ad
1484 526 1614 571 Chos-

159 594 256 620 roen
278 580 450 619 deducit.
508 595 532 619 a
553 595 631 635 quo
651 583 870 621 miserrime
888 589 1067 631 necatur.

243 673 247 680 A
269 638 312 676 S.
331 640 498 676 Ioannes
519 637 695 692 ἐλεήμων
712 640 807 676 anni
829 637 948 677 huius
972 641 1085 677 initio
1106 640 1287 678 moritur.

271 694 316 733 S.
349 696 580 734 Anastasius
615 697 736 734 Persa
771 697 815 738 in
848 696 937 735 Sais
974 697 1111 741 castris
1140 697 1318 736 militans
1350 693 1616 735 Christianam

158 749 281 845 fide11in
316 752 587 803 amplectitur,
628 751 803 806 indeque
828 753 1149 806 Hierosolymam
1176 765 1347 806 pergens
1373 752 1617 793 monachum

157 820 228 859 pro
257 814 375 847 tetur.

440 897 501 935 A.
541 897 585 935 d.
626 899 732 947 617,
784 898 932 936 Indice.
971 897 1020 947 5,
1064 900 1252 938 Heraclii
1287 904 1337 951 7,

548 960 644 1004 post
670 967 748 992 cos.
778 956 827 1004 6,
856 955 1043 993 Heraclii
1069 958 1155 994 iun.
1183 956 1224 998 5.

259 1020 469 1074 *Heraclius
497 1021 629 1058 iunior
653 1018 736 1058 kal.
755 1024 840 1059 Ian.
859 1023 959 1061 inito
980 1024 1189 1065 consulatu
1210 1024 1514 1063 Constantinum
1530 1024 1616 1062 fra-

154 1083 278 1126 trem,
307 1078 500 1114 Martinae
520 1078 566 1114 1³⁸.
580 1106 590 1126 ‚
620 1077 831 1115 Caesarem
855 1085 974 1116 creat.

264 1135 410 1172 Persae
433 1131 717 1184 Carthaginem
741 1141 990 1185 expugnant.

439 1220 499 1259 A.
540 1221 581 1259 d.
624 1223 729 1270 618,
773 1221 922 1259 Indict.
967 1223 1014 1270 6,
1056 1221 1247 1259 Heraclii
1283 1225 1332 1272 8,

545 1284 638 1329 post
664 1291 742 1315 cos.
774 1281 825 1328 7,
853 1277 1042 1316 Heraclii
1066 1279 1151 1315 iun.
1185 1279 1227 1319 6.

201 1401 228 1441 d
267 1345 409 1396 Legati
444 1345 494 1383 ab
529 1345 713 1384 Heraclio
751 1358 886 1385 rursus
923 1343 975 1384 ad
1012 1342 1214 1387 chosroen
1245 1347 1359 1386 missi
1391 1360 1433 1385 re
1471 1347 1619 1389 infecta

156 1415 198 1440 re
229 1408 337 1440 eunt.

267 1460 448 1510 Augusto
466 1470 605 1496 mense
625 1458 740 1510 cpoli
757 1458 1026 1512 sportularum
1041 1458 1271 1510 largitiones
1290 1458 1483 1498 sublatae.

427 1546 486 1584 A.
538 1547 579 1585 d.
628 1548 732 1597 619,
781 1548 930 1588 Indict.
970 1550 1021 1599 7,
1066 1548 1256 1586 Heraclii
1293 1549 1344 1598 9,

493 1610 587 1653 post
609 1605 694 1641 eius
721 1618 799 1644 eos.
832 1607 872 1654 8,
900 1603 1091 1645 Heraclii
1115 1605 1202 1642 iun.
1234 1608 1278 1647 7.

269 1672 420 1708 Avares
444 1670 488 1706 in
509 1668 727 1708 Thraciam
749 1672 975 1724 irrumpunt
992 1677 1032 1708 et
1052 1671 1232 1710 illectum
1253 1685 1327 1723 per
1349 1684 1463 1723 spem
1487 1672 1619 1723 impe·-

157 1726 321 1766 trandae
346 1726 455 1778 pacis
485 1726 714 1765 Heraclium
736 1728 1064 1766 circumveniunt.
1123 1726 1335 1780 Chaganus
1355 1741 1448 1766 cum
1464 1729 1618 1780 ingenti

157 1782 306 1837 praeda
329 1782 550 1821 revertitur.

431 1870 490 1909 A.
532 1871 574 1909 d.
615 1872 723 1921 620,
762 1871 909 1909 Indict.
952 1873 999 1920 8,
1039 1871 1228 1909 Heraclii
1271 1873 1344 1920 10,

494 1935 589 1979 post
615 1929 699 1965 eius
728 1941 805 1965 cos.
838 1930 878 1976 9,
907 1927 1096 1965 Heraclii
1120 1930 1208 1966 iun.
1239 1930 1281 1970 8.

270 1997 372 2035 Cum
395 1995 592 2034 Avaribus
610 2008 695 2047 pax
713 1996 944 2047 composita.
1000 1996 1146 2034 Persae
1165 1997 1367 2047 Ancyram
1389 1994 1563 2045 capiunt.

432 2087 493 2124 A.
545 2087 586 2124 cl.
634 2087 739 2134 621,
788 2085 937 2124 Indici.
978 2086 1027 2133 9,
1074 2085 1262 2125 Heraclii
1296 2085 1344 2133 9,

492 2151 588 2194 post
614 2145 696 2181 eius
721 2155 799 2180 cos.
831 2145 872 2191 9,
905 2141 1094 2181 Heraclii
1115 2143 1201 2180 iun.
1235 2142 1276 2182 9.

268 2209 477 2254 ,Heraclius
495 2224 551 2249 ex
564 2212 724 2262 Europa
744 2211 876 2261 copias
893 2210 935 2247 in
957 2210 1096 2248 Asiam
1112 2215 1367 2260 transportat.

433 2298 492 2336 A.
525 2300 567 2337 d.
597 2302 702 2349 622,
744 2299 892 2341 Indict.
936 2300 1010 2349 10,
1048 2299 1238 2342 ,Heraclii
1269 2301 1342 2346 13,

482 2363 578 2406 post
604 2356 686 2393 eius
710 2369 787 2394 cos.
817 2358 858 2406 9,
885 2355 1075 2394 Heraclii
1099 2357 1186 2394 iun.
1221 2356 1288 2396 10-

274 2422 317 2460 S.
335 2424 568 2462 Anastasius
583 2424 705 2461 Persa
723 2425 958 2475 martyrium
976 2424 1060 2462 obit
1074 2425 1118 2461 in
1136 2420 1315 2461 Perside.

274 2480 480 2518 Heraclius
508 2480 705 2518 celebrato
733 2479 921 2530 paschate
949 2481 1098 2532 Aprilis
1121 2480 1148 2521 4
1169 2480 1216 2516 in
1238 2479 1439 2516 Orientem
1458 2475 1618 2528 profici-

163 2535 308 2628 scitduir,
350 2536 487 2575 relicta
521 2539 633 2576 Bono
670 2538 834 2588 patricio
867 2543 915 2575 et
950 2537 1096 2589 ¹Sergio
1134 2536 1367 2588 Cpolitanae
1399 2534 1510 2575 uthis
1547 2545 1619 2570 cu-

162 2597 222 2629 8ῒο
267 2604 374 2686 aInde
414 2663 505 2688 cum
539 2652 755 2690 Persarum
792 2647 958 2688 ducibus
994 2651 1037 2688 in
1067 2648 1256 2688 Armenia
1278 2653 1327 2685 «et
1351 2644 1514 2685 Perside
1541 2656 1620 2695 pu-

165 2710 500 2826 gnat-'Appetente
524 2760 659 2801 hieme
695 2762 873 2800 exercitu
907 2776 980 2813 per
1005 2760 1173 2805 hiberna
1195 2758 1358 2801 dimisso
1382 2758 1539 2810 cpolim
1558 2768 1623 2797 re.-

165 2823 342 2855 vertitur.

221 2876 366 2922 Niceph.
398 2876 510 2913 Cenat.
1322 2874 1350 2912 7
