1838 3210
260 164 326 212 40
660 198 666 205 f.
716 164 875 209 PAULI
902 163 1236 207 SILENTIARII

396 280 462 322 καὶ
479 276 655 336 μεγάλου
677 284 866 335 σταυροῖο
885 275 1009 330 τύπον
1024 275 1217 320 πολύωπα
1234 273 1402 331 νοήσεις,

395 350 548 403 γείτονα
568 348 641 402 μὲν
664 348 828 397 δίσκοιο,
856 343 1137 402 πολυτρήτοισι
1158 346 1201 388 δὲ
1217 343 1357 395 νώτοις

280 417 365 458 830
401 415 520 471 ἄγγος
541 416 805 472 ἕλαφρίζοντα
824 412 1089 471 σελασφόρον.
1157 412 1354 456 εὖσελοὶων
1378 412 1422 455 δὲ

397 482 557 532 κύκλιος
575 485 618 524 ἐκ
640 483 776 539 φαέων
790 482 914 538 χορὸς
929 484 1102 525 ἵσταται.
1171 478 1197 537 ἦ
1219 480 1324 535 τάχα
1348 480 1472 537 φαίης
1504 497 1507 502 ·

396 548 563 605 ἐγγύθεν
586 549 822 608 ἀρκτούροιο
846 552 1107 607 δρακοντείων
1126 566 1168 591 τε
1188 551 1358 606 γενείων,
1639 549 1706 586 415

397 619 584 674 οὐρανίου
604 618 831 676 στεφάνοιο,
865 615 1099 671 λελαμπότα
1117 619 1246 673 τείρεα
1267 616 1457 659 λεύσσειν.

470 685 587 728 Οὕτω
607 688 679 740 μὲν
701 686 804 728 κατὰ
821 686 916 739 νηὸν
935 683 1131 728 ἑλίσσεται
1151 683 1311 741 ἑσπερίη
1327 682 1459 742 φλόξ,

283 755 363 797 835
399 755 572 811 φαιδρὸν
589 752 953 811 ἀπαστράπτουσα·
987 753 1096 811 μέσῳ
1116 753 1155 795 δ’
1177 754 1233 795 ἐνὶ
1251 754 1378 807 μείονι
1399 751 1532 809 κύκλῳ

401 823 608 864 δευτατίου
629 820 842 880 στεφάνοιο
863 820 1116 879 σελασφόρον
1137 820 1287 877 ἄντυγα
1307 818 1426 874 δήεις.

399 891 648 946 μεσσοπαγὲς
666 891 705 932 δ’
730 891 793 931 ἐπὶ
815 890 974 945 κέντρον
991 889 1064 931 ἀπ’
1085 889 1202 946 ἠέρος
1219 889 1340 939 ἄλλος
1356 886 1530 944 ὀρούσας
1644 891 1713 927 420

403 959 537 1008 δίσκος
553 959 619 1009 {iig-
639 957 834 1013 σελάγιζε·
872 958 1005 1015 φυγὰς
1025 960 1049 1000 δ
1054 958 1066 974 '
1092 956 1354 1001 ἀπελαύνεται
1373 956 1517 1015 ὄρφνη.

463 1026 629 1082 Ἔγγύθι
647 1029 673 1068 δ
678 1026 690 1042 ³
714 1025 936 1080 αἲθούσης,
966 1025 1078 1083 παρὰ
1098 1027 1253 1078 κίονας,
1288 1025 1391 1068 ἔνθα
1410 1028 1478 1068 καὶ
1500 1026 1602 1069 ἔνθα

285 1093 368 1137 840
399 1099 637 1152 μουνοφανῆ
657 1098 874 1150 λαμπτῆρα
893 1094 1099 1151 διακριδὸν
1117 1093 1240 1137 ἄλλον
1263 1093 1337 1136 ἀπ’
1365 1094 1489 1136 ἄλλοι]

401 1160 525 1216 ἑξείης
543 1163 764 1217 ἀνέθηκαν·
795 1162 888 1204 ὅλον
909 1163 949 1205 δ’
971 1164 1034 1204 ἐπὶ
1051 1166 1181 1217 μῆκος
1198 1160 1324 1204 ὁδεύει

398 1228 620 1287 τηλεπόρου
642 1237 773 1285 νηοῖο’
809 1229 928 1281 κύτος
952 1231 992 1273 δ’
1014 1229 1224 1286 ὗπέθηκαν
1243 1228 1398 1287 ἑκάστῳ
1650 1233 1716 1269 425

404 1297 623 1354 ἀργύρεον,
657 1297 867 1354 πλάστιγγι
887 1300 1127 1351 πανείκελον,
1163 1294 1195 1356 ᾧ
1219 1299 1274 1341 ἐνὶ
1293 1298 1429 1356 μέσσῳ

403 1365 571 1422 εὗφαέος
591 1372 785 1424 κρητῆρες
806 1365 1123 1424 ἐφεδρήσσουσιν
1143 1367 1292 1408 ἐλαίου.

280 1429 367 1473 >845
404 1433 450 1475 οὗ
470 1434 551 1488 μὴν
567 1434 749 1489 ,ἲσοτενής
768 1452 830 1484 τις
850 1434 960 1486 ὅλοις
983 1437 1058 1489 μία
1079 1436 1178 1487 πέζα
1197 1434 1407 1490 καθέρπει,

402 1503 532 1542 πολλὰ
556 1502 596 1543 δ’
617 1502 771 1544 ἄναντα
793 1500 970 1545 κάταντα
991 1503 1065 1545 σὺν
1084 1503 1272 1558 ἀγλαΐῃσι
1293 1499 1449 1554 νοήσεις

401 1566 565 1622 νήδυμα
587 1570 852 1622 κυμαίνοντα·
881 1569 1179 1626 πολυστρέπτου
1201 1571 1227 1610 δ
1232 1568 1245 1584 ²
1270 1568 1349 1611 ἀπὸ
1372 1571 1506 1625 σειρῆς
1656 1577 1724 1612 430

401 1635 554 1692 ἠερίαις
569 1636 791 1690 βαθμηδὸν
812 1636 1136 1693 ἔπαστράπτυυσι
1159 1633 1379 1686 κελεύθοις.

407 1703 511 1745 οὕτω
532 1706 598 1745 καὶ
617 1702 862 1760 δικόρυμβον
882 1702 958 1754 ὕας
977 1702 1200 1759 σελάγισμα
1218 1705 1384 1761 φαείνει,

288 1771 372 1812 850
405 1769 604 1825 ἡμιτόμου
622 1770 788 1828 ταύροιο
807 1776 1145 1829 καταγραφθεΐσα
1162 1770 1374 1825 μετώποις.

406 1838 512 1880 ἀλλὰ
531 1841 597 1881 καὶ
616 1839 816 1896 ἀργυρέας
831 1857 892 1890 τις
913 1840 992 1881 ἴδοι
1011 1840 1122 1890 νέας·
1156 1840 1349 1896 ἔμπορίης
1372 1839 1417 1881 δὲ

272 2007 404 2052 lumen,
428 2010 492 2044 sed
510 2010 631 2045 eodem
651 2010 691 2045 in
713 2009 842 2045 circulo
860 2009 1003 2045 maioris
1027 2009 1131 2044 etiam
1151 2008 1266 2044 erucis
1288 2009 1434 2053 figuram
1455 2006 1584 2053 passim
1606 2008 1727 2053 perso-

272 2059 382 2088 ratam
404 2054 600 2100 intuebere,
623 2057 720 2091 disco
743 2057 985 2104 propinquam,
1008 2055 1196 2100 variegatis
1225 2064 1308 2089 vero
1332 2055 1445 2088 dorsis
1468 2066 1531 2088 vas
1548 2054 1730 2089 luciferum

271 2099 456 2133 ferentem.
502 2100 555 2135 ita
581 2103 750 2136 rotundus
784 2101 923 2146 quidem
946 2113 990 2135 ex
1012 2100 1259 2134 collucentibus
1285 2099 1470 2135 luminibus
1493 2099 1619 2134 chorus
1645 2111 1730 2134 con-

273 2142 404 2178 ficitur.
451 2145 554 2190 (415)
575 2151 671 2181 certe
692 2158 794 2180 ursae
813 2152 874 2180 aut
893 2145 1054 2181 draconis
1077 2145 1204 2191 capitis
1226 2144 1284 2180 vel
1307 2145 1468 2181 caelestis
1489 2157 1639 2181 coronae
1659 2145 1730 2180 ful-

274 2190 393 2234 gentia
416 2196 511 2224 astra
533 2197 570 2225 te
591 2191 721 2226 intueri
743 2192 887 2238 propius
911 2191 1021 2227 dicas.

367 2246 428 2280 Sic
444 2247 553 2291 igitur
575 2260 639 2293 per
660 2248 823 2293 templum
845 2247 1048 2293 vespertina
1064 2248 1200 2283 flamma
1214 2247 1301 2283 mire
1322 2247 1501 2292 fulgurans
1524 2247 1731 2282 circumvol-

274 2289 382 2325 vitur.
430 2293 467 2326 in
499 2294 612 2328 medio
638 2305 721 2328 vero
746 2293 836 2328 mino
858 2294 870 2326 i
891 2294 1062 2328 secundae
1083 2306 1233 2328 coronae
1258 2293 1386 2329 circulo
1414 2293 1578 2328 ambitum
1602 2293 1733 2330 lumina

273 2336 421 2380 perinde
438 2339 609 2373 ferentem
628 2339 806 2374 invenies:
828 2339 846 2382 (
871 2341 930 2383 ΞΟ)
949 2344 985 2374 at
1001 2351 1124 2374 versus
1144 2340 1291 2374 medium
1310 2344 1465 2374 centrum
1485 2339 1625 2384 elegans
1643 2339 1734 2375 alter

275 2383 320 2416 ab
344 2383 426 2417 aere
449 2395 629 2428 emergens
653 2385 769 2419 discus
793 2384 906 2418 lumen
930 2385 1074 2419 emittit:
1099 2385 1151 2419 sic
1174 2397 1243 2419 nox
1265 2384 1395 2429 ubique
1417 2384 1615 2430 depellitur.

366 2440 468 2475 quta
489 2440 664 2485 porticus,
695 2441 738 2475 ad
771 2441 966 2484 columnas,
1003 2441 1060 2475 hic
1087 2446 1124 2475 et
1145 2441 1216 2476 illic
1237 2441 1396 2476 lucernas
1419 2441 1522 2476 unieo
1544 2441 1733 2476 instructas

273 2483 414 2529 lumine,
439 2487 482 2520 ab
496 2498 535 2520 se
557 2486 708 2520 invicem
730 2487 918 2520 disiunctas
942 2486 1107 2531 deinceps
1131 2488 1402 2532 suspenderunt3
1429 2488 1530 2531 (425)
1557 2498 1647 2531 quae
1669 2498 1735 2531 per

275 2535 383 2564 totam
407 2532 540 2576 amplae
563 2531 660 2566 aedis
680 2532 928 2576 longitudinem
949 2537 1170 2577 procurrunt.
1194 2532 1381 2578 unicuique
1400 2538 1514 2567 autem
1533 2538 1735 2576 argenteum

277 2586 493 2622 supposuere
517 2577 674 2621 alveum,
706 2577 797 2612 lanei
820 2577 956 2611 omnino
978 2578 1144 2621 similem;
1175 2578 1272 2612 cuius
1295 2579 1333 2612 in
1356 2578 1469 2613 medio
1492 2577 1640 2612 lucentis
1667 2578 1736 2613 olei

278 2628 432 2656 crateres
451 2622 619 2657 insident.
668 2634 781 2668 neque
811 2627 926 2657 tamen
950 2623 1146 2658 uniusmodi
1169 2628 1206 2658 et
1229 2623 1383 2668 aequalis
1405 2624 1566 2668 prooedit
1585 2624 1735 2660 omnium

279 2668 387 2702 ordo:
411 2667 517 2702 multa
538 2668 630 2702 enim
654 2680 789 2703 sursum
811 2680 852 2702 ac
875 2669 1035 2703 deorsum
1056 2669 1141 2703 licet
1156 2669 1287 2703 intueri
1305 2681 1380 2704 cum
1402 2671 1529 2704 decore
1548 2681 1589 2704 ac
1609 2675 1736 2705 ornam

279 2712 380 2767 (430)
404 2714 559 2748 suaviter
580 2714 804 2757 fluctuantia,
839 2725 930 2758 quae
961 2726 1004 2748 ex
1037 2715 1151 2749 multis
1183 2714 1360 2760 implicata
1380 2716 1526 2750 nexibus
1550 2720 1674 2751 catena
1698 2715 1735 2749 in

280 2759 392 2793 aetels
422 2758 491 2794 viis
522 2760 691 2804 gradatim
710 2759 914 2804 'fulgul-ant.
967 2759 1018 2794 ita
1049 2760 1172 2806 biceps
1204 2759 1318 2795 lumen
1347 2762 1501 2796 ostendit
1532 2762 1569 2796 in
1602 2760 1736 2796 dimidii

280 2803 391 2839 Tauri
414 2805 533 2840 fronte
559 2805 736 2851 descripta
759 2806 873 2849 Hyas.
897 2805 961 2839 sed
981 2810 1018 2841 et
1041 2811 1224 2851 argenteas
1248 2818 1357 2842 naves
1379 2807 1515 2853 videas,
1533 2819 1628 2853 quae
1650 2818 1736 2842 oue-
