1890 3224
307 174 331 219 1
341 174 399 219 12
918 171 1142 216 PETAVII

301 285 497 336 profectus
519 289 577 320 est
590 282 815 330 Heraclius,
844 281 1002 334 imperii
1018 281 1203 320 videlicet
1223 284 1292 331 18,
1322 281 1394 320 sed
1416 284 1467 325 16
1487 283 1746 333 contigerunt,

302 348 346 379 ut
374 348 432 378 est
459 339 565 391 apud
592 338 814 376 Cedrenum
833 351 878 375 ao
893 337 1203 390 Theophanem,
1235 352 1325 376 cum
1350 337 1542 377 Chosroes
1562 351 1678 391 saepe
1698 340 1746 376 ab

304 397 486 434 Heraclio
512 397 660 443 victus,
692 395 917 446 ingentibus
936 394 1111 447 undique
1131 396 1307 434 conflatis
1330 397 1473 447 copiis,
1503 408 1639 432 earum
1654 409 1749 446 par-

303 461 387 491 tem
413 454 533 490 Saino
561 452 757 503 praefecto
783 450 946 489 tradidit
974 459 1012 489 et
1036 450 1223 490 adversus
1250 453 1528 504 imperatorem
1553 453 1749 503 opposuit,

306 511 470 547 alteram
499 522 589 545 cum
616 508 783 546 Sarbaro
803 508 959 560 Cpolim
977 509 1109 556 misit,
1139 515 1182 546 ut
1202 522 1293 546 cum
1312 509 1467 546 Hunnis
1494 507 1751 546 occidentali-

305 566 399 614 bus,
426 578 525 617 quos
553 566 701 602 Avares
730 572 892 613 vocant,
920 578 964 602 ac
993 565 1186 604 Sclavinis
1215 572 1253 603 et
1278 564 1440 617 Gepidis
1464 565 1603 602 urbem
1622 577 1752 616 oppu-

304 629 466 673 gnaret:
507 622 712 659 Heraclius
754 628 888 659 contra
921 622 1114 659 trifariam
1145 623 1322 659 exercitu
1354 621 1561 659 distributo
1599 627 1753 672 partem

303 691 426 716 unam
451 677 502 715 ad
526 678 633 715 urbis
653 676 896 728 praesidium
914 679 1131 727 submittit,
1162 677 1376 717 secundam
1396 676 1608 715 Theodoro
1633 677 1754 714 fratre

306 734 406 772 duce
437 735 548 773 Saini
575 736 696 785 copiis
725 734 880 772 obiecit.
945 736 1031 786 ipse
1067 748 1157 772 cum
1186 737 1300 773 tertia
1327 736 1522 772 Lazorum
1552 735 1756 784 regionem

307 791 425 840 adiit,
454 792 756 843 Turcorumque
784 792 867 830 sive
892 790 1111 829 Chazarum
1130 793 1279 829 auxilia
1298 792 1505 829 contraxit.
1562 790 1647 828 fieri
1665 791 1758 842 qui-

309 847 401 886 dem
430 854 559 898 potest
586 854 630 885 ut
661 854 777 885 antea
806 860 830 885 a
856 849 999 886 Turcis
1023 849 1219 886 auxilium
1236 848 1442 900 postularit
1458 854 1497 884 et
1517 845 1570 884 ad
1585 860 1650 885 eos
1670 848 1758 898 ipse

307 906 548 956 perrexerit,
587 917 690 942 anno
724 903 920 957 siquidem
954 904 1217 956 expeditionis
1245 906 1372 956 primo
1403 899 1632 956 ἐστράτευσε
1662 899 1760 955 μετὰ

307 961 460 1002 πλοίων
487 957 554 1001 διὰ
575 963 648 1000 τοῦ
669 957 870 1010 Εὐξείνου
891 958 1076 1010 Πόντου,
1107 963 1162 999 ait
1186 961 1406 1010 Cedrenus,
1437 973 1482 998 ac
1506 960 1582 998 sibi
1601 960 1760 997 Turco-

309 1031 398 1055 rum
433 1019 565 1069 copias
595 1016 789 1055 adiunxit.
848 1016 920 1056 sed
950 1030 1180 1068 congressus
1204 1018 1275 1055 ille
1307 1030 1398 1056 cum
1421 1029 1558 1055 eorum
1579 1016 1759 1067 principe

306 1075 466 1112 nonnisi
489 1087 536 1112 eo
561 1086 639 1126 quo
667 1073 753 1111 dixi
774 1087 877 1112 anno
900 1075 1076 1125 contigit.

188 1135 218 1169 P
242 1134 287 1169 68
420 1142 460 1180 p.
484 1131 536 1169 17
555 1143 595 1168 v.
615 1132 682 1170 20.
739 1130 926 1177 τίκτεται]
961 1129 1133 1168 Heraclii
1154 1129 1298 1164 liberos
1321 1124 1446 1164 habes
1463 1127 1507 1163 in
1528 1126 1761 1182 προθεωρίᾳ

306 1185 419 1223 brevi
444 1183 579 1222 tabula
604 1181 834 1234 descr1ptos.
891 1184 1096 1221 Heraclius
1118 1196 1212 1221 vero
1230 1183 1305 1221 iste
1324 1184 1368 1220 in
1383 1184 1580 1219 Lazorum
1598 1184 1762 1233 regione

308 1248 425 1278 natus
454 1241 573 1292 plane
603 1252 626 1276 a
653 1239 907 1277 Constantino
932 1237 1233 1291 distinguendus
1253 1246 1332 1287 est,
1363 1240 1432 1291 qui
1452 1237 1520 1276 diu
1538 1245 1628 1276 ante
1647 1240 1761 1291 Cpoli

310 1310 362 1335 ex
390 1298 559 1334 Mai-tina
586 1303 792 1347 susceptus
814 1302 893 1343 est,
921 1302 966 1334 ut
986 1309 1057 1335 suo
1076 1296 1163 1334 loco
1185 1294 1530 1334 demonstrabitur.
1586 1294 1636 1333 de
1655 1308 1761 1334 anno

307 1352 411 1392 nihil
434 1354 684 1404 exploratum
704 1350 912 1391 habemus.

421 1424 463 1462 p.
485 1411 536 1450 18
555 1422 593 1447 v.
611 1412 652 1450 2.
709 1402 910 1461 κάκεῖνος]
933 1409 1081 1447 Zebeel
1099 1407 1319 1447 Chazarum
1337 1407 1421 1446 dux
1437 1409 1484 1446 ab
1501 1406 1646 1446 iisdem
1662 1409 1763 1446 scri·-

310 1468 490 1519 ptoribus
515 1472 785 1518 nuncupatur,
816 1467 886 1518 qui
905 1480 976 1518 per
995 1467 1157 1517 Caspias
1176 1473 1309 1518 portas
1328 1466 1371 1503 in
1387 1463 1593 1503 Persidem
1607 1467 1763 1516 irrupit.

310 1523 417 1562 unde
446 1522 628 1561 redeunti
655 1536 709 1561 ex
737 1524 880 1560 Lazica
908 1523 1115 1562 Heraclius
1143 1524 1330 1572 occurrit,
1359 1528 1524 1575 tumque
1555 1536 1597 1561 se
1623 1528 1764 1560 mutuo

308 1579 606 1632 perhumaniter
619 1584 867 1631 acceperunt.

421 1635 476 1673 ib.
501 1649 540 1673 v.
562 1634 602 1674 4.
658 1635 727 1675 καὶ
745 1632 901 1686 ἀποβὰς
919 1636 994 1674 τοῦ
1012 1633 1164 1683 ἵππου]
1194 1632 1464 1683 Theophanes
1486 1648 1526 1684 p.
1547 1632 1629 1675 264
1646 1635 1696 1672 Α.

423 1704 465 1742 p.
485 1692 536 1730 19
557 1702 595 1726 v.
616 1692 655 1731 2.
714 1686 782 1740 ἐφ’
801 1687 885 1736 ἑνὸς
902 1685 945 1727 δὲ
963 1685 1136 1738 τούτων]
1169 1688 1367 1726 Gazacum
1396 1689 1536 1726 urbem
1563 1688 1765 1728 cedrenus

312 1762 358 1786 ac
382 1744 654 1797 Theophanes
676 1752 844 1793 vocantt,
874 1745 943 1782 ubi
967 1750 1005 1781 et
1029 1745 1163 1781 Croesi
1183 1742 1389 1783 thesauros
1404 1753 1624 1784 asservatos
1642 1746 1766 1784 fuisse

311 1803 486 1842 tradunt.
516 1801 634 1839 huius
652 1801 860 1839 historiam
878 1800 1063 1839 describit
1076 1802 1244 1839 Ioannes
1255 1803 1421 1840 Tzetzes
1433 1801 1569 1844 Chil.3
1588 1804 1689 1841 Hist.
1699 1805 1765 1852 66,

314 1863 383 1914 qui
403 1867 441 1898 et
460 1874 512 1898 ex
528 1857 686 1896 Pisidae
706 1857 938 1896 Heracliade
959 1856 1032 1895 hos
1053 1857 1206 1895 iambos
1224 1857 1406 1909 producit

530 1915 599 1956 καί
618 1930 677 1963 τις
694 1912 796 1968 πρὸς
810 1911 933 1955 αὐτόν
956 1909 1129 1964 οὐρανός
1147 1916 1222 1953 τοῦ
1238 1910 1425 1968 Χοσρόου

531 1975 833 2025 μηχανοτευχεῖς
853 1970 1108 2023 ἔξεπομβραῖν
1125 1967 1196 2018 τοὶς
1215 1967 1396 2025 δρόσους.

531 2028 648 2083 γέρον
668 2023 893 2080 Συρακόσιε
912 2024 986 2067 νῦν
1003 2025 1220 2080 γεομέτρα]

533 2083 558 2125 ὅ
574 2088 651 2138 γῆν
669 2082 858 2125 ἀνασπῶν
878 2085 1036 2138 μηχανῇ
1053 2086 1103 2139 τῇ
1123 2079 1322 2138 τρισπᾶτῳ

533 2142 641 2194 βοῶν
656 2138 735 2194 ὅπη
756 2138 865 2193 offla-«3,
895 2139 963 2180 καὶ
981 2136 1158 2180 σαλεύσω
1175 2136 1250 2191 τὴν
1269 2134 1414 2192 χθόνα.

533 2197 582 2267 ἐξῇ
602 2200 818 2251 παρασπᾶν
837 2194 932 2245 τούς
951 2192 1192 2244 ἆσαλεύτους
1209 2192 1330 2249 ὅρους

533 2256 642 2305 ητταῖ
658 2251 847 2307 γυναικός
863 2256 1056 2305 μηχαναῖς
1073 2247 1326 2305 εὐμηχάνως.

316 2310 360 2348 in
381 2308 406 2350 5
430 2322 547 2348 versu
569 2322 668 2347 corr.
690 2306 767 2350 ὅπα
787 2310 860 2361 βῶ.

428 2365 484 2404 ib.
506 2379 546 2404 v.
565 2369 605 2408 7.
666 2362 849 2418 Χοσρόης
866 2364 1028 2416 τοίνυν]
1054 2365 1116 2402 bis
1138 2377 1161 2401 a
1181 2362 1355 2402 Chosroe
1374 2362 1567 2402 sarbarus
1588 2362 1655 2401 vel
1671 2361 1768 2400 Sar-

317 2423 487 2460 banazas
506 2424 549 2459 in
568 2420 797 2474 Bithyniam
814 2424 959 2460 missus
979 2434 1023 2458 ac
1042 2428 1244 2459 revocatus
1270 2418 1398 2473 (quod
1415 2426 1504 2456 ante
1523 2432 1547 2456 a
1562 2419 1675 2457 uobis
1694 2419 1768 2457 ob-

318 2487 518 2517 servatum
537 2481 756 2517 necessario
776 2477 852 2516 hoc
872 2480 958 2516 loco
981 2476 1240 2530 repetendum
1263 2477 1359 2528 est),
1388 2477 1563 2528 primum
1585 2488 1622 2513 a.
1639 2477 1771 2512 Hera-

318 2536 386 2572 clii
410 2539 479 2584 13,
510 2549 601 2574 cum
623 2538 863 2587 irrumpente
886 2537 927 2572 in
945 2534 1151 2573 Persidem
1170 2535 1353 2572 Heraclio
1371 2531 1498 2570 redire
1512 2533 1619 2570 iflico
1638 2533 1770 2570 iussus

319 2597 400 2638 est,
431 2591 604 2630 secundo
639 2605 675 2630 a.
706 2594 757 2634 16
786 2591 963 2630 eiusdem
996 2592 1187 2641 Heraclii,
1218 2588 1376 2643 quando
1409 2596 1447 2626 et
1477 2586 1771 2626 chalcedonem

321 2650 584 2698 oppugnavit3
625 2662 699 2686 nec
727 2647 820 2686 inde
856 2647 1052 2699 digressus
1083 2655 1163 2697 est,
1191 2647 1350 2685 tametsi
1378 2657 1430 2683 ex
1459 2646 1635 2684 Avarum
1656 2643 1769 2682 clade

321 2705 462 2754 ingens
485 2703 675 2742 damnum
695 2718 740 2742 ac
753 2703 972 2743 maerorem
993 2706 1174 2757 cepisset.
1232 2702 1256 2745 ὅ
1283 2700 1326 2744 δὲ
1351 2697 1585 2769 Σᾶρβαρος,
1614 2702 1669 2739 ait
1692 2701 1772 2739 ce-

323 2759 487 2810 drenus,
517 2760 583 2801 ἔπὶ
607 2758 765 2811 τούτοις
789 2757 1006 2814 ἀχθεσθεὶς
1027 2759 1135 2814 ὅμως
1164 2756 1241 2814 τήν
1271 2759 1506 2810 Χαλκηδονα
1531 2752 1772 2811 παρακαθή-

323 2831 441 2869 μενος
471 2812 520 2859 οὕ
551 2816 733 2871 μετέστη,
767 2814 857 2860 ἀλλ’
884 2813 1010 2860 αὐτοῦ
1036 2817 1235 2871 ἔχείμασε,
1261 2810 1491 2872 πραιδεύων
1509 2812 1559 2857 τοὶ
1578 2808 1770 2869 necatam}
