1890 3224
283 175 377 225 104
895 176 1125 221 PETAvn

280 283 496 340 ευεργετῶν
540 283 720 338 Φλαβίου
754 281 986 354 Ἡρακλείου
1021 288 1095 327 τοῦ
1129 278 1410 357 ευσεβεστατου
1440 283 1551 334 ἔτους
1578 282 1624 339 γ’,
1663 283 1732 326 καὶ

281 360 378 399 μετα
406 341 481 394 τήν
508 340 702 383 ’ὑπατείαν
732 337 857 382 αυτοῦ
880 341 990 390 ἔτους
1011 338 1064 412 β’,
1091 342 1159 383 καὶ
1185 341 1364 394 Φλαβῖου
1384 338 1616 409 Ἡρακλείου
1637 341 1732 383 νέου

281 399 592 442 Κωνσταντίνου
607 401 680 439 τοῦ
685 394 983 466 Θεοφυλᾶκτου
1001 395 1128 440 αὐτοῦ
1144 399 1239 441 υίοῦ
1255 399 1367 448 ἔτους
1386 395 1433 449 α’,
1462 413 1542 439 των
1556 398 1733 439 αἰωνίων

281 452 531 510 Αὕγούστων
551 454 620 495 καὶ
643 450 957 508 αυτοκρατὸρᾌων

393 525 433 563 p.
458 513 510 552 10
530 524 569 549 v.
592 511 631 551 8.
688 509 763 564 τήν
784 510 987 565 θυγατέρα
1007 508 1077 563 δὲ]
1105 517 1306 564 quaenam
1335 509 1434 548 haec
1461 510 1634 547 Heraclii
1653 509 1734 548 filia

161 565 190 599 P
214 565 262 600 62
286 566 502 618 Gregoria‘?
533 566 710 606 Eudocia
731 567 894 620 quidem
911 569 1069 606 nonnisi
1088 567 1187 607 duos
1207 569 1388 605 Heraclio
1407 567 1552 604 liberos
1569 567 1733 618 peperit,

280 623 549 677 Epiphaniam
573 631 611 662 et
636 625 863 663 Heraclium
886 626 1103 674 iuniorem,
1134 624 1332 677 siquidem
1355 622 1496 662 Indict.
1524 622 1597 671 14,
1629 635 1665 660 a.
1689 624 1734 661 C.

280 683 385 730 610,
415 693 505 718 cum
529 679 728 730 Eudocia,
754 692 880 734 *quam
901 688 1016 718 antea
1039 679 1321 732 desponderat,
1354 682 1514 731 nuptias
1532 679 1736 717 Heraclius

280 738 385 774 iniit.
444 736 584 774 eadem
618 737 783 786 Indict.,
813 737 885 776 sed
909 750 949 775 a.
978 738 1082 785 611,
1111 738 1204 775 Iulii
1226 739 1275 786 7,
1305 738 1478 775 nascitur
1497 734 1734 787 Epiphania,

282 801 327 830 ut
355 795 474 831 etiam
498 793 695 832 Aiexand.
724 792 870 833 Chron.
892 792 1026 832 habet.
1082 793 1224 832 Indict.
1251 793 1323 842 15,
1351 805 1387 830 a.
1409 794 1512 840 612,
1541 799 1658 830 natus
1677 798 1738 830 est

282 851 489 887 Heraclius
520 852 664 889 iunior.
720 850 897 889 Eudocia
922 856 1062 903 quarto
1086 857 1224 903 postea
1244 863 1379 888 mense
1403 850 1581 886 moritur.
1636 850 1738 900 Epi-

282 904 432 967 phania
469 919 585 957 porro
626 905 766 945 eadem
810 914 849 946 et
886 906 1065 945 Eudocia
1098 914 1258 955 vocata,
1301 906 1420 944 Alex.
1452 903 1597 943 Chron.
1624 911 1737 952 teste,

284 965 406 1014 quam
440 964 646 1002 Heraclius
674 965 899 1002 'furcarum
925 964 1095 1016 principi
1125 961 1399 1015 desponderat.
1467 960 1739 999 emendandus

281 1020 404 1069 igitur
427 1018 493 1056 hic
521 1021 651 1069 locus,
684 1027 723 1058 et
749 1017 907 1073 Νικήτα
934 1035 1004 1061 του
1031 1034 1108 1071 την
1136 1016 1252 1068 «ἰξίαν
1274 1018 1482 1071 πατρικίου
1508 1016 1739 1068 legendum.

283 1076 516 1125 Gregoiiam
534 1078 694 1114 Nicetae
713 1078 786 1117 τοῦ
805 1079 988 1130 Γρηγορᾶ
1004 1076 1128 1113 filiam
1145 1077 1399 1113 Constantino
1420 1074 1501 1111 filio
1521 1072 1685 1111 adhuc
1673 1086 1740 1111 m·

280 1131 382 1168 fanti
402 1129 625 1182 despondit.
684 1130 805 1196 quod
810 1142 863 1170 ex
881 1146 923 1182 p.
941 1131 996 1174 24
1028 1133 1079 1171 19
1100 1130 1219 1168 huius
1237 1130 1329 1166 libri
1349 1131 1603 1180 perspicuum
1623 1135 1695 1167 est.

364 1217 366 1219 .
393 1185 447 1223 ib.
469 1198 509 1223 v.
531 1188 595 1226 12.
652 1189 726 1226 τοῦ
752 1181 908 1239 φόρου]
938 1187 1093 1236 insigne
1119 1185 1199 1224 hoc
1226 1186 1357 1223 forum
1374 1198 1468 1236 prae
1490 1186 1629 1223 ceteris
1647 1186 1740 1223 fuit.

281 1242 325 1280 in
355 1240 615 1293 descriptione
645 1237 876 1294 Cpolitanae
901 1242 1012 1279 urbis
1017 1214 1058 1284 04
1077 1242 1165 1280 fora
1186 1249 1457 1280 numerantur.
1514 1242 1617 1279 inter
1638 1254 1740 1294 quae

283 1299 656 1337 Constantinianum
670 1300 910 1337 nominatim
930 1305 1132 1348 censetur,
1167 1300 1327 1350 regione
1349 1300 1374 1338 6
1396 1304 1434 1335 et
1451 1299 1490 1338 8.
1546 1296 1742 1336 Theodo-

283 1356 441 1393 sianum
467 1357 565 1393 item
592 1356 753 1406 regione
782 1355 828 1403 5,
867 1356 910 1393 in
942 1367 1021 1407 qua
1050 1361 1088 1393 et
1117 1362 1253 1406 portus
1283 1354 1576 1403 Prosforianus‚
1621 1367 1742 1406 quem

283 1407 366 1451 ἄπο
395 1414 467 1462 τῆς
493 1414 728 1465 προσφορᾶς
756 1384 957 1449 deducunt
976 1412 1172 1450 nonnulli.
1228 1409 1320 1450 vide
1341 1424 1438 1448 num
1458 1423 1510 1447 ex
1530 1423 1576 1448 eo
1595 1423 1742 1448 nomen

281 1467 387 1505 illud
413 1468 646 1517 obtinuerit,
677 1467 785 1520 quod
815 1469 947 1506 forum
974 1469 1199 1519 respiceret.
1256 1465 1559 1535 Theophanes’
1547 1480 1589 1504 111
1608 1479 1644 1504 a.
1661 1468 1741 1505 Co-

281 1525 468 1575 pronymi
490 1526 566 1566 13:
597 1521 778 1577 ἀνῆλθεν
809 1520 831 1565 ὅ
865 1521 1051 1578 βασιλευς
1071 1523 1115 1565 ἐν
1134 1526 1193 1579 τῷ
1214 1519 1331 1577 φόρῳ
1351 1521 1427 1564 συν
1449 1525 1505 1578 τῷ
1526 1526 1743 1563 Κωνσταν-

281 1580 379 1619 τίνω
401 1582 454 1634 τῷ
478 1577 623 1635 ἀνιέρῳ
645 1579 838 1634 προέὸρῳ.
896 1581 1152 1631 curopalates
1172 1580 1242 1617 lib.
1263 1579 1311 1616 de
1334 1579 1432 1617 Off.:
1461 1595 1560 1618 κατα
1576 1577 1649 1630 μὲν
1666 1577 1742 1630 τὴν

282 1633 445 1688 πρώτην
462 1639 535 1675 τοῦ
554 1637 851 1704 Σεπτεμβρίου,
879 1651 951 1675 του
977 1633 1221 1702 πατριάρχου
1239 1649 1334 1687 μετα
1355 1635 1550 1682 λιτανείας
1571 1634 1637 1674 καὶ
1657 1637 1743 1675 ταῖν

284 1690 412 1744 αγίων
446 1686 614 1731 εἰκόνων
638 1691 695 1739 εἰς
720 1688 763 1731 τὸ
781 1693 1023 1757 πορφυροῦν
1049 1687 1203 1731 κιόνιον
1228 1688 1573 1759 παραγενομένου,
1603 1686 1673 1741 ἐφ’
1692 1685 1743 1731 ου

285 1763 307 1788 0
331 1744 499 1797 σταυρος
516 1746 691 1796 ἵσταται,
720 1743 741 1787 ὃ
762 1742 887 1786 πάλαι
905 1742 1037 1815 φόρον
1055 1745 1251 1795 ἐκαλεῖτο,
1283 1742 1489 1813 απέρχεται
1506 1744 1528 1787 ὁ
1546 1743 1743 1798 βασιλεύς.

287 1802 489 1841 Cedrenus
519 1804 562 1840 in
594 1804 875 1841 Constantino.
905 1801 971 1843 και
994 1799 1060 1843 τὸν
1082 1799 1213 1869 φόρον
1235 1801 1361 1843 ἔκτισε
1384 1817 1480 1854 μετα
1505 1817 1549 1870 γε
1569 1805 1649 1843 τῶν
1668 1800 1742 1844 δυο

286 1855 470 1929 μεγάλων
503 1855 699 1912 ἐμβόλων,
736 1858 805 1900 καὶ
834 1858 878 1899 ἒν
910 1854 1019 1914 αυτῷ
1045 1861 1100 1914 τῷ
1131 1854 1248 1913 φόρῳ
1278 1859 1395 1899 κίονα
1426 1854 1648 1910 μονόλιθον
1675 1858 1745 1901 καὶ

286 1912 571 1969 ὁλοπόρφυρον
598 1914 957 1967 ἐστησεν.1“01·11111
976 1899 1052 1953 hoc
1072 1900 1194 1966 igitur
1214 1916 1581 1953 Constantinianum
1598 1915 1688 1953 fuit.

401 1971 455 2009 ib.
478 1985 517 2010 v·
536 1970 602 2012 14.
663 1969 849 2039 Χοσρόης
872 1969 940 2024 δὲ]
971 1985 1072 2024 quae
1100 1970 1149 2009 de
1177 1971 1287 2010 Saito
1311 1978 1520 2009 narrantur
1544 1970 1743 2020 hocloco,
1812 1964 1816 1967 ⁴

285 2028 358 2066 vix
374 2034 433 2066 est
450 2035 495 2066 ut
511 2035 659 2066 certam
678 2029 728 2067 iis
746 2030 789 2066 in
809 2041 1002 2066 annorum
1021 2027 1160 2066 ordine
1178 2027 1315 2066 sedem
1335 2028 1537 2066 attribuas.
1597 2029 1745 2065 etenim

285 2083 488 2122 cedrenus
522 2097 625 2123 anno
655 2085 830 2123 Heraclii
859 2088 911 2126 12
940 2085 1096 2123 Saitum
1123 2083 1251 2132 hunc,
1281 2097 1401 2136 quem
1421 2080 1538 2135 Σοῖην
1556 2084 1743 2135 appellat,

285 2154 310 2178 a
333 2139 507 2179 Chosroe
528 2143 696 2179 missum
717 2140 769 2179 ad
788 2140 1082 2179 Chalcedonem
1106 2142 1326 2178 exercitum
1348 2138 1563 2177 adduxisse
1585 2152 1631 2177 ac
1653 2153 1744 2177 cum

285 2197 522 2248 imperatore
553 2198 793 2235 collocutum
821 2210 907 2235 esse
935 2198 1090 2245 scribit,
1123 2210 1213 2234 cum
1242 2194 1383 2233 eodem
1403 2208 1504 2233 anno
1525 2194 1674 2247 pascha
1694 2196 1742 2234 ab

285 2254 470 2290 Heraclio
505 2253 745 2290 celebratum
775 2260 891 2291 esset.
951 2251 1060 2305 quod
1083 2251 1246 2304 quidem
1266 2253 1309 2289 in
1327 2253 1484 2302 magnis
1505 2253 1586 2290 illis
1604 2254 1745 2290 Anna-

286 2309 392 2347 libus
419 2308 617 2346 confertur
645 2310 687 2346 in
712 2322 861 2346 annum
887 2307 1032 2346 christi
1053 2310 1148 2349 621.
1206 2315 1288 2346 erat
1307 2307 1475 2346 Indictio
1499 2309 1572 2357 10,
1603 2321 1684 2346 non
1703 2311 1742 2357 9,

285 2372 331 2402 ut
347 2366 431 2402 illic
450 2366 641 2416 scriptum
658 2371 731 2403 est.
783 2363 889 2416 apud
906 2362 1198 2416 Theophanem
1216 2363 1265 2402 de
1286 2365 1363 2403 Sae
1378 2365 1598 2416 legatisque
1617 2365 1743 2402 tribus

285 2421 340 2456 in-
363 2422 563 2458 Orientem
593 2422 724 2459 missis
757 2421 923 2459 verbum
953 2422 1125 2459 nullum.
1183 2420 1500 2459 Alexandrinum
1518 2419 1743 2458 chronicon

287 2477 532 2529 colloquium
553 2476 630 2515 hoc
649 2491 740 2515 cum
764 2478 842 2515 sae
862 2484 980 2530 atque
1005 2478 1180 2515 Heraclii
1198 2478 1439 2528 legationem
1459 2475 1510 2514 ad
1527 2475 1744 2514 chosroem

285 2538 397 2570 notat
418 2532 560 2571 Indict.
579 2533 627 2583 4,
658 2535 732 2572 etsi
750 2532 981 2572 Indictionis
1000 2536 1025 2575 3
1047 2534 1196 2572 lemma
1219 2533 1442 2601 praefixum
1463 2534 1526 2570 sit.
1586 2533 1744 2571 subiicit

286 2589 419 2626 enim:
437 2585 576 2658 τούτῳ
605 2593 675 2658 τῷ
691 2590 767 2630 ἔτει
796 2588 862 2631 ἐπὶ
889 2590 1060 2643 Σεργίου
1090 2604 1332 2643 πατριαρχου
1359 2584 1746 2630 Κωνσταντινουπᾶ-

285 2645 385 2692 λεως
420 2640 499 2685 α’πό
535 2646 606 2696 τῆς
638 2642 675 2686 α’
705 2641 928 2699 ἓβδομαδος
962 2649 1044 2686 τῶν
1072 2658 1275 2698 ,νηστειων
1306 2645 1445 2686 ίνδικτ.
1478 2642 1514 2685 δ’
1541 2651 1614 2683 etc.
1672 2643 1745 2684 sed

285 2700 412 2739 multa
443 2699 580 2739 ordine
614 2715 685 2741 suo
713 2704 852 2741 luxata
878 2708 918 2740 et
945 2703 1084 2741 alienis
1111 2703 1236 2740 titulis
1263 2702 1483 2753 subscripta
1506 2708 1598 2739 sunt
1623 2702 1667 2739 in
1695 2713 1742 2739 eo

289 2754 487 2796 chronico.
544 2758 710 2809 proinde
734 2766 839 2798 totus
862 2756 929 2796 hic
945 2759 1056 2797 locus
1074 2755 1201 2812 τούτῳ
1224 2760 1281 2812 τῷ
1303 2756 1376 2798 ἔτει
1397 2757 1460 2798 ἐπὶ
1478 2757 1647 2811 Σεργίου
1666 2772 1744 2798 πα-

288 2809 475 2867 τριάρχου
496 2819 570 2852 etc.
595 2827 635 2865 p.
657 2817 738 2857 882
768 2815 819 2853 ad
845 2813 986 2854 Indict.
1015 2799 1246 2868 sequentem
1254 2799 1502 2852 referendus
1528 2820 1608 2863 est,
1641 2826 1742 2867 quae
