1890 3224
0 2810 7 2840 r·
0 2706 7 2786 u--v
0 2680 5 2686 1
0 2614 3 2635 -‹

379 205 457 250 DE
489 205 671 251 REBUS
703 206 850 251 POST
878 206 1200 252 MAURJCIUM
1224 206 1433 253 GESTIS.
1574 209 1639 256 19

177 335 222 364 τε
243 321 300 372 εἷς
313 319 386 376 τὴν
396 320 604 379 Περσικὴν
623 320 823 376 εἷσβα-λὼν
841 318 917 372 τάς
932 339 975 364 τε
993 319 1131 372 πόλεις
1149 319 1323 380 καθῄρει
1341 322 1409 365 καὶ
1425 320 1478 365 τὰ
1495 328 1640 380 πυρεῖα

179 389 423 448 διέπρεψεν.
494 390 561 448 ἐφ’
593 388 680 440 ἑνὸς
708 391 752 433 δὲ
785 388 938 433 τούτων
968 389 1132 448 εὕρηται
1151 389 1347 448 Χοσρόης
1375 389 1520 434 ἑαυτὸν
1537 395 1640 434 θεο-

178 457 365 513 ποιήσας.
434 458 476 500 ἓν
499 463 550 516 τῇ
580 457 725 500 τούτου
755 459 873 515 στέγῃ
903 457 1047 502 ἑαυτὸν
1077 458 1314 515 καθήμενον
1335 457 1390 510 ὥς
1413 459 1455 502 ἓν
1477 460 1639 518 οὐρανῷ

178 526 474 582 ἅνεστήλωσεν,
510 526 722 582 ἀστραπὰς
741 529 806 569 καὶ
829 527 944 582 ἣλιον
963 529 1030 570 καὶ
1053 527 1222 584 σελήνην
1243 526 1639 584 συγκατασκευάσας,

143 602 168 638 5
181 595 371 652 ἀγγέλους
391 600 657 652 περιεστῶτας
675 596 807 654 αὐτῷ,
845 598 911 638 καὶ
938 596 1114 653 βροντὴν
1132 597 1200 639 διὰ
1220 601 1411 653 μηχανῆς
1426 603 1552 639 ποιεῖν
1571 597 1641 639 καὶ

177 662 261 706 ὕειν
278 662 428 706 ὁπόταν
447 661 667 719 θελήσειεν.
702 669 820 707 τοῦτο
839 664 885 707 τὸ
903 666 1110 721 βδέλυγμα
1130 664 1386 720 θεασάμενος
1399 663 1642 723 ιΗράκλειος

180 733 236 782 εἷς
266 737 343 788 γῆν
377 733 595 789 κατέρριψε
625 734 693 775 καὶ
724 731 780 784 ὥς
805 733 1011 790 κονιορτὸν
1044 735 1212 777 διέλυσε.
1279 732 1476 791 Χοσρόης
1505 735 1639 776 τοίνυν
1662 733 1694 768 Β

179 799 359 851 ἀκούσας
391 800 444 844 τά
475 818 516 844 τε
554 800 659 843 ἄλλα
689 800 820 845 πάντα
841 804 908 844 καὶ
931 801 987 853 ὥς
1007 806 1185 860 Τοῦρκοι
1207 807 1491 857 συμμαχοῦσιν
1503 800 1641 859 ζΗρα-

178 870 317 926 κλείῳ,
352 871 457 924 δῆλα
484 870 604 912 ἐποίει
629 868 760 912 πάντα
782 870 849 912 διὰ
867 875 1028 928 γραφῆς
1047 876 1108 929 τῷ
1129 869 1361 930 Σαρβάρῳ,
1396 872 1463 913 καὶ
1485 869 1542 920 ὥς
1563 888 1639 913 τα-

123 941 170 978 10
175 937 281 991 χέως
307 937 411 995 πρὸς
439 937 562 980 αὐτὸν
586 939 631 980 ἐκ
661 943 734 993 τῆς
754 936 980 994 Ῥωμαϊκῆς
1002 938 1286 996 ἀναζευγνύναι
1307 941 1375 982 καὶ
1395 937 1641 996 εΗροίκλειον

176 1004 438 1059 ἀμύνασθαι·
472 1007 576 1060 μηδὲ
597 1005 674 1062 γὰρ
696 1005 900 1049 δύνασθαι
916 1011 976 1064 τῷ
993 1006 1141 1061 πλήθει
1169 1013 1226 1065 τῷ
1253 1009 1401 1050 ἐκείνου
1426 1008 1642 1050 ἀντικαθί-

176 1078 371 1117 στασθαι.
439 1073 485 1116 τὸ
511 1075 555 1116 δὲ
571 1072 741 1131 γράμμα
761 1076 1000 1132 περιτραπέν
1024 1073 1254 1133 Ἠρακλείῳ
1279 1065 1546 1133 ἐγχειρίζεται.
1617 1072 1640 1117 ὅ

177 1142 222 1184 δὲ
244 1146 363 1184 τοῦτο
395 1142 591 1198 ἀναγνοὺς
619 1148 747 1184 ταῦτα
779 1144 852 1197 μὲν
878 1142 1136 1199 ἓξηφάνισεν,
1172 1143 1312 1202 ἑτέραν
1334 1145 1379 1186 δὲ
1399 1144 1564 1201 γραφὴν
1584 1141 1641 1193 ὥς

177 1209 257 1252 ἀπὸ
288 1208 482 1267 Χοσρόου
513 1209 774 1265 σκηψάμενος
806 1216 863 1269 τῷ
891 1211 1099 1268 Σαρβάρῳ
1132 1213 1356 1263 ἐκτίθεται,
1404 1217 1456 1268 τῇ
1490 1213 1640 1254 ἐκείνου

122 1283 166 1319 15
179 1281 372 1336 σφραγῖδι
383 1277 677 1334 σημηνάμενος,
703 1278 875 1333 ἔχουσαν
891 1278 1019 1329 οὕτως
1030 1277 1083 1321 “ὁ
1097 1278 1483 1337 ΚαΐσαρῬωμαίων
1502 1282 1642 1337 φιλίαν

174 1347 279 1402 μετὰ
302 1345 499 1404 Τούρκων
528 1348 735 1390 ἐσπείσατο
763 1349 830 1389 καὶ
859 1349 1023 1403 εἰσῆλθε
1053 1347 1172 1405 μέχρι
1203 1352 1278 1390 τοῦ
1294 1345 1637 1404 Ἀδορυαδιγάνου
1660 1350 1693 1387 C

175 1415 424 1470 καλουμένου
442 1414 568 1458 τόπου
580 1448 593 1467 ,
628 1418 694 1457 καὶ
717 1414 778 1457 ὅτι
795 1416 961 1470 πέμψας
980 1417 1173 1473 στρατιὰν
1192 1415 1286 1459 κατ’
1310 1415 1437 1458 αὐτοῦ’
1455 1415 1579 1460 αὖτόν
1596 1433 1641 1459 τε

175 1485 244 1526 καὶ
272 1484 368 1534 τοὺς
387 1482 600 1541 Τούρκους
622 1482 815 1536 διώλεσα,
852 1484 891 1526 οἳ
921 1485 965 1526 δὲ
996 1485 1321 1543 περιλειφθέντες
1349 1483 1510 1542 ἔφυγον.
1579 1484 1640 1540 μὴ

177 1547 249 1594 οὖν
269 1550 430 1609 ἆπάρῃς
445 1553 489 1594 ἐκ
506 1556 580 1606 τῆς
594 1550 803 1606 Ῥωμαίων
820 1557 907 1608 γῆς,
932 1552 1037 1594 ἀλλὰ
1058 1558 1111 1609 τῇ
1127 1552 1363 1608 Καλχηδόνι
1383 1553 1640 1610 προσέδρευε,

120 1618 395 1675 ΞΟῬωμαίους
419 1619 731 1674 αι’χμαλωτεύων
751 1622 818 1662 καὶ
839 1619 1114 1675 ληίζόμενοςῇυ
1169 1624 1237 1665 καὶ
1258 1619 1480 1681 Σάρβαρος
1497 1622 1573 1677 μὲν
1590 1620 1639 1664 τὸ

173 1687 346 1748 γράμμα
362 1687 578 1743 δεξάμενος
598 1693 673 1743 τῆς
687 1690 930 1745 προσεδρίας
947 1689 1084 1743 εἴχετο.

268 1853 292 1889 7
313 1847 390 1897 ὥς]
413 1849 467 1893 εἰς
484 1849 667 1887 Petavius.
806 1848 852 1886 14
868 1847 1081 1886 ἐπιτίθει-ατί)
1220 1851 1265 1886 17
1283 1847 1382 1886 καθ’
1400 1846 1523 1886 αὐτοῦ
1546 1849 1577 1884 Ρ

176 2011 254 2035 cum
286 1998 375 2033 duce
406 1996 612 2044 imperatori
639 1996 800 2032 tradidit.
847 1995 1051 2042 quibuscum
1070 1995 1109 2031 in
1125 1995 1308 2032 Persidem
1334 1995 1472 2031 irruens
1505 1996 1637 2043 oppida

176 2044 352 2081 subvertit
378 2047 483 2090 atque
500 2043 601 2088 *ignis
622 2043 767 2078 delubra
787 2042 992 2089 prosternit.
1040 2042 1160 2076 horum
1184 2042 1223 2076 in
1242 2053 1312 2076 uno
1334 2041 1503 2077 Chosrois
1526 2043 1635 2077 simu-

173 2091 305 2126 lacrum
333 2089 468 2136 reperit
493 2089 613 2124 divino
638 2089 762 2124 habitu
784 2094 1035 2123 consecratum.
1082 2087 1216 2122 namin
1235 2087 1336 2122 huius
1354 2093 1448 2122 tecto
1468 2093 1636 2134 tanquam

175 2138 214 2172 in
237 2136 333 2171 caelo
356 2137 504 2182 quodam
526 2136 706 2170 sedentem
732 2146 772 2169 se
792 2134 1037 2169 collocaverat.
1083 2145 1272 2179 expressae
1289 2134 1419 2168 circum
1441 2140 1543 2168 erant
1564 2133 1636 2168 ful-

176 2194 299 2228 gurum
317 2194 358 2216 ac
381 2181 466 2216 solis
488 2186 525 2215 et
546 2181 648 2216 lunae
669 2180 820 2226 species,
843 2180 1087 2214 circumstante
1109 2179 1309 2224 angelorum
1331 2181 1447 2213 turba.
1497 2185 1637 2224 praeter

178 2229 266 2262 haec
288 2227 446 2262 machina
474 2233 551 2262 erat
575 2239 643 2272 qua
664 2226 825 2271 fulmina,
858 2237 933 2260 cum
952 2225 1078 2269 vellet,
1111 2233 1172 2259 aut
1188 2225 1330 2279 pluvias
1354 2225 1520 2260 mitteret.
1567 2225 1635 2260 hoc

177 2271 418 2308 detestandum
441 2280 630 2307 monstrum
653 2272 875 2317 conspicatus
898 2271 1084 2306 Heraclius
1105 2271 1199 2305 humi
1221 2271 1344 2305 deiicit
1377 2276 1415 2305 et
1442 2271 1479 2304 in
1510 2270 1638 2316 pulve-

176 2331 251 2355 rem
269 2318 481 2352 comminuit.
528 2324 710 2364 postqum
725 2318 899 2352 Chosroes
924 2329 999 2352 cum
1024 2317 1092 2351 alia
1114 2317 1229 2351 omnia
1246 2317 1426 2362 comperit,
1450 2323 1523 2351 tum
1538 2317 1635 2351 Tur-

176 2377 237 2399 cas
260 2366 304 2399 ab
322 2363 486 2398 Heraclio
510 2364 547 2398 in
569 2363 772 2398 societatem
789 2369 964 2410 receptos,
986 2363 1031 2397 de
1050 2363 1104 2397 his
1123 2363 1309 2397 certiorem
1326 2375 1391 2408 per
1409 2363 1531 2397 literas
1546 2363 1636 2397 Sar-

174 2412 298 2446 barum
319 2410 460 2453 reddit,
494 2421 536 2443 ac
562 2420 665 2454 quam
693 2408 871 2444 celerrime
895 2422 939 2443 ex
961 2409 1194 2444 Romanorum
1218 2409 1346 2442 finibus
1370 2408 1415 2441 ad
1437 2419 1476 2442 se
1501 2407 1636 2442 reverti

173 2457 274 2491 iubet
293 2461 330 2491 et
346 2455 512 2490 Heraclio
535 2455 654 2500 copias
674 2466 754 2489 suas
778 2466 976 2500 opponere:
1010 2466 1124 2500 neque
1149 2455 1240 2488 enim
1262 2466 1301 2488 se
1323 2453 1417 2488 illius
1441 2453 1634 2488 exercitum

175 2503 348 2537 sustinere
376 2513 494 2548 posse.
542 2502 608 2535 hae
634 2512 739 2545 porro
770 2499 892 2534 literae
914 2500 952 2533 in
972 2500 1099 2534 itinere
1120 2500 1338 2544 interceptae
1362 2500 1407 2533 ad
1430 2498 1634 2534 Heraclium

175 2547 312 2583 delatae
326 2554 427 2589 sunt3
450 2547 577 2593 quibus
598 2545 657 2580 ille
676 2545 841 2591 perlectis
866 2551 902 2580 et
922 2545 1120 2590 suppressis
1143 2545 1229 2579 alias
1252 2551 1415 2589 tanquam
1435 2556 1458 2579 a
1474 2545 1635 2579 Chosroe

177 2593 300 2628 missas
321 2593 528 2639 supposuit,
557 2597 594 2628 et
614 2591 706 2626 illius
731 2590 846 2635 sigillo
869 2591 1072 2635 obsignatas
1095 2592 1139 2626 ad
1157 2592 1346 2625 Sarbarum
1368 2590 1482 2635 misit,
1505 2590 1634 2634 quibus

179 2651 223 2673 ea
244 2639 522 2683 continebantur,
543 2640 776 2674 Romanorum
798 2636 1041 2682 imperatorem
1061 2647 1137 2671 cum
1156 2636 1284 2671 Turcis
1302 2635 1486 2670 amicitiam
1509 2635 1634 2669 iniisse

180 2689 217 2719 et
235 2684 540 2729 Adoryadiganum
559 2696 670 2730 usque
693 2683 910 2729 pervenisse,
935 2694 1035 2727 quem
1057 2682 1162 2716 misso
1181 2694 1202 2715 a
1220 2693 1259 2715 se
1277 2682 1432 2716 exercitu
1450 2693 1525 2715 cum
1536 2682 1634 2714 Tur-

180 2729 232 2764 cis
258 2742 337 2764 esse
360 2730 594 2775 profligatum,
615 2730 770 2774 reliquos
792 2729 877 2772 fuga
894 2728 963 2762 sibi
983 2727 1210 2762 consuluisse.
1281 2729 1478 2762 uamobrem
1500 2724 1635 2760 hortari

179 2787 225 2810 ne
256 2788 300 2810 ex
317 2775 550 2810 Romanorum
585 2787 669 2820 agro
693 2774 882 2809 exercitum
906 2778 1142 2819 transportet,
1175 2772 1238 2806 sed
1290 2772 1513 2807 alchedonem
1537 2770 1635 2804 obsi-

179 2822 265 2856 dere
299 2832 341 2855 ac
372 2821 549 2855 Romanos
577 2832 704 2867 capere
733 2819 965 2866 praedarique
992 2823 1131 2867 pergat.
1177 2816 1306 2865 quibus
1333 2817 1489 2865 acceptis
1522 2814 1634 2851 literis

179 2867 354 2904 sarbarus
376 2867 498 2903 eodem
517 2866 556 2903 in
577 2865 655 2903 loeo
676 2865 849 2902 substitit.
