1890 3224
257 144 350 190 110
578 145 855 200 QUERCIUS
887 145 953 200 ΙΝ
980 143 1380 188 EXPEDITIONIS

253 255 428 293 imitatus
453 252 587 292 dIcens
613 254 661 291 de
670 253 830 303 finibus
852 252 923 290 lib.
945 255 995 293 2:
1023 260 1070 291 ut
1089 254 1125 291 si
1146 253 1295 291 Xerxes
1312 266 1403 292 cum
1422 256 1541 292 tantis
1562 255 1701 305 copiis,

254 311 511 362 Hellesponto
526 312 677 356 zaneto,
699 309 861 347 Athone
869 309 1067 360 peJJbSSO,
1091 311 1221 347 maria
1239 309 1522 348 ambulavisset
1537 318 1704 348 terram-

257 381 331 420 que
350 369 589 418 navigasset.
651 365 723 404 sed
741 372 914 404 revertor
931 364 982 403 ad
998 365 1184 415 Suidam,
1213 367 1279 404 vel
1300 367 1432 417 potius
1447 366 1521 404 ad
1510 374 1704 419 interpre-

256 432 359 472 tem,
395 436 517 475 quem
551 436 646 461 sane
674 424 826 460 nollem
852 438 900 462 τα
933 422 1078 476 ῥεῖθρα
1104 423 1266 461 vertisse
1273 424 1443 473 fluvws
1472 430 1582 474 patet
1598 425 1706 462 enim

255 479 434 519 Pisidam
450 492 531 517 non
548 480 711 529 fluvios,
742 478 858 518 sed‘
833 494 1007 532 ρευματα
1024 481 1145 518 maris
1165 480 1304 517 fluctus
1322 478 1389 517 hio
1407 477 1595 517 indicare.

366 537 461 578 313.
518 533 638 574 huius
667 531 910 583 ἀντιθέσεως
937 536 1020 573 vim
1048 537 1142 574 satis
1170 550 1251 574 non
1280 547 1486 589 assequor:
1517 542 1708 588 quantum

259 592 366 631 enim
393 590 575 643 ἔκπληξις
607 599 647 630 et
681 592 870 644 ἐκπληξία
899 593 1002 629 inter
1027 606 1069 630 se
1099 592 1303 641 differant,
1341 606 1423 631 11011
1447 591 1587 641 video,
1618 605 1709 630 cum

258 649 370 687 nulla
390 648 486 686 alibi
503 647 623 687 huius
641 650 750 688 vocis
770 648 958 699 ἔκπληξία
979 656 1139 687 exstant
1158 650 1356 701 exempla.
1413 662 1553 688 verum
1572 649 1606 687 si
1626 655 1709 687 sta-

257 713 416 743 tuamus
450 704 663 757 ἐκπληξίαν
694 705 804 744 idem
833 719 919 743 esse
948 718 993 743 ac
1023 705 1261 758 ἐμπληξίαν,
1311 718 1433 758 quam
1460 704 1595 743 dicunt
1624 718 1710 743 esse

258 761 626 812 obstupe-scentiam,
653 763 838 800 morbum
856 763 1005 800 scilicet
1024 775 1102 814 quo
1123 764 1211 815 quis
1233 770 1394 814 repente
1413 763 1617 814 perculsus
1637 774 1712 798 nec

259 817 369 855 videt
392 831 467 855 nec
488 818 621 867 audit,
652 832 791 857 sensus
818 820 910 867 erit,
939 819 1274 857 Lacedaemonios
1298 826 1337 857 et
1357 820 1526 857 Graecos
1545 818 1711 855 immani

260 875 404 912 bellico
424 882 615 944 apparatu
633 877 779 913 Xerxis
795 889 877 913 non
897 876 1019 913 fuisse
1039 877 1194 914 territos
1215 875 1286 914 sed
1308 876 1614 927 obstupefactos.

375 932 472 972 315-
530 927 827 985 οῗντοροθετεῖν,
858 945 911 969 ex
931 928 1043 981 ἄντί,
1073 929 1164 998 όρος
1186 939 1225 969 et
1244 932 1409 984 τίθημι,
1439 938 1498 969 est
1508 932 1619 980 fines
1647 931 1713 968 vel

264 988 448 1025 terminos
471 1001 604 1026 rerum
629 989 822 1026 stabilitos
849 989 1017 1025 inverter
1017 1002 1053 1036 e;
1087 990 1143 1027 sic
1165 987 1360 1042 ὅροθεσία
1384 995 1443 1026 est
1461 988 1715 1025 terminorum

262 1043 376 1093 desig
353 1045 501 1090 amatio,
531 1040 798 1098 ἄντοροθεσία
819 1051 922 1082 esset
939 1046 1199 1082 terminorum
1218 1044 1444 1083 destructio.
1482 1042 1574 1082 vide
1591 1056 1716 1094 supra

263 1098 316 1136 ad
336 1112 375 1136 v.
396 1100 478 1142 310
502 1101 773 1138 testimonium
792 1102 994 1146 Isocratis,
1025 1100 1077 1134 ad
1103 1099 1213 1149 quod
1235 1099 1394 1135 videtur
1422 1099 1559 1135 Pisida
1584 1101 1717 1136 inten-

264 1154 383 1193 disse.
1038 1157 1041 1161 '

379 1214 476 1253 317.
535 1209 584 1248 de
625 1223 751 1262 aqua,
793 1221 914 1262 quam
939 1211 1084 1247 Persae
1112 1216 1157 1247 ut
1184 1207 1305 1247 deum
1329 1209 1533 1259 colebant,
1569 1209 1718 1249 videsis

266 1267 437 1306 Acroas.
464 1268 488 1306 1
519 1269 586 1308 32.
643 1263 754 1319 υδωρ
783 1263 952 1319 πάτριον
983 1272 1087 1303 recte
1115 1272 1232 1305 vocat
1260 1265 1418 1304 Pisida.
1457 1279 1554 1303 nam
1574 1268 1720 1305 Persae

268 1325 395 1362 solem
417 1330 455 1360 et
475 1323 636 1372 lunam,
665 1324 803 1374 ignem
822 1330 860 1360 et
878 1336 1043 1375 aquam,
1072 1329 1118 1360 ut
1142 1320 1267 1371 θεους
1294 1317 1502 1377 πατρῴους
1522 1321 1722 1361 habebant

269 1387 309 1417 et
333 1379 584 1419 invocabant.
646 1380 701 1417 ita
732 1381 876 1418 Darius
903 1379 1011 1431 apud
1032 1380 1210 1418 Curtium
1231 1379 1258 1419 4
1290 1382 1363 1421 10:
1392 1379 1452 1416 dii
1463 1379 1609 1430 patrii,
1633 1380 1724 1430 pri-

270 1450 380 1474 mum
408 1436 509 1473 mila·
534 1435 707 1474 stabilite
731 1450 914 1488 regnum.-
946 1436 1104 1482 deinde,
1137 1438 1174 1474 si
1205 1436 1253 1473 de
1276 1449 1337 1473 me
1366 1437 1450 1473 iam
1477 1443 1723 1473 transactum

271 1500 345 1538 est,
369 1506 513 1543 precor
532 1494 670 1545 nequis
686 1493 814 1531 Asiae
830 1507 898 1530 rex
916 1494 968 1531 sit
989 1507 1112 1545 qaam
1129 1494 1201 1530 iste
1221 1499 1304 1530 tam
1323 1493 1450 1530 iustus
1468 1491 1608 1539 hostis,
1641 1499 1725 1530 tam

271 1562 488 1587 masena-ors
507 1550 642 1587 victor.

384 1607 478 1646 318.
537 1619 628 1643 ctun
648 1613 812 1657 pontem
830 1605 873 1642 in
892 1605 1058 1643 traiectu
1080 1604 1329 1670 Hellesponti
1352 1604 1528 1656 primum
1546 1610 1726 1642 constru-

273 1667 382 1699 ctum
400 1668 594 1712 tempesta
612 1661 876 1710 dissolvisset,
910 1658 1022 1701 δεινὰ
1048 1656 1290 1712 ποιούμενος
1311 1659 1476 1712 Ξέρξης,
1504 1667 1550 1698 ut
1569 1661 1623 1697 ait
1643 1662 1728 1697 He-

275 1717 437 1755 rodotus
449 1732 496 1768 Ρ.
519 1721 621 1767 396,
650 1733 720 1758 τον
741 1713 1031 1768 Ἑλλήσποντον
1059 1715 1238 1757 ἐκέλευσε
1265 1718 1494 1769 τριηκοσίας
1519 1714 1728 1757 ἐπικέσθαι

276 1770 437 1828 μάστιγι
455 1769 630 1826 πληγάς,
660 1772 728 1813 καὶ
747 1777 925 1813 κατεῖναι
943 1772 983 1820 ἐς
998 1769 1042 1812 τό
1061 1772 1228 1839 πέλαγος
1245 1773 1395 1814 πεδίων
1413 1775 1559 1825 ζεῦγος.

390 1832 486 1871 320.
542 1832 687 1879 ταῦτα,
716 1830 856 1881 supple
885 1830 942 1877 εἰς
963 1829 1030 1867 vel
1055 1843 1174 1880 μεται
1205 1843 1296 1867 cmn
1325 1830 1433 1867 enim
1459 1831 1614 1868 Xerxes
1637 1842 1730 1867 ver-

276 1885 438 1924 beribus
454 1899 564 1923 mare
584 1887 805 1934 multasset,
824 1887 938 1924 iussit
957 1883 1190 1924 architectos
1209 1887 1354 1924 iterum
1371 1888 1580 1936 iungerent
1590 1887 1730 1923 Helle-

279 1949 479 1994 spontum.
535 1944 670 1995 itaque
690 1944 751 1980 illi
770 1944 903 1981 statim
921 1949 1085 1994 pontem
1101 1941 1242 1981 validis
1264 1943 1517 1980 armamentis
1530 1943 1732 1980 intextum

279 2006 648 2050 superstruxerunt:
678 1996 918 2066 ποιήσαντες
947 1997 991 2039 δὲ
1020 2001 1144 2039 ταῦτα
1171 1995 1274 2051 ν’λην
1298 1995 1565 2064 ἐπεφόρησαν·
1593 1995 1731 2067 κόσμῳ

280 2053 324 2096 δὲ
352 2055 490 2104 θέντες
513 2055 582 2096 καὶ
608 2053 682 2108 τη“ν
710 2052 830 2108 ὕλην,
860 2058 937 2110 γῆν
966 2053 1237 2126 ἐπεφόρησαν’
1268 2050 1558 2103 κατανάξαντες
1587 2052 1631 2095 δὲ
1656 2051 1759 2105 τὴν.

280 2114 358 2165 γῆν
373 2141 383 2161 ,
403 2109 601 2181 φραγμὸν
629 2113 874 2165 παρείρυσαν
903 2112 1024 2152 ἐνθεν
1045 2127 1113 2151 και
1140 2110 1282 2161 ε’νθεν,
1311 2111 1380 2151 ἵνα
1396 2127 1450 2162 μη
1470 2109 1664 2163 φοβέηται
1682 2125 1734 2150 τα

284 2166 482 2222 υποζύγια
511 2183 587 2219 την
612 2166 824 2208 θαλασσαν
847 2167 1108 2220 υπερορωντα
1132 2166 1198 2207 καὶ
1224 2167 1266 2207 οί
1289 2166 1419 2207 ἵπποι.
1476 2165 1576 2205 haec
1603 2169 1733 2204 Hero-

285 2223 399 2262 dotus
423 2240 472 2275 Ρ.
501 2223 603 2271 395;
654 2238 706 2261 ex
740 2225 883 2276 quibus
917 2230 1026 2276 patet
1060 2236 1128 2261 cur
1158 2222 1293 2262 Pisida
1324 2237 1347 2261 a
1372 2225 1546 2262 terrestri
1576 2224 1734 2263 tramite

283 2293 430 2332 aquam
448 2287 597 2318 sectam
613 2280 734 2318 fuisse
754 2279 872 2318 dicat.

395 2339 492 2377 323.
549 2335 640 2373 vide
659 2349 776 2388 supra
792 2338 887 2378 310.

398 2393 494 2433 325.
553 2391 818 2443 expeditionis
843 2393 1024 2431 Persicae
1057 2395 1211 2432 exitum
1238 2394 1441 2432 infelicem
1459 2391 1661 2442 designat:
1691 2397 1735 2428 ut

288 2449 395 2486 enim
414 2449 585 2487 breviter
605 2457 738 2487 narrat
756 2448 951 2487 Diodorus
975 2454 1018 2491 11
1053 2454 1128 2499 36,
1164 2450 1314 2518 Ξέρξης
1335 2446 1566 2501 πυθόμενος
1589 2443 1665 2499 τήν
1695 2461 1736 2487 τε

287 2504 380 2557 περὶ
418 2520 488 2553 τας
525 2503 730 2554 Πλαταίας
761 2500 883 2558 ἧτταν
913 2505 980 2546 καὶ
1007 2522 1082 2558 την
1113 2507 1156 2548 ἐν
1183 2523 1231 2562 τη
1265 2503 1442 2574 Μυκάλῃ
1469 2519 1623 2573 τροπην
1654 2506 1737 2543 τῶν

289 2561 435 2601 ἰδίων
465 2561 832 2614 ..τεθορυβημένος
847 2565 1022 2616 προῆγεν
1043 2561 1109 2604 ἐπ’
1129 2559 1384 2616 Ἐκβατανων
1404 2558 1646 2612 ποιούμενος
1663 2556 1738 2610 τὴν

287 2617 465 2670 πορείαν,
508 2617 579 2655 sed
597 2618 700 2655 illud
718 2632 797 2656 non
817 2625 876 2656 est
892 2618 957 2656 hic
976 2619 1321 2670 praetereundum,
1349 2617 1456 2670 quod
1474 2620 1629 2656 Xerxes
1647 2628 1738 2653 cum

292 2687 346 2711 ex
376 2675 506 2712 Attica
537 2688 608 2725 per
633 2676 839 2713 Boeotiam
865 2674 1118 2713 Thessaliam
1145 2675 1420 2713 Macedoniam
1446 2681 1484 2711 et
1509 2672 1737 2718 Thraciam,

288 2729 429 2770 eadem
462 2732 611 2768 scilicet
643 2745 722 2784 qua
749 2738 911 2769 venerat
943 2734 1028 2780 via,
1063 2731 1115 2770 ad
1147 2727 1450 2783 Hellespontum
1478 2733 1738 2797 properasset,

290 2799 368 2827 nat
370 2800 411 2825 es
432 2786 692 2827 conscendere
719 2795 756 2827 et
777 2787 964 2840 Abydum
981 2790 1160 2827 naiicere
1184 2796 1340 2827 coactus
1358 2795 1439 2826 est:
1469 2785 1539 2834 τοὶς
1558 2781 1633 2839 γὰρ
1653 2795 1740 2837 σχε-
