1890 3224
311 193 408 240 100
923 190 1147 236 PETAVII

312 308 439 341 cetam
462 300 635 339 terrestri
656 300 816 350 itinere,
847 314 937 339 cum
954 303 1136 354 pactione
1156 301 1228 339 illa
1243 307 1287 339 ut
1307 300 1377 354 qui
1394 300 1501 352 prior
1517 301 1758 353 pervenisset

310 359 523 410 imperium
559 355 774 405 obtineret,
815 360 973 397 tametsi
1007 358 1330 411 adstipulatorem
1356 355 1476 395 habet
1502 369 1592 394 cum
1620 356 1759 395 Theo—

311 413 443 467 phane
474 413 546 466 (Ρ.
571 410 653 454 249
680 413 742 464 A)
769 415 989 464 Zonaram,
1028 417 1098 454 vix
1126 421 1185 453 est
1207 421 1252 452 ut
1281 412 1450 452 credam.
1509 425 1628 466 quam
1654 415 1761 450 enim

311 469 478 508 riclicula
500 470 660 506 Nicetae
687 469 881 509 conditio'
914 473 977 509 cui
997 486 1068 524 per
1085 471 1310 523 squalentes
1331 483 1592 536 arenososque
1616 475 1760 507 tractus

311 526 465 564 infinito
492 525 779 577 propemodum
804 529 967 565 circuitu
989 527 1159 579 petenda
1179 528 1312 579 Cpolis
1330 527 1428 575 fuit3
1456 528 1535 564 nisi
1553 524 1660 563 hunc
1677 526 1761 563 for-

313 583 429 621 tassis
445 594 526 620 non
543 583 586 619 iu
607 582 742 620 Africa
760 590 846 621 tum
863 584 1007 632 fuisse,
1035 584 1107 623 sed
1128 582 1371 623 Alexandria
1398 584 1619 634 profectum
1645 580 1762 618 dixe-

312 640 380 677 ris.
438 651 577 677 verum
607 652 657 676 ne
689 640 746 678 sic
777 639 940 692 quidem
965 642 1049 678 sine
1078 641 1245 679 navibus
1274 640 1414 677 urbem
1440 639 1547 676 adire
1576 639 1762 690 potuerit.

313 693 425 733 addit
454 693 725 746 Theophanes
759 697 916 735 Octobri
941 710 1076 736 mense
1105 698 1269 736 solvisse
1296 696 1523 734 Heraclium
1545 708 1597 732 ex
1613 695 1760 742 Africa,

312 764 430 800 anno,
459 758 503 789 ut
517 758 642 803 putat,
673 753 721 790 ab
741 753 833 791 orbe
850 751 1007 791 condito
1026 754 1149 802 6102,
1180 752 1325 791 Christi
1338 765 1431 790 vero
1449 753 1543 799 602,
1569 751 1703 788 Octob.
1721 748 1762 798 4,

311 808 413 845 feria
434 810 481 856 2,
510 807 652 846 Indict.
674 810 740 851 14.
795 823 935 848 verum
951 823 1032 847 non
1053 808 1225 848 secunda
1243 809 1366 857 feria,
1399 807 1470 847 sed
1484 809 1612 859 prima
1631 808 1762 858 potius

312 864 432 901 fuerit
464 865 640 903 Octobris
668 871 827 916 quarto,
859 867 968 917 cyclo
995 867 1089 904 solis
1106 868 1153 915 3,
1181 867 1294 903 litera
1313 864 1418 903 dom.
1435 866 1486 902 D.
1545 862 1763 901 emendan-

315 919 388 958 dus
414 921 535 971 igitur
564 934 617 958 ex
639 921 912 960 Alexandrino
935 920 1150 971 Chronico,
1181 921 1292 990 quod
1307 934 1433 973 nuper
1453 923 1501 958 R.
1521 922 1568 958 P.
1585 918 1764 959 Raderus

193 977 222 1011 P
247 977 292 1012 59
313 983 448 1014 noster
476 976 614 1015 edidit.
675 980 785 1016 cuius
810 977 910 1016 haec
934 979 1054 1016 verba
1076 985 1190 1017 sunt.
1219 975 1345 1032 τούτω
1365 980 1422 1032 τῷ
1444 977 1519 1017 ἔτει
1547 975 1598 1027 (8
1615 976 1764 1014 scilicet

310 1031 492 1084 Phocae)
516 1031 840 1104 ὖπερβερεταίῳ,
878 1032 979 1074 navo?
1002 1033 1214 1086 Ῥωμαίους
1236 1018 1463 1102 Ὀκτωβρίῳ
1485 1029 1536 1102 γ’,
1568 1032 1767 1072 ἰνδικτιοῖ-

311 1104 383 1137 νος
407 1086 470 1136 ιδ’,
499 1086 630 1145 ἡμέρᾳ
653 1086 697 1137 ζ’,
726 1086 1026 1160 οἷναφαίνονται
1049 1093 1168 1130 πλοῖα
1195 1086 1313 1130 ἱκανοὶ
1330 1105 1428 1129 κατα
1450 1103 1493 1128 το
1514 1082 1767 1141 Στρογγυλον

311 1142 545 1196 καστέλλην,
585 1129 628 1186 ἐν
662 1140 780 1192 οἷς
750 1161 805 1195 ην
833 1145 901 1184 καὶ
928 1141 1154 1195 Ἠρακλειος
1191 1143 1215 1184 o‘
1247 1141 1332 1190 υἱὸς
1360 1142 1602 1195 ’.Ηρακλείου
1674 1155 1766 1193 ergo

313 1200 492 1239 Octobris
515 1203 564 1248 3,
593 1200 693 1237 feria
722 1203 748 1241 7
776 1201 949 1238 Heraclii
976 1201 1111 1238 classis
1141 1199 1293 1251 appulit
1318 1198 1369 1237 ad
1387 1199 1594 1238 castellum
1613 1200 1767 1236 Rotun-

314 1255 424 1294 dum.
498 1262 538 1292 at
565 1253 834 1307 Theophanes
863 1258 983 1296 πλοῖα
1009 1252 1298 1306 καστελλόμενα
1322 1263 1456 1304 vocat,
1501 1253 1578 1292 hoo
1607 1262 1685 1304 est,
1723 1261 1768 1292 ut

311 1313 460 1351 Paulus
492 1313 690 1350 Diaconus
723 1312 751 1349 l.
774 1313 824 1353 18
857 1311 1050 1361 reddidit,
1080 1312 1307 1350 castellatas
1334 1313 1417 1350 sive
1447 1312 1609 1349 turritas
1630 1323 1763 1349 naves.

313 1366 480 1420 proinde
506 1368 684 1406 Octobris
706 1374 845 1420 quarto
864 1369 941 1406 fuit
959 1369 1058 1406 feria
1078 1370 1221 1420 prima.

425 1437 467 1475 p.
487 1420 515 1464 4
533 1437 572 1462 v.
593 1423 632 1464 5.
690 1420 852 1476 ἀνδρῶν
870 1421 1172 1477 πληρώσαντες]
1196 1425 1297 1463 forte
1316 1426 1436 1464 πλοῖα
1452 1435 1522 1475 pro
1541 1422 1645 1463 πλοῖ’.
1674 1434 1769 1460 nam

314 1483 522 1533 πληρῶσαι
543 1481 731 1532 aliquem,
760 1494 832 1532 pro
853 1494 899 1519 eo
922 1480 1029 1534 quod
1046 1489 1105 1520 est
1125 1484 1317 1520 instruere
1336 1481 1472 1532 copiis,
1500 1479 1674 1517 insolens
1695 1485 1766 1527 est,

314 1538 394 1575 nisi
414 1538 658 1574 accusativus
677 1536 947 1575 subaudiatur.

425 1591 479 1628 ib·
501 1605 539 1629 V·
557 1595 598 1634 9.
657 1588 864 1643 ευπλοΐας]
896 1592 1003 1645 quod
1023 1591 1074 1629 ad
1092 1593 1271 1630 Nicetam
1289 1596 1458 1642 spectat,
1490 1587 1581 1628 vide
1600 1602 1697 1627 num
1718 1587 1767 1626 de

317 1660 364 1685 eo
386 1647 614 1698 accipienda
633 1649 712 1685 sint
732 1647 809 1685 duo
828 1649 899 1686 illa
919 1647 1087 1686 disticha
1105 1660 1205 1700 quae
1226 1654 1318 1684 sunt
1337 1644 1501 1683 Authol.
1521 1646 1550 1683 l.
1568 1644 1596 1685 4
1619 1658 1652 1682 o.
1673 1647 1711 1685 1.

427 1702 482 1740 ib·
515 1716 554 1741 v.
586 1703 653 1743 10.
712 1704 892 1755 Κρίσπος
919 1703 983 1754 δέ]
1015 1702 1109 1740 huic
1139 1703 1393 1740 Domentiam
1423 1701 1547 1738 filiam
1577 1708 1769 1752 tyrannus

317 1772 487 1796 uxorem
524 1758 707 1807 dederat,
749 1771 869 1811 quem
894 1761 1106 1810 patricium
1132 1766 1171 1796 et
1199 1759 1383 1796 comitem
1412 1758 1686 1795 excubitorum
1715 1758 1771 1794 ait

317 1816 440 1853 fuisse
467 1813 750 1866 Theophanes.
809 1814 858 1853 de
883 1816 1146 1867 appellatione
1167 1816 1254 1866 ipsa
1274 1827 1366 1852 cum
1382 1814 1547 1851 mirifice
1564 1814 1770 1864 scriptores

319 1870 543 1922 discrepent
591 1870 798 1923 (Priscum
826 1873 933 1909 enim
963 1870 1252 1923 Theophanes,
1292 1873 1488 1919 Zonaras,
1526 1868 1771 1921 Nicephorus

319 1928 483 1965 Callixti
509 1929 656 1980 aliique
680 1927 936 1979 nominant),
968 1941 1040 1979 ego
1062 1929 1243 1979 Crispum
1267 1940 1358 1965 cum
1376 1933 1509 1964 nostro
1526 1939 1572 1964 ac
1592 1924 1770 1964 Cedreno

319 1991 359 2021 et
393 1985 562 2035 Georgio
600 1984 785 2035 Syncello
825 1983 1119 2022 rescribendum
1146 1991 1255 2035 puto.
1312 1985 1354 2020 in
1382 1981 1546 2027 Authol.
1573 1983 1602 2020 l.
1630 1980 1657 2022 4
1683 1983 1771 2033 epi-

319 2052 498 2091 gramma
523 2039 725 2092 quoddam
751 2047 881 2079 exstat
906 2042 962 2088 εἷς
985 2037 1119 2081 εἰκόνα
1137 2042 1343 2092 Κρίσπον,
1379 2051 1456 2092 quo
1481 2040 1613 2090 ipsum
1637 2050 1661 2074 a
1681 2050 1771 2074 ma-

321 2096 547 2147 gnificentia
587 2095 810 2148 praedicat,
865 2104 903 2135 et
939 2097 1184 2148 amplissima
1223 2108 1404 2148 quaeque
1444 2095 1493 2132 ab
1533 2095 1768 2146 imperatore

319 2159 448 2191 vovet.

431 2206 485 2245 ib
546 2204 716 2258 ὁπηνίκα
740 2205 807 2259 δὲ]
838 2206 887 2245 de
913 2209 1108 2246 sententia
1137 2204 1425 2277 propemodum
1447 2212 1621 2244 constat:
1649 2205 1770 2244 verba

318 2265 406 2316 ipsa
422 2262 648 2315 depravata.
704 2263 797 2301 vide
815 2277 866 2301 an
882 2277 1022 2301 venun
1042 2265 1092 2302 sit
1109 2279 1152 2304 το
1170 2264 1311 2314 τηνίκα
1331 2261 1385 2302 δέ.

431 2318 637 2359 ihm-12.
697 2317 752 2367 ὥς
772 2317 822 2370 δή
843 2318 1185 2372 παρυβρισμένος]
1217 2319 1380 2370 contigit
1398 2317 1476 2356 hoc
1496 2330 1534 2355 a.
1551 2315 1708 2355 Phocae
1729 2316 1767 2364 5,

322 2374 469 2414 Christi
486 2376 579 2417 607.
637 2373 728 2413 vide
750 2377 947 2413 Zonaram
964 2382 1003 2413 et
1021 2373 1326 2427 Theophanem.

345 2446 348 2450 ·
432 2431 486 2468 ib.
509 2444 550 2469 v.
572 2429 636 2472 14.
694 2431 736 2472 οἱ
755 2446 837 2471 των
858 2427 1081 2472 αντιθὲτων
1097 2429 1335 2484 χρωμάτων]
1364 2430 1547 2468 Prasinos
1568 2429 1768 2480 intelligit,

323 2487 391 2539 qui
414 2486 570 2525 Phocae
593 2488 706 2525 initio
731 2488 910 2525 faverant
929 2495 967 2525 et
985 2487 1036 2526 ad
1053 2487 1311 2531 obtinendum
1335 2487 1546 2538 imperium
1571 2483 1769 2523 adiutores

320 2543 499 2581 fueraut:
529 2541 601 2581 sed
626 2551 761 2595 postea
783 2546 1094 2583 contumeliose'
1082 2559 1125 2582 ln
1145 2557 1237 2582 eum
1256 2544 1381 2581 multa
1396 2543 1575 2579 fecerunt
1595 2548 1633 2579 et
1651 2541 1767 2579 dixe-

321 2605 433 2647 runt,
461 2601 504 2636 in
534 2612 678 2651 eosque
710 2601 884 2638 vicissim
913 2608 1102 2652 tyrannus
1135 2603 1243 2639 omni
1271 2600 1432 2638 saevitia
1455 2596 1668 2636 bacchatus
1695 2605 1765 2636 est.

321 2655 455 2692 scribit
484 2654 753 2706 Theophanes
775 2669 811 2694 a.
832 2655 977 2696 Christi
994 2660 1073 2699 609
1094 2656 1340 2695 Circensibus
1360 2654 1465 2693 ludis
1489 2653 1586 2692 haec
1611 2657 1654 2691 iu
1676 2667 1767 2692 eum

318 2712 716 2761 iactassePrasinos,
747 2708 868 2753 πάλιν
897 2715 953 2762 εἰς
981 2711 1048 2754 τὸν
1079 2716 1230 2754 καῦκον
1260 2711 1384 2760 ἔπιες,
1414 2708 1536 2751 πάλιν
1565 2708 1635 2751 τόν
1665 2713 1767 2751 νοῦν

320 2763 536 2815 ἅποὸλεκας.
592 2766 668 2806 hoc
688 2776 759 2818 est,
783 2775 827 2807 ut
843 2771 1117 2821 interpretatur
1134 2771 1343 2815 Diaconus,
1374 2769 1514 2804 iterum
1529 2768 1572 2803 in
1583 2766 1767 2818 gabatha

320 2822 469 2871 bibisti,
504 2825 649 2862 iterum
677 2838 834 2863 sensum
856 2826 1080 2877 perdidisti.
1141 2826 1283 2878 quibus
1311 2826 1493 2861 incensus
1522 2823 1590 2859 ille
1620 2823 1766 2861 multos
