1838 3210
545 171 876 216 DESCRIPTIO
909 172 954 217 S.
984 172 1233 219 SOPHIAE.
1517 173 1614 220 123

169 281 372 318 colum-nas
387 282 510 331 ipsius
530 275 667 319 ciborii
671 278 834 333 propter
845 283 1024 333 amplam
1030 282 1375 333 pulchritudinem
1391 297 1438 320 ex
1452 292 1616 336 argento

163 339 376 388 purissimo
392 338 499 388 ficit
527 339 714 389 cophino-5·
741 352 901 376 numero
926 347 1128 391 quattuor,
1163 347 1377 389 pensantes
1403 340 1528 377 libras
1545 340 1616 382 42.

170 401 209 431 et
226 407 266 444 p.
289 394 368 435 194
390 408 585 432 cereorum
606 395 969 447 deargentatorum,
1007 397 1078 448 qui
1104 395 1265 434 stabant
1293 399 1337 434 in
1355 396 1616 449 presbyterio,

168 451 362 488 meminit.

279 517 347 557 59.
402 518 576 555 Alterius
595 530 687 555 vero
707 517 860 556 formae
878 518 955 555 fuit
974 525 1100 556 crater
1115 519 1198 567 ille,
1229 521 1299 571 qui
1317 518 1549 558 describitur
1567 520 1616 557 ab

169 572 310 610 eodem
330 574 568 622 Silentiario‚
599 581 641 612 et
654 587 699 612 eo
715 575 795 612 loci
813 576 965 627 positus
990 574 1132 612 dicitur
1151 576 1220 613 ubi
1243 577 1379 614 ciborii
1393 583 1524 627 partes
1541 590 1618 614 ex-

169 636 317 668 tremae
339 637 378 668 et
397 632 618 682 superiores
636 632 807 669 invicem
830 633 1137 681 committuntur,
1166 639 1267 683 part.
1286 634 1314 672 2
1337 646 1377 671 v.
1397 636 1504 675 313:

896 696 898 700 ’
926 695 1121 754 ἁρμονίης
1142 697 1186 739 δὲ

337 752 598 822 ζευγνυμένης
619 750 753 806 δολιχὴ
775 751 927 821 ραχις”
909 767 1085 796 ισταται·
1124 756 1168 795 αἱ
1187 753 1230 796 δὲ
1244 751 1454 810 τριγώνοις

338 806 541 861 εἰδόμεναι
557 811 742 863 μίσγουσι
760 807 912 863 πόρους
934 807 1143 877 ὄκτᾶζυγος
1163 812 1279 864 οἵμου

337 865 394 913 εἰς
411 867 458 906 ἓν
477 862 776 937 ἆγειρομένους,
805 870 988 933 κορυφῆς
1007 864 1180 934 σημήϊον
1202 866 1345 921 ἄκρης,

337 919 493 962 ὁππόθι
515 921 584 962 καὶ
603 925 798 975 κρητῆρος
816 919 1026 977 ὖπηραρεν
1049 919 1187 964 εἰκόνα
1202 924 1333 978 τέχνη.

334 979 462 1030 χείλεα
481 976 524 1018 δὲ
547 981 741 1031 κρητῆρος
760 978 1067 1022 υποκλασθέντα
1086 975 1258 1033 πετήλου

337 1031 442 1082 εἶδος
461 1032 760 1088 ἔμορφωσαντο.

169 1113 264 1138 nam
292 1099 370 1139 hoc
393 1102 479 1139 loco
505 1115 577 1153 per
606 1109 795 1140 craterem
824 1097 866 1140 in
892 1103 991 1143 folia
1021 1103 1271 1157 dispertitum
1293 1102 1380 1140 lilia
1405 1102 1619 1151 intellexit,

170 1170 271 1208 quae
288 1158 330 1194 111
349 1171 531 1209 suprema
552 1159 689 1196 ciborii
704 1166 814 1210 parte
831 1172 911 1198 una
933 1174 1023 1198 cum
1046 1161 1213 1213 sphaera
1231 1160 1413 1198 statuisse
1430 1160 1620 1197 Iustinia-

168 1226 266 1250 1111111
286 1213 445 1251 tradunt
466 1216 535 1267 qui
556 1213 604 1252 de
620 1214 718 1253 aede
736 1213 938 1267 Sophiana
954 1219 1160 1284 scripsere.
1196 1219 1451 1267 Anonymus:
1482 1212 1620 1255 ἐπάνω

171 1267 215 1310 δὲ
234 1272 307 1310 τοῦ
325 1271 517 1339 κιβωρίου
543 1270 678 1323 ἔστησε
699 1276 876 1339 σφαῖραν
895 1269 1133 1326 ὁλόχρυσον,
1172 1273 1337 1326 ἔχουσαν
1357 1268 1540 1339 σταθμόν
1559 1272 1622 1311 λί-

170 1340 265 1378 τρας
285 1322 374 1378 ριη’,
403 1326 471 1367 καὶ
501 1328 619 1381 κρίνα
645 1331 772 1381 χρυσᾶ
797 1325 992 1380 στήσαντα
1022 1330 1155 1383 λίτρας
1171 1327 1217 1377 ς’,
1246 1328 1315 1369 καὶ
1330 1323 1467 1369 ἔπανω
1488 1323 1621 1367 αυτῶν

172 1379 339 1434 σταυρὸν
368 1381 535 1434 χρύσεον
563 1383 658 1436 μετοέ
686 1385 816 1424 λίθων
836 1384 902 1425 καὶ
926 1389 1152 1427 πολυτελων
1173 1385 1240 1426 καὶ
1260 1385 1545 1436 δυσπορίστων,
1575 1398 1623 1431 ος

171 1453 230 1485 τις
257 1436 423 1491 σταυρὸς
454 1435 555 1480 εἷλκε
579 1439 648 1480 καὶ
678 1437 854 1492 σταθμὸν
871 1445 1015 1494 λιτρῶν
1034 1439 1081 1483 ο’.
1137 1443 1276 1494 κρίνου
1311 1448 1443 1478 autem
1475 1453 1625 1478 nomen

172 1492 352 1532 indidere
371 1494 511 1532 Graeci
541 1497 681 1533 crateri
708 1497 796 1545 isti,
837 1497 943 1549 quod
971 1500 1026 1536 ita
1048 1499 1231 1551 epistylia
1249 1504 1391 1536 vocent
1408 1495 1625 1545 architecti,

172 1552 267 1602 quia
296 1552 337 1588 iu
365 1551 535 1589 somnam
564 1551 752 1590 foliorum
781 1526 858 1590 11111
884 1553 1139 1592 dissecantur.
1197 1556 1252 1592 ita
1280 1554 1411 1590 lilium
1435 1559 1628 1604 usurpant

171 1608 291 1644 etiam
309 1599 456 1645 Latini.
513 1609 596 1646 Leo
620 1609 702 1646 Ost.
722 1612 746 1650 3
775 1609 852 1650 28:
883 1610 1088 1648 columnas
1116 1610 1228 1649 bases
1254 1623 1303 1647 ac
1330 1609 1438 1656 lilia,
1476 1623 1628 1647 necnon

172 1670 210 1700 et
227 1663 470 1701 diversorum
496 1663 670 1715 colorum
691 1678 891 1702 marmora
911 1666 1163 1705 abundanter
1181 1667 1333 1705 coiimit.
1393 1667 1628 1704 Anastasius

170 1720 213 1756 in
244 1721 377 1757 Leone
409 1731 479 1757 111:
530 1727 566 1756 et
592 1720 757 1757 diversis
788 1721 982 1760 columnis
1010 1730 1092 1760 tam
1115 1723 1406 1774 porphyreticis
1429 1735 1629 1774 quamque

171 1774 276 1812 albis
295 1783 332 1813 et
350 1776 516 1826 sculptis
535 1790 626 1813 cum
646 1775 808 1814 basibus
828 1785 865 1815 et
882 1778 980 1817 liliis
998 1779 1122 1816 simul
1132 1779 1314 1830 postibus
1334 1779 1545 1816 decoravit.
1589 1785 1629 1816 et

171 1832 298 1869 infra:
338 1831 404 1868 hic
420 1845 531 1868 sacer
546 1833 709 1869 antistes·
728 1846 846 1883 super
863 1835 971 1885 ipsas
990 1835 1194 1872 columnas
1212 1835 1317 1872 lilios
1327 1837 1432 1885 poni
1437 1835 1562 1885 fecit,
1592 1841 1631 1870 et

172 1901 292 1938 super
308 1888 412 1938 ipsos
430 1887 536 1924 lilios
555 1901 600 1925 ex
616 1888 787 1926 metallis
800 1892 1028 1928 marmoreis
1040 1891 1244 1941 platonius
1255 1891 1410 1942 posuit,
1440 1890 1628 1928 diversis—

174 1957 250 1995 que
262 1945 434 1995 picturis
451 1945 575 1981 mirae
594 1945 884 1996 magnitudinis
902 1961 1002 1997 opus
1019 1948 1228 1985 decoravit.
1291 1953 1330 1987 et
1345 1948 1388 1983 111
1407 1948 1541 1984 Leone
1557 1958 1627 1984 lv:

161 2001 269 2051 ficit
286 1999 476 2038 ciborium
498 2007 534 2037 et
551 2000 757 2038 columnas
770 2015 819 2039 ac
834 2003 925 2040 lilia
944 2011 1134 2042 exaurata
1154 2017 1199 2041 ex
1215 2010 1378 2055 argento
1392 2004 1622 2054 purissimo.

174 2055 276 2094 adde
299 2057 343 2096 S.
365 2058 598 2108 Gregorium
614 2057 642 2095 1.
666 2059 690 2099 1
713 2059 826 2110 epist.
848 2062 917 2102 66.

287 2137 355 2176 60-
413 2136 560 2173 ciborii
577 2137 699 2188 igitur
714 2138 818 2188 parti
836 2145 1038 2176 extremae
1057 2138 1243 2190 imposita
1261 2144 1372 2175 erant
1388 2138 1474 2175 lilia
1492 2149 1626 2186 aurea,

175 2205 247 2230 seu
280 2193 439 2230 crateris
470 2192 580 2230 labra
608 2195 651 2230 in
678 2194 854 2232 liliorum
883 2197 1056 2247 speciem
1081 2196 1210 2232 efficta
1233 2200 1366 2243 erant,
1407 2206 1458 2231 ex
1483 2194 1627 2246 quibus

176 2246 344 2299 sphaera
369 2261 451 2296 seu,
481 2255 524 2285 ut
539 2248 692 2288 Codino
709 2259 968 2303 nuncupatur,
1000 2254 1126 2304 μῆλον
1149 2251 1416 2299 enascebatur‚
1447 2252 1510 2287 cui
1529 2261 1630 2287 crux

176 2303 357 2355 lapidum
374 2305 529 2355 fulgore
554 2319 760 2345 coruscans
781 2309 1000 2346 insistebat.
1058 2321 1105 2346 ea
1134 2321 1248 2358 porro
1278 2314 1361 2345 erat
1392 2308 1632 2344 ciboriorum.

177 2361 328 2409 forma,
357 2368 402 2398 ut
420 2374 520 2412 quae
539 2363 582 2398 111
598 2364 679 2400 11110
699 2364 867 2401 latiora
856 2378 898 2402 m
915 2372 1074 2402 acutum
1095 2364 1302 2412 desinunt,
1333 2365 1443 2414 pomi
1461 2364 1631 2414 figuram

178 2417 392 2454 efficerent.
437 2424 571 2455 auctor
590 2418 775 2457 Chronici
794 2422 1015 2459 Fontanell.
1040 2435 1072 2458 c.
1096 2422 1163 2469 13,
1194 2419 1419 2457 describens
1439 2420 1634 2457 ciborium

179 2472 286 2524 quod
308 2474 496 2526 reliquias
517 2474 560 2512 S.
587 2476 748 2527 Georgii
769 2479 1018 2516 continebat·
1061 2485 1126 2514 est
1132 2477 1297 2529 Jbrmae
1319 2476 1558 2527 quadratae,
1589 2489 1635 2512 ex

180 2536 365 2579 quattuor
389 2530 571 2567 videlieet
595 2533 760 2584 anguli-s·
784 2532 837 2570 ab
863 2536 940 2572 imo
969 2547 1198 2586 assurgens,
1242 2540 1279 2569 et
1307 2534 1364 2569 ita
1392 2546 1506 2570 omne
1535 2546 1635 2582 opus

173 2585 377 2634 paulatim
395 2587 608 2626 minuendo
627 2590 670 2625 in
685 2589 921 2628 latitudine
905 2605 949 2628 ιη
967 2604 1119 2628 summo
1139 2596 1358 2641 angustum
1374 2589 1570 2635 redditur,
1590 2595 1635 2625 ub

177 2642 425 2691 pyramidem
445 2644 489 2679 in
507 2643 719 2682 altitudine
737 2646 895 2692 reddat,
935 2649 1245 2697 uniuscuiusque
1266 2645 1366 2682 mali
1388 2650 1512 2696 parvi
1539 2658 1635 2681 eon-

182 2697 354 2734 elusione
363 2699 564 2737 solidetur.
595 2701 702 2753 quod
717 2716 811 2740 vero
826 2704 1038 2754 sphaeram
1055 2710 1170 2741 vocat
1179 2704 1414 2753 Anonymus
1434 2708 1471 2739 et
1481 2700 1634 2738 malum

181 2752 371 2801 Codiuus,
387 2753 489 2790 nihil
509 2756 618 2795 aliud
638 2765 696 2797 est
716 2772 836 2811 quam
853 2761 977 2811 polus
992 2759 1100 2812 apud
1113 2760 1398 2808 silentiarium,
1429 2759 1497 2811 qui
1516 2748 1637 2808 praed

183 2810 296 2848 dictis
313 2808 412 2848 haec
432 2809 562 2849 addit.
