<?xml version="1.0" encoding="UTF-8"?>
<!DOCTYPE html PUBLIC "-//W3C//DTD XHTML 1.0 Transitional//EN"
    "http://www.w3.org/TR/xhtml1/DTD/xhtml1-transitional.dtd">
<html xmlns="http://www.w3.org/1999/xhtml" xml:lang="en" lang="en">
 <head>
  <title>
</title>
<meta http-equiv="Content-Type" content="text/html;charset=utf-8" />
  <meta name='ocr-system' content='tesseract 3.04.00' />
  <meta name='ocr-capabilities' content='ocr_page ocr_carea ocr_par ocr_line ocrx_word'/>
</head>
<body>
  <div class='ocr_page' id='page_1' title='image "./corpusscriptorum42niebuoft/corpusscriptorum42niebuoft_0375.png"; bbox 0 0 1890 3224; ppageno 0'>
   <div class='ocr_carea' id='block_1_1' title="bbox 586 195 1634 245">
    <p class='ocr_par' dir='ltr' id='par_1_1' title="bbox 586 195 1634 245">
     <span class='ocr_line' id='line_1_1' title="bbox 586 195 1634 245; baseline 0.005 -6"><span class='ocrx_word' id='word_1_1' title='bbox 586 195 645 239; x_wconf 90' lang='lat' dir='ltr'><strong>IN</strong></span> <span class='ocrx_word' id='word_1_2' title='bbox 678 196 904 240; x_wconf 81' lang='lat' dir='ltr'><strong>BELLUM</strong></span> <span class='ocrx_word' id='word_1_3' title='bbox 937 196 1236 240; x_wconf 81' lang='lat' dir='ltr'><strong>AVARICUM.</strong></span> <span class='ocrx_word' id='word_1_4' title='bbox 1539 198 1634 245; x_wconf 73' lang='lat'><strong>127</strong></span> 
     </span>
    </p>
   </div>
   <div class='ocr_carea' id='block_1_2' title="bbox 176 304 1641 753">
    <p class='ocr_par' dir='ltr' id='par_1_2' title="bbox 176 304 1634 400">
     <span class='ocr_line' id='line_1_2' title="bbox 178 304 1634 359; baseline 0.002 -16"><span class='ocrx_word' id='word_1_5' title='bbox 178 318 250 344; x_wconf 81' lang='lat' dir='ltr'><strong>suo</strong></span> <span class='ocrx_word' id='word_1_6' title='bbox 271 318 388 343; x_wconf 88' lang='lat' dir='ltr'><strong>cursu</strong></span> <span class='ocrx_word' id='word_1_7' title='bbox 401 306 571 344; x_wconf 90' lang='lat' dir='ltr'><strong>Romani</strong></span> <span class='ocrx_word' id='word_1_8' title='bbox 589 307 748 359; x_wconf 90' lang='lat' dir='ltr'><strong>imperii</strong></span> <span class='ocrx_word' id='word_1_9' title='bbox 766 306 865 345; x_wconf 87' lang='lat' dir='ltr'><strong>fines</strong></span> <span class='ocrx_word' id='word_1_10' title='bbox 886 305 938 344; x_wconf 89' lang='lat' dir='ltr'><strong>ad</strong></span> <span class='ocrx_word' id='word_1_11' title='bbox 961 304 1324 359; x_wconf 80' lang='lat' dir='ltr'><strong>septemtrionalem</strong></span> <span class='ocrx_word' id='word_1_12' title='bbox 1346 312 1501 358; x_wconf 86' lang='lat' dir='ltr'><strong>partem</strong></span> <span class='ocrx_word' id='word_1_13' title='bbox 1518 306 1634 346; x_wconf 86' lang='lat' dir='ltr'><strong>vide-</strong></span> 
     </span>
     <span class='ocr_line' id='line_1_3' title="bbox 176 361 550 400; baseline 0 0"><span class='ocrx_word' id='word_1_14' title='bbox 176 362 294 400; x_wconf 86' lang='lat' dir='ltr'><strong>batur</strong></span> <span class='ocrx_word' id='word_1_15' title='bbox 318 361 550 400; x_wconf 77' lang='lat' dir='ltr'><strong>describere.</strong></span> 
     </span>
    </p>

    <p class='ocr_par' dir='ltr' id='par_1_3' title="bbox 179 417 1640 753">
     <span class='ocr_line' id='line_1_4' title="bbox 292 417 1635 471; baseline -0.001 -13"><span class='ocrx_word' id='word_1_16' title='bbox 292 418 360 460; x_wconf 82' lang='lat'><strong>34.</strong></span> <span class='ocrx_word' id='word_1_17' title='bbox 420 432 511 456; x_wconf 82' lang='lat' dir='ltr'><strong>cum</strong></span> <span class='ocrx_word' id='word_1_18' title='bbox 525 417 661 456; x_wconf 78' lang='lat' dir='ltr'><strong>Pisida</strong></span> <span class='ocrx_word' id='word_1_19' title='bbox 682 419 785 457; x_wconf 91' lang='lat' dir='ltr'><strong>bene</strong></span> <span class='ocrx_word' id='word_1_20' title='bbox 805 420 1051 458; x_wconf 82' lang='lat' dir='ltr'><strong>observasset</strong></span> <span class='ocrx_word' id='word_1_21' title='bbox 1071 422 1217 458; x_wconf 89' lang='lat' dir='ltr'><strong>Istrum</strong></span> <span class='ocrx_word' id='word_1_22' title='bbox 1233 421 1356 458; x_wconf 79' lang='lat' dir='ltr'><strong>fuisse</strong></span> <span class='ocrx_word' id='word_1_23' title='bbox 1375 420 1464 457; x_wconf 89' lang='lat' dir='ltr'><strong>leve</strong></span> <span class='ocrx_word' id='word_1_24' title='bbox 1480 420 1635 471; x_wconf 90' lang='lat' dir='ltr'><strong>praesi-</strong></span> 
     </span>
     <span class='ocr_line' id='line_1_5' title="bbox 181 473 1636 528; baseline 0.001 -16"><span class='ocrx_word' id='word_1_25' title='bbox 181 473 292 512; x_wconf 76' lang='lat' dir='ltr'><strong>dium</strong></span> <span class='ocrx_word' id='word_1_26' title='bbox 310 482 349 513; x_wconf 89' lang='lat' dir='ltr'><strong>et</strong></span> <span class='ocrx_word' id='word_1_27' title='bbox 365 476 707 528; x_wconf 86' lang='lat' dir='ltr'>propugnaculum</span> <span class='ocrx_word' id='word_1_28' title='bbox 725 483 858 514; x_wconf 85' lang='lat' dir='ltr'><strong>contra</strong></span> <span class='ocrx_word' id='word_1_29' title='bbox 874 476 1073 525; x_wconf 86' lang='lat' dir='ltr'><strong>barbaros,</strong></span> <span class='ocrx_word' id='word_1_30' title='bbox 1105 476 1304 528; x_wconf 91' lang='lat' dir='ltr'><strong>quomodo</strong></span> <span class='ocrx_word' id='word_1_31' title='bbox 1323 476 1473 513; x_wconf 88' lang='lat' dir='ltr'><strong>Abares</strong></span> <span class='ocrx_word' id='word_1_32' title='bbox 1488 477 1636 513; x_wconf 89' lang='lat' dir='ltr'><strong>flumen</strong></span> 
     </span>
     <span class='ocr_line' id='line_1_6' title="bbox 180 531 1638 585; baseline 0.001 -16"><span class='ocrx_word' id='word_1_33' title='bbox 180 533 425 580; x_wconf 84' lang='lat' dir='ltr'><strong>transierint,</strong></span> <span class='ocrx_word' id='word_1_34' title='bbox 466 531 568 570; x_wconf 86' lang='lat' dir='ltr'><strong>mihi</strong></span> <span class='ocrx_word' id='word_1_35' title='bbox 587 531 744 569; x_wconf 88' lang='lat' dir='ltr'><strong>videtur</strong></span> <span class='ocrx_word' id='word_1_36' title='bbox 760 531 950 570; x_wconf 89' lang='lat' dir='ltr'><strong>indicare.</strong></span> <span class='ocrx_word' id='word_1_37' title='bbox 1009 533 1218 585; x_wconf 87' lang='lat' dir='ltr'><strong>equidem,</strong></span> <span class='ocrx_word' id='word_1_38' title='bbox 1261 540 1306 571; x_wconf 84' lang='lat' dir='ltr'><strong>ut</strong></span> <span class='ocrx_word' id='word_1_39' title='bbox 1324 546 1378 570; x_wconf 85' lang='lat' dir='ltr'><strong>ex</strong></span> <span class='ocrx_word' id='word_1_40' title='bbox 1397 534 1482 570; x_wconf 90' lang='lat' dir='ltr'><strong>eius</strong></span> <span class='ocrx_word' id='word_1_41' title='bbox 1505 533 1638 570; x_wconf 90' lang='lat' dir='ltr'><strong>verbis</strong></span> 
     </span>
     <span class='ocr_line' id='line_1_7' title="bbox 181 587 1639 640; baseline 0.001 -15"><span class='ocrx_word' id='word_1_42' title='bbox 181 589 347 626; x_wconf 89' lang='lat' dir='ltr'><strong>coniicio</strong></span> <span class='ocrx_word' id='word_1_43' title='bbox 360 619 371 637; x_wconf 96' lang='lat'><strong>,</strong></span> <span class='ocrx_word' id='word_1_44' title='bbox 412 587 557 626; x_wconf 90' lang='lat' dir='ltr'><strong>hiemis</strong></span> <span class='ocrx_word' id='word_1_45' title='bbox 578 595 757 640; x_wconf 88' lang='lat' dir='ltr'><strong>tempore</strong></span> <span class='ocrx_word' id='word_1_46' title='bbox 777 588 821 626; x_wconf 91' lang='lat' dir='ltr'><strong>id</strong></span> <span class='ocrx_word' id='word_1_47' title='bbox 847 589 996 626; x_wconf 89' lang='lat' dir='ltr'><strong>factum</strong></span> <span class='ocrx_word' id='word_1_48' title='bbox 1018 602 1103 628; x_wconf 90' lang='lat' dir='ltr'><strong>esse</strong></span> <span class='ocrx_word' id='word_1_49' title='bbox 1120 602 1282 639; x_wconf 89' lang='lat' dir='ltr'><strong>censeo,</strong></span> <span class='ocrx_word' id='word_1_50' title='bbox 1323 602 1413 627; x_wconf 88' lang='lat' dir='ltr'><strong>cum</strong></span> <span class='ocrx_word' id='word_1_51' title='bbox 1431 590 1639 627; x_wconf 86' lang='lat' dir='ltr'><strong>Danubius</strong></span> 
     </span>
     <span class='ocr_line' id='line_1_8' title="bbox 181 644 1640 698; baseline 0.001 -16.001"><span class='ocrx_word' id='word_1_52' title='bbox 181 645 276 695; x_wconf 89' lang='lat' dir='ltr'><strong>gelu</strong></span> <span class='ocrx_word' id='word_1_53' title='bbox 297 646 642 696; x_wconf 82' lang='lat' dir='ltr'><strong>constringeretur.</strong></span> <span class='ocrx_word' id='word_1_54' title='bbox 690 647 747 682; x_wconf 89' lang='lat' dir='ltr'><strong>ita</strong></span> <span class='ocrx_word' id='word_1_55' title='bbox 767 658 861 683; x_wconf 90' lang='lat' dir='ltr'><strong>sane</strong></span> <span class='ocrx_word' id='word_1_56' title='bbox 878 652 1057 697; x_wconf 89' lang='lat' dir='ltr'><strong>tempore</strong></span> <span class='ocrx_word' id='word_1_57' title='bbox 1073 646 1255 694; x_wconf 87' lang='lat' dir='ltr'><strong>Arcadii,</strong></span> <span class='ocrx_word' id='word_1_58' title='bbox 1284 644 1335 683; x_wconf 91' lang='lat' dir='ltr'><strong>ad</strong></span> <span class='ocrx_word' id='word_1_59' title='bbox 1354 645 1461 698; x_wconf 93' lang='lat' dir='ltr'><strong>quod</strong></span> <span class='ocrx_word' id='word_1_60' title='bbox 1481 653 1640 698; x_wconf 90' lang='lat' dir='ltr'><strong>tempus</strong></span> 
     </span>
     <span class='ocr_line' id='line_1_9' title="bbox 179 700 1641 753; baseline 0.001 -15"><span class='ocrx_word' id='word_1_61' title='bbox 179 702 345 739; x_wconf 87' lang='lat' dir='ltr'><strong>fortasse</strong></span> <span class='ocrx_word' id='word_1_62' title='bbox 375 703 534 753; x_wconf 86' lang='lat' dir='ltr'><strong>respicit</strong></span> <span class='ocrx_word' id='word_1_63' title='bbox 556 700 716 751; x_wconf 88' lang='lat' dir='ltr'><strong>Pisida,</strong></span> <span class='ocrx_word' id='word_1_64' title='bbox 747 704 926 740; x_wconf 87' lang='lat' dir='ltr'><strong>evenisse</strong></span> <span class='ocrx_word' id='word_1_65' title='bbox 953 702 1074 740; x_wconf 86' lang='lat' dir='ltr'><strong>tradit</strong></span> <span class='ocrx_word' id='word_1_66' title='bbox 1100 702 1389 753; x_wconf 85' lang='lat' dir='ltr'><strong>Plulostorgius</strong></span> <span class='ocrx_word' id='word_1_67' title='bbox 1409 701 1479 739; x_wconf 77' lang='lat' dir='ltr'><strong>lib.</strong></span> <span class='ocrx_word' id='word_1_68' title='bbox 1506 703 1555 743; x_wconf 91' lang='lat'><strong>11</strong></span> <span class='ocrx_word' id='word_1_69' title='bbox 1588 703 1641 743; x_wconf 92' lang='grc'><strong>8.</strong></span> 
     </span>
    </p>
   </div>
   <div class='ocr_carea' id='block_1_3' title="bbox 181 756 1644 940">
    <p class='ocr_par' dir='ltr' id='par_1_4' title="bbox 181 756 1644 924">
     <span class='ocr_line' id='line_1_10' title="bbox 181 756 1643 813; baseline -0.001 -15"><span class='ocrx_word' id='word_1_70' title='bbox 181 772 244 798; x_wconf 84' lang='grc' dir='ltr'><strong>οτι</strong></span> <span class='ocrx_word' id='word_1_71' title='bbox 272 760 352 797; x_wconf 80' lang='grc' dir='ltr'><strong>τῶν</strong></span> <span class='ocrx_word' id='word_1_72' title='bbox 382 756 571 806; x_wconf 77' lang='grc' dir='ltr'><strong><em>Οῧννων,</em></strong></span> <span class='ocrx_word' id='word_1_73' title='bbox 601 770 746 811; x_wconf 84' lang='grc' dir='ltr'><strong><em>φησιν,</em></strong></span> <span class='ocrx_word' id='word_1_74' title='bbox 777 759 819 799; x_wconf 82' lang='grc' dir='ltr'><strong>οἱ</strong></span> <span class='ocrx_word' id='word_1_75' title='bbox 845 756 919 811; x_wconf 83' lang='grc' dir='ltr'><strong>μὲν</strong></span> <span class='ocrx_word' id='word_1_76' title='bbox 946 761 1019 810; x_wconf 82' lang='grc' dir='ltr'><strong>τῆς</strong></span> <span class='ocrx_word' id='word_1_77' title='bbox 1046 757 1153 807; x_wconf 80' lang='grc' dir='ltr'><strong><em>ἐντὸς</em></strong></span> <span class='ocrx_word' id='word_1_78' title='bbox 1172 757 1329 813; x_wconf 81' lang='grc' dir='ltr'><strong><em>Ἴστρου</em></strong></span> <span class='ocrx_word' id='word_1_79' title='bbox 1354 759 1540 806; x_wconf 85' lang='grc' dir='ltr'><strong><em>Σκυθιας</em></strong></span> <span class='ocrx_word' id='word_1_80' title='bbox 1564 773 1643 811; x_wconf 86' lang='grc' dir='ltr'><strong>την</strong></span> 
     </span>
     <span class='ocr_line' id='line_1_11' title="bbox 181 811 1644 883; baseline 0.001 -30"><span class='ocrx_word' id='word_1_81' title='bbox 181 811 333 865; x_wconf 78' lang='grc' dir='ltr'><strong><em>πολλην</em></strong></span> <span class='ocrx_word' id='word_1_82' title='bbox 354 811 638 880; x_wconf 78' lang='grc' dir='ltr'><strong><em>χειρωσαμενοι</em></strong></span> <span class='ocrx_word' id='word_1_83' title='bbox 661 814 731 854; x_wconf 77' lang='grc' dir='ltr'><strong>καὶ</strong></span> <span class='ocrx_word' id='word_1_84' title='bbox 738 815 1058 882; x_wconf 78' lang='grc' dir='ltr'><strong><em>διαφθείραντες</em></strong></span> <span class='ocrx_word' id='word_1_85' title='bbox 1077 812 1286 883; x_wconf 81' lang='grc' dir='ltr'><strong><em>πρότερον,</em></strong></span> <span class='ocrx_word' id='word_1_86' title='bbox 1316 815 1449 856; x_wconf 78' lang='grc' dir='ltr'><strong><em>ἔπειτα</em></strong></span> <span class='ocrx_word' id='word_1_87' title='bbox 1469 813 1644 868; x_wconf 80' lang='grc' dir='ltr'><strong><em>παγέντα</em></strong></span> 
     </span>
     <span class='ocr_line' id='line_1_12' title="bbox 181 865 1644 940; baseline 0.001 -31"><span class='ocrx_word' id='word_1_88' title='bbox 181 867 252 909; x_wconf 74' lang='grc' dir='ltr'><strong>τᾶν</strong></span> <span class='ocrx_word' id='word_1_89' title='bbox 267 884 448 922; x_wconf 84' lang='grc' dir='ltr'><strong><em>ποταμον</em></strong></span> <span class='ocrx_word' id='word_1_90' title='bbox 468 865 692 938; x_wconf 82' lang='grc' dir='ltr'><strong><em>διαβαντες,</em></strong></span> <span class='ocrx_word' id='word_1_91' title='bbox 723 866 890 939; x_wconf 68' lang='grc' dir='ltr'><em>ἀθρόως</em></span> <span class='ocrx_word' id='word_1_92' title='bbox 911 871 969 919; x_wconf 76' lang='grc' dir='ltr'><strong>εἰς</strong></span> <span class='ocrx_word' id='word_1_93' title='bbox 990 868 1066 923; x_wconf 78' lang='grc' dir='ltr'><strong>τὴν</strong></span> <span class='ocrx_word' id='word_1_94' title='bbox 1085 867 1250 924; x_wconf 67' lang='grc' dir='ltr'><strong><em>Ῥώμην</em></strong></span> <span class='ocrx_word' id='word_1_95' title='bbox 1271 867 1545 940; x_wconf 78' lang='grc' dir='ltr'><strong><em>εἰσηλᾶσαντο,</em></strong></span> <span class='ocrx_word' id='word_1_96' title='bbox 1575 870 1644 911; x_wconf 77' lang='grc' dir='ltr'><strong>καὶ</strong></span> 
     </span>
    </p>
   </div>
   <div class='ocr_carea' id='block_1_4' title="bbox 182 922 1646 1040">
    <p class='ocr_par' dir='ltr' id='par_1_5' title="bbox 182 922 1646 1035">
     <span class='ocr_line' id='line_1_13' title="bbox 182 922 1646 982; baseline 0.001 -17"><span class='ocrx_word' id='word_1_97' title='bbox 182 923 283 965; x_wconf 66' lang='lat' dir='ltr'><strong>nard</strong></span> <span class='ocrx_word' id='word_1_98' title='bbox 310 929 447 967; x_wconf 77' lang='grc' dir='ltr'><strong><em>πᾶσαν</em></strong></span> <span class='ocrx_word' id='word_1_99' title='bbox 477 922 744 978; x_wconf 80' lang='grc' dir='ltr'><strong><em>ἆναχυθέντες</em></strong></span> <span class='ocrx_word' id='word_1_100' title='bbox 773 941 847 978; x_wconf 83' lang='grc' dir='ltr'><strong>την</strong></span> <span class='ocrx_word' id='word_1_101' title='bbox 875 923 1042 982; x_wconf 80' lang='grc' dir='ltr'><strong><em>Θρακην</em></strong></span> <span class='ocrx_word' id='word_1_102' title='bbox 1069 924 1166 979; x_wconf 81' lang='grc' dir='ltr'><strong><em>ολην</em></strong></span> <span class='ocrx_word' id='word_1_103' title='bbox 1195 926 1271 979; x_wconf 79' lang='grc' dir='ltr'><strong>τήν</strong></span> <span class='ocrx_word' id='word_1_104' title='bbox 1297 923 1506 980; x_wconf 67' lang='grc' dir='ltr'><strong><em>Εὖρωπην</em></strong></span> <span class='ocrx_word' id='word_1_105' title='bbox 1538 926 1646 979; x_wconf 78' lang='grc' dir='ltr'><strong><em>ἐληΐ-</em></strong></span> 
     </span>
     <span class='ocr_line' id='line_1_14' title="bbox 185 983 1644 1040; baseline -0.001 -18"><span class='ocrx_word' id='word_1_106' title='bbox 185 994 318 1022; x_wconf 84' lang='grc' dir='ltr'><strong><em>σαντο.</em></strong></span> <span class='ocrx_word' id='word_1_107' title='bbox 376 995 421 1020; x_wconf 84' lang='lat' dir='ltr'><strong>ac</strong></span> <span class='ocrx_word' id='word_1_108' title='bbox 449 983 571 1021; x_wconf 85' lang='lat' dir='ltr'><strong>simili</strong></span> <span class='ocrx_word' id='word_1_109' title='bbox 594 994 754 1034; x_wconf 88' lang='lat' dir='ltr'><strong>prorsus</strong></span> <span class='ocrx_word' id='word_1_110' title='bbox 781 984 933 1020; x_wconf 87' lang='lat' dir='ltr'><strong>ratione</strong></span> <span class='ocrx_word' id='word_1_111' title='bbox 964 996 1006 1021; x_wconf 89' lang='lat' dir='ltr'><strong>se</strong></span> <span class='ocrx_word' id='word_1_112' title='bbox 1032 984 1075 1020; x_wconf 90' lang='lat' dir='ltr'><strong>in</strong></span> <span class='ocrx_word' id='word_1_113' title='bbox 1100 986 1303 1040; x_wconf 85' lang='lat' dir='ltr'><strong>Europam</strong></span> <span class='ocrx_word' id='word_1_114' title='bbox 1323 990 1550 1035; x_wconf 86' lang='lat' dir='ltr'><strong>penetrasse</strong></span> <span class='ocrx_word' id='word_1_115' title='bbox 1567 985 1644 1035; x_wconf 88' lang='lat' dir='ltr'><strong>ipsi</strong></span> 
     </span>
    </p>
   </div>
   <div class='ocr_carea' id='block_1_5' title="bbox 181 1036 1665 2893">
    <p class='ocr_par' dir='ltr' id='par_1_6' title="bbox 181 1036 1644 1262">
     <span class='ocr_line' id='line_1_15' title="bbox 183 1036 1642 1091; baseline 0.001 -15"><span class='ocrx_word' id='word_1_116' title='bbox 183 1039 334 1076; x_wconf 83' lang='lat' dir='ltr'><strong>Abares</strong></span> <span class='ocrx_word' id='word_1_117' title='bbox 362 1039 582 1090; x_wconf 85' lang='lat' dir='ltr'><strong>gloriantur</strong></span> <span class='ocrx_word' id='word_1_118' title='bbox 608 1038 716 1091; x_wconf 87' lang='lat' dir='ltr'><strong>apud</strong></span> <span class='ocrx_word' id='word_1_119' title='bbox 744 1039 961 1091; x_wconf 88' lang='lat' dir='ltr'><strong>Corippum</strong></span> <span class='ocrx_word' id='word_1_120' title='bbox 989 1039 1059 1077; x_wconf 81' lang='lat' dir='ltr'><strong>lib.</strong></span> <span class='ocrx_word' id='word_1_121' title='bbox 1084 1043 1125 1082; x_wconf 83' lang='lat'><strong>3.</strong></span> <span class='ocrx_word' id='word_1_122' title='bbox 1183 1036 1278 1077; x_wconf 87' lang='lat' dir='ltr'><strong>hinc</strong></span> <span class='ocrx_word' id='word_1_123' title='bbox 1297 1039 1457 1088; x_wconf 88' lang='lat' dir='ltr'><strong>Pisida,</strong></span> <span class='ocrx_word' id='word_1_124' title='bbox 1489 1042 1642 1091; x_wconf 87' lang='lat' dir='ltr'><strong>opinor,</strong></span> 
     </span>
     <span class='ocr_line' id='line_1_16' title="bbox 181 1091 1644 1151; baseline 0.001 -19"><span class='ocrx_word' id='word_1_125' title='bbox 181 1095 412 1133; x_wconf 88' lang='lat' dir='ltr'><strong>Danubium</strong></span> <span class='ocrx_word' id='word_1_126' title='bbox 434 1097 567 1148; x_wconf 88' lang='lat' dir='ltr'><strong>ipsum</strong></span> <span class='ocrx_word' id='word_1_127' title='bbox 584 1097 739 1148; x_wconf 69' lang='lat' dir='ltr'><strong>poetice</strong></span> <span class='ocrx_word' id='word_1_128' title='bbox 756 1094 1022 1148; x_wconf 88' lang='lat' dir='ltr'><strong>reprehendit,</strong></span> <span class='ocrx_word' id='word_1_129' title='bbox 1053 1094 1163 1148; x_wconf 87' lang='lat' dir='ltr'><strong>quod</strong></span> <span class='ocrx_word' id='word_1_130' title='bbox 1184 1091 1355 1151; x_wconf 77' lang='grc' dir='ltr'><em>ἆγρᾶφφ</em></span> <span class='ocrx_word' id='word_1_131' title='bbox 1372 1097 1518 1149; x_wconf 78' lang='grc' dir='ltr'><strong><em>κρίσει,</em></strong></span> <span class='ocrx_word' id='word_1_132' title='bbox 1548 1110 1644 1134; x_wconf 81' lang='lat' dir='ltr'><strong>con-</strong></span> 
     </span>
     <span class='ocr_line' id='line_1_17' title="bbox 185 1152 1644 1205; baseline 0.001 -16"><span class='ocrx_word' id='word_1_133' title='bbox 185 1158 248 1188; x_wconf 84' lang='lat' dir='ltr'><strong>tra</strong></span> <span class='ocrx_word' id='word_1_134' title='bbox 270 1152 316 1189; x_wconf 79' lang='lat' dir='ltr'><strong>id</strong></span> <span class='ocrx_word' id='word_1_135' title='bbox 329 1152 438 1204; x_wconf 84' lang='lat' dir='ltr'><strong>quod</strong></span> <span class='ocrx_word' id='word_1_136' title='bbox 458 1160 543 1190; x_wconf 82' lang='lat' dir='ltr'><strong>erat</strong></span> <span class='ocrx_word' id='word_1_137' title='bbox 562 1153 778 1198; x_wconf 78' lang='lat' dir='ltr'><strong>sancitum,</strong></span> <span class='ocrx_word' id='word_1_138' title='bbox 805 1154 996 1191; x_wconf 87' lang='lat' dir='ltr'><strong>terminos</strong></span> <span class='ocrx_word' id='word_1_139' title='bbox 1022 1165 1122 1205; x_wconf 88' lang='lat' dir='ltr'><strong>quos</strong></span> <span class='ocrx_word' id='word_1_140' title='bbox 1143 1166 1215 1191; x_wconf 92' lang='lat' dir='ltr'><strong>suo</strong></span> <span class='ocrx_word' id='word_1_141' title='bbox 1236 1154 1349 1191; x_wconf 85' lang='lat' dir='ltr'><strong>alveo</strong></span> <span class='ocrx_word' id='word_1_142' title='bbox 1373 1152 1551 1191; x_wconf 80' lang='lat' dir='ltr'><strong>dividere</strong></span> <span class='ocrx_word' id='word_1_143' title='bbox 1571 1152 1644 1190; x_wconf 90' lang='lat' dir='ltr'><strong>de-</strong></span> 
     </span>
     <span class='ocr_line' id='line_1_18' title="bbox 183 1206 1458 1262; baseline 0.003 -18"><span class='ocrx_word' id='word_1_144' title='bbox 183 1208 348 1258; x_wconf 86' lang='lat' dir='ltr'><strong>buisset,</strong></span> <span class='ocrx_word' id='word_1_145' title='bbox 379 1209 473 1260; x_wconf 86' lang='lat' dir='ltr'><strong>gelu</strong></span> <span class='ocrx_word' id='word_1_146' title='bbox 494 1207 708 1247; x_wconf 87' lang='lat' dir='ltr'><strong>obduratus</strong></span> <span class='ocrx_word' id='word_1_147' title='bbox 730 1210 993 1258; x_wconf 84' lang='lat' dir='ltr'><strong>coniunxerit,</strong></span> <span class='ocrx_word' id='word_1_148' title='bbox 1022 1206 1118 1257; x_wconf 70' lang='grc' dir='ltr'><strong><em>τοΰς</em></strong></span> <span class='ocrx_word' id='word_1_149' title='bbox 1133 1206 1254 1262; x_wconf 70' lang='grc' dir='ltr'><strong><em>ὅρους</em></strong></span> <span class='ocrx_word' id='word_1_150' title='bbox 1273 1206 1458 1261; x_wconf 76' lang='grc' dir='ltr'><strong>ἐπήξατο.</strong></span> 
     </span>
    </p>

    <p class='ocr_par' dir='ltr' id='par_1_7' title="bbox 184 1264 1653 2330">
     <span class='ocr_line' id='line_1_19' title="bbox 298 1264 1646 1317; baseline 0.001 -14"><span class='ocrx_word' id='word_1_151' title='bbox 298 1267 366 1306; x_wconf 82' lang='grc'><strong>36.</strong></span> <span class='ocrx_word' id='word_1_152' title='bbox 395 1266 556 1303; x_wconf 88' lang='lat' dir='ltr'><strong>molesti</strong></span> <span class='ocrx_word' id='word_1_153' title='bbox 579 1264 743 1317; x_wconf 85' lang='lat' dir='ltr'><strong>quidem</strong></span> <span class='ocrx_word' id='word_1_154' title='bbox 761 1266 911 1303; x_wconf 88' lang='lat' dir='ltr'><strong>Abares</strong></span> <span class='ocrx_word' id='word_1_155' title='bbox 930 1267 1134 1313; x_wconf 88' lang='lat' dir='ltr'><strong>Romanis,</strong></span> <span class='ocrx_word' id='word_1_156' title='bbox 1157 1265 1350 1317; x_wconf 89' lang='lat' dir='ltr'><strong>quamdiu</strong></span> <span class='ocrx_word' id='word_1_157' title='bbox 1368 1273 1477 1304; x_wconf 85' lang='lat' dir='ltr'><strong>trans</strong></span> <span class='ocrx_word' id='word_1_158' title='bbox 1498 1267 1646 1304; x_wconf 87' lang='lat' dir='ltr'><strong>Istrum</strong></span> 
     </span>
     <span class='ocr_line' id='line_1_20' title="bbox 185 1322 1644 1373; baseline 0.001 -15"><span class='ocrx_word' id='word_1_159' title='bbox 185 1327 277 1358; x_wconf 86' lang='lat' dir='ltr'><strong>sunt</strong></span> <span class='ocrx_word' id='word_1_160' title='bbox 298 1322 554 1358; x_wconf 84' lang='lat' dir='ltr'><strong>commorati:</strong></span> <span class='ocrx_word' id='word_1_161' title='bbox 585 1333 704 1372; x_wconf 89' lang='lat' dir='ltr'><strong>saepe</strong></span> <span class='ocrx_word' id='word_1_162' title='bbox 724 1322 832 1357; x_wconf 88' lang='lat' dir='ltr'><strong>enim</strong></span> <span class='ocrx_word' id='word_1_163' title='bbox 851 1322 1000 1358; x_wconf 87' lang='lat' dir='ltr'><strong>flumen</strong></span> <span class='ocrx_word' id='word_1_164' title='bbox 1026 1322 1265 1359; x_wconf 87' lang='lat' dir='ltr'><strong>traiicientes</strong></span> <span class='ocrx_word' id='word_1_165' title='bbox 1291 1329 1330 1358; x_wconf 86' lang='lat' dir='ltr'><strong>et</strong></span> <span class='ocrx_word' id='word_1_166' title='bbox 1355 1336 1428 1373; x_wconf 89' lang='lat' dir='ltr'><strong>per</strong></span> <span class='ocrx_word' id='word_1_167' title='bbox 1444 1325 1644 1361; x_wconf 89' lang='lat' dir='ltr'><strong>Romanas</strong></span> 
     </span>
     <span class='ocr_line' id='line_1_21' title="bbox 185 1377 1646 1427; baseline 0.001 -13"><span class='ocrx_word' id='word_1_168' title='bbox 185 1377 408 1427; x_wconf 87' lang='lat' dir='ltr'><strong>provincias</strong></span> <span class='ocrx_word' id='word_1_169' title='bbox 428 1384 682 1415; x_wconf 85' lang='lat' dir='ltr'><strong>excurrentes</strong></span> <span class='ocrx_word' id='word_1_170' title='bbox 700 1378 834 1415; x_wconf 89' lang='lat' dir='ltr'><strong>omnia</strong></span> <span class='ocrx_word' id='word_1_171' title='bbox 854 1377 1075 1414; x_wconf 82' lang='lat' dir='ltr'><strong>vastabant.</strong></span> <span class='ocrx_word' id='word_1_172' title='bbox 1121 1391 1212 1415; x_wconf 91' lang='lat' dir='ltr'><strong>cum</strong></span> <span class='ocrx_word' id='word_1_173' title='bbox 1233 1384 1367 1415; x_wconf 92' lang='lat' dir='ltr'><strong>autem</strong></span> <span class='ocrx_word' id='word_1_174' title='bbox 1390 1380 1480 1416; x_wconf 88' lang='lat' dir='ltr'><strong>cisis</strong></span> <span class='ocrx_word' id='word_1_175' title='bbox 1499 1381 1646 1417; x_wconf 88' lang='lat' dir='ltr'><strong>Istmm</strong></span> 
     </span>
     <span class='ocr_line' id='line_1_22' title="bbox 184 1431 1647 1500; baseline 0.003 -31"><span class='ocrx_word' id='word_1_176' title='bbox 184 1431 332 1500; x_wconf 80' lang='lat' dir='ltr'><strong>pedem</strong></span> <span class='ocrx_word' id='word_1_177' title='bbox 356 1435 603 1483; x_wconf 83' lang='lat' dir='ltr'><strong>intulissent,</strong></span> <span class='ocrx_word' id='word_1_178' title='bbox 643 1434 780 1486; x_wconf 89' lang='lat' dir='ltr'><strong>ibique</strong></span> <span class='ocrx_word' id='word_1_179' title='bbox 809 1441 957 1471; x_wconf 89' lang='lat' dir='ltr'><strong>certam</strong></span> <span class='ocrx_word' id='word_1_180' title='bbox 978 1432 1116 1471; x_wconf 80' lang='lat' dir='ltr'><strong>sedem</strong></span> <span class='ocrx_word' id='word_1_181' title='bbox 1135 1433 1282 1471; x_wconf 90' lang='lat' dir='ltr'><strong>habere</strong></span> <span class='ocrx_word' id='word_1_182' title='bbox 1308 1436 1552 1486; x_wconf 87' lang='lat' dir='ltr'><strong>coepissent,</strong></span> <span class='ocrx_word' id='word_1_183' title='bbox 1582 1436 1647 1473; x_wconf 87' lang='lat' dir='ltr'><strong>la—</strong></span> 
     </span>
     <span class='ocr_line' id='line_1_23' title="bbox 186 1489 1648 1542; baseline 0.002 -16"><span class='ocrx_word' id='word_1_184' title='bbox 186 1493 264 1527; x_wconf 85' lang='lat' dir='ltr'><strong>tior</strong></span> <span class='ocrx_word' id='word_1_185' title='bbox 286 1491 341 1528; x_wconf 81' lang='lat' dir='ltr'><strong>eis</strong></span> <span class='ocrx_word' id='word_1_186' title='bbox 363 1491 491 1542; x_wconf 85' lang='lat' dir='ltr'><strong>patuit</strong></span> <span class='ocrx_word' id='word_1_187' title='bbox 510 1492 576 1528; x_wconf 83' lang='lat' dir='ltr'><strong>via</strong></span> <span class='ocrx_word' id='word_1_188' title='bbox 601 1489 654 1528; x_wconf 93' lang='lat' dir='ltr'><strong>ad</strong></span> <span class='ocrx_word' id='word_1_189' title='bbox 682 1503 744 1528; x_wconf 91' lang='lat' dir='ltr'><strong>res</strong></span> <span class='ocrx_word' id='word_1_190' title='bbox 766 1491 1036 1528; x_wconf 88' lang='lat' dir='ltr'><strong>Romanorum</strong></span> <span class='ocrx_word' id='word_1_191' title='bbox 1060 1489 1309 1542; x_wconf 80' lang='lat' dir='ltr'><strong>affligendas.</strong></span> <span class='ocrx_word' id='word_1_192' title='bbox 1367 1491 1586 1529; x_wconf 86' lang='lat' dir='ltr'><strong>Menander</strong></span> <span class='ocrx_word' id='word_1_193' title='bbox 1605 1494 1648 1529; x_wconf 84' lang='lat' dir='ltr'><strong>in</strong></span> 
     </span>
     <span class='ocr_line' id='line_1_24' title="bbox 186 1546 1648 1616; baseline 0.002 -33"><span class='ocrx_word' id='word_1_194' title='bbox 186 1546 288 1583; x_wconf 81' lang='lat' dir='ltr'><strong>Exc.</strong></span> <span class='ocrx_word' id='word_1_195' title='bbox 323 1547 372 1584; x_wconf 86' lang='lat' dir='ltr'><strong>de</strong></span> <span class='ocrx_word' id='word_1_196' title='bbox 396 1546 517 1598; x_wconf 80' lang='lat' dir='ltr'><strong>legat.</strong></span> <span class='ocrx_word' id='word_1_197' title='bbox 530 1561 600 1616; x_wconf 55' lang='lat' dir='ltr'><strong>‚ip</strong></span> <span class='ocrx_word' id='word_1_198' title='bbox 622 1549 699 1588; x_wconf 80' lang='lat'><strong>101</strong></span> <span class='ocrx_word' id='word_1_199' title='bbox 734 1553 900 1584; x_wconf 88' lang='lat' dir='ltr'><strong>testatur</strong></span> <span class='ocrx_word' id='word_1_200' title='bbox 916 1547 1066 1584; x_wconf 88' lang='lat' dir='ltr'><strong>Abares</strong></span> <span class='ocrx_word' id='word_1_201' title='bbox 1069 1561 1188 1614; x_wconf 34' lang='lat' dir='ltr'><strong>*Uper</strong></span> <span class='ocrx_word' id='word_1_202' title='bbox 1178 1548 1332 1599; x_wconf 85' lang='lat' dir='ltr'><strong>legatos</strong></span> <span class='ocrx_word' id='word_1_203' title='bbox 1352 1550 1574 1599; x_wconf 88' lang='lat' dir='ltr'><strong>postulasse</strong></span> <span class='ocrx_word' id='word_1_204' title='bbox 1599 1549 1648 1586; x_wconf 91' lang='lat' dir='ltr'><strong>ab</strong></span> 
     </span>
     <span class='ocr_line' id='line_1_25' title="bbox 188 1598 1651 1673; baseline 0.004 -34"><span class='ocrx_word' id='word_1_205' title='bbox 188 1597 600 1673; x_wconf 61' lang='grc' dir='ltr'>11151111111110,ἒφ’ω</span> <span class='ocrx_word' id='word_1_206' title='bbox 620 1604 728 1654; x_wconf 75' lang='grc' dir='ltr'><strong><em>σφᾶς</em></strong></span> <span class='ocrx_word' id='word_1_207' title='bbox 744 1605 1018 1655; x_wconf 80' lang='grc' dir='ltr'><strong><em>περιαθρῆσαι</em></strong></span> <span class='ocrx_word' id='word_1_208' title='bbox 1034 1605 1134 1656; x_wconf 82' lang='grc' dir='ltr'><strong><em>γῆν,</em></strong></span> <span class='ocrx_word' id='word_1_209' title='bbox 1164 1619 1258 1644; x_wconf 86' lang='grc' dir='ltr'><strong><em>οποι</em></strong></span> <span class='ocrx_word' id='word_1_210' title='bbox 1279 1601 1323 1644; x_wconf 71' lang='lat' dir='ltr'><strong>vd</strong></span> <span class='ocrx_word' id='word_1_211' title='bbox 1343 1607 1476 1654; x_wconf 83' lang='grc' dir='ltr'><strong><em>φῦλον</em></strong></span> <span class='ocrx_word' id='word_1_212' title='bbox 1496 1600 1651 1656; x_wconf 77' lang='grc' dir='ltr'><strong><em>θησον-</em></strong></span> 
     </span>
     <span class='ocr_line' id='line_1_26' title="bbox 187 1656 1650 1727; baseline 0.001 -29"><span class='ocrx_word' id='word_1_213' title='bbox 187 1674 252 1698; x_wconf 88' lang='grc' dir='ltr'><strong>ται</strong></span> <span class='ocrx_word' id='word_1_214' title='bbox 267 1657 339 1707; x_wconf 71' lang='grc' dir='ltr'><strong>τοὶς</strong></span> <span class='ocrx_word' id='word_1_215' title='bbox 359 1656 548 1711; x_wconf 83' lang='grc' dir='ltr'><strong><em>οἰκήσεις</em></strong></span> <span class='ocrx_word' id='word_1_216' title='bbox 607 1672 653 1697; x_wconf 92' lang='lat' dir='ltr'><strong>ac</strong></span> <span class='ocrx_word' id='word_1_217' title='bbox 669 1666 756 1697; x_wconf 90' lang='lat' dir='ltr'><strong>tum</strong></span> <span class='ocrx_word' id='word_1_218' title='bbox 775 1658 939 1711; x_wconf 90' lang='lat' dir='ltr'><strong>quidem</strong></span> <span class='ocrx_word' id='word_1_219' title='bbox 958 1658 1007 1697; x_wconf 92' lang='lat' dir='ltr'><strong>de</strong></span> <span class='ocrx_word' id='word_1_220' title='bbox 1028 1659 1257 1711; x_wconf 92' lang='lat' dir='ltr'><strong>occupanda</strong></span> <span class='ocrx_word' id='word_1_221' title='bbox 1272 1661 1442 1710; x_wconf 83' lang='lat' dir='ltr'><strong>Sirmio,</strong></span> <span class='ocrx_word' id='word_1_222' title='bbox 1481 1662 1650 1727; x_wconf 82' lang='lat' dir='ltr'><strong>amplis-</strong></span> 
     </span>
     <span class='ocr_line' id='line_1_27' title="bbox 190 1716 1650 1790; baseline 0.001 -38"><span class='ocrx_word' id='word_1_223' title='bbox 190 1717 292 1752; x_wconf 90' lang='lat' dir='ltr'><strong>sima</strong></span> <span class='ocrx_word' id='word_1_224' title='bbox 322 1729 367 1753; x_wconf 90' lang='lat' dir='ltr'><strong>ac</strong></span> <span class='ocrx_word' id='word_1_225' title='bbox 397 1716 653 1753; x_wconf 86' lang='lat' dir='ltr'><strong>celeberrima</strong></span> <span class='ocrx_word' id='word_1_226' title='bbox 685 1717 861 1764; x_wconf 86' lang='lat' dir='ltr'><strong>civitate,</strong></span> <span class='ocrx_word' id='word_1_227' title='bbox 901 1718 1095 1767; x_wconf 79' lang='lat' dir='ltr'><strong>cogitasse</strong></span> <span class='ocrx_word' id='word_1_228' title='bbox 1116 1730 1170 1754; x_wconf 86' lang='lat' dir='ltr'><strong>ex</strong></span> <span class='ocrx_word' id='word_1_229' title='bbox 1192 1731 1238 1754; x_wconf 90' lang='lat' dir='ltr'><strong>eo</strong></span> <span class='ocrx_word' id='word_1_230' title='bbox 1258 1725 1447 1790; x_wconf 87' lang='lat' dir='ltr'><strong>apparet,</strong></span> <span class='ocrx_word' id='word_1_231' title='bbox 1479 1717 1619 1769; x_wconf 89' lang='lat' dir='ltr'><strong>quod</strong></span> <span class='ocrx_word' id='word_1_232' title='bbox 1607 1731 1650 1754; x_wconf 92' lang='grc'><strong>111</strong></span> 
     </span>
     <span class='ocr_line' id='line_1_28' title="bbox 189 1770 1653 1841; baseline 0.002 -33"><span class='ocrx_word' id='word_1_233' title='bbox 189 1773 409 1822; x_wconf 89' lang='lat' dir='ltr'><strong>legatione,</strong></span> <span class='ocrx_word' id='word_1_234' title='bbox 451 1785 572 1824; x_wconf 88' lang='lat' dir='ltr'><strong>quam</strong></span> <span class='ocrx_word' id='word_1_235' title='bbox 602 1770 746 1809; x_wconf 88' lang='lat' dir='ltr'><strong>deinde</strong></span> <span class='ocrx_word' id='word_1_236' title='bbox 764 1771 816 1809; x_wconf 92' lang='lat' dir='ltr'><strong>ad</strong></span> <span class='ocrx_word' id='word_1_237' title='bbox 834 1773 1031 1809; x_wconf 89' lang='lat' dir='ltr'><strong>Iustinum</strong></span> <span class='ocrx_word' id='word_1_238' title='bbox 1046 1773 1262 1821; x_wconf 88' lang='lat' dir='ltr'><strong>miserunt,</strong></span> <span class='ocrx_word' id='word_1_239' title='bbox 1275 1773 1426 1811; x_wconf 90' lang='lat' dir='ltr'><strong>iidem</strong></span> <span class='ocrx_word' id='word_1_240' title='bbox 1443 1775 1653 1841; x_wconf 84' lang='lat' dir='ltr'><strong>petierunt</strong></span> 
     </span>
     <span class='ocr_line' id='line_1_29' title="bbox 192 1824 1653 1895; baseline 0.002 -28"><span class='ocrx_word' id='word_1_241' title='bbox 192 1839 292 1867; x_wconf 80' lang='grc' dir='ltr'><strong><em>ωστε</em></strong></span> <span class='ocrx_word' id='word_1_242' title='bbox 311 1825 355 1868; x_wconf 85' lang='grc' dir='ltr'><strong><em>τό</em></strong></span> <span class='ocrx_word' id='word_1_243' title='bbox 375 1827 548 1895; x_wconf 80' lang='grc' dir='ltr'><strong><em>Σίρμιόν</em></strong></span> <span class='ocrx_word' id='word_1_244' title='bbox 566 1827 607 1867; x_wconf 82' lang='grc' dir='ltr'><strong>οἰ</strong></span> <span class='ocrx_word' id='word_1_245' title='bbox 623 1827 857 1879; x_wconf 77' lang='grc' dir='ltr'><strong><em>ἕνδοθῆναι,</em></strong></span> <span class='ocrx_word' id='word_1_246' title='bbox 885 1827 954 1867; x_wconf 84' lang='grc' dir='ltr'><strong>καὶ</strong></span> <span class='ocrx_word' id='word_1_247' title='bbox 973 1843 1022 1867; x_wconf 89' lang='grc' dir='ltr'><strong>τα</strong></span> <span class='ocrx_word' id='word_1_248' title='bbox 1041 1824 1206 1880; x_wconf 78' lang='grc' dir='ltr'><strong><em>συνήθη</em></strong></span> <span class='ocrx_word' id='word_1_249' title='bbox 1223 1825 1416 1880; x_wconf 75' lang='grc' dir='ltr'><strong><em>χρήματα,</em></strong></span> <span class='ocrx_word' id='word_1_250' title='bbox 1437 1827 1464 1869; x_wconf 73' lang='grc' dir='ltr'><em>ἃ</em></span> <span class='ocrx_word' id='word_1_251' title='bbox 1483 1831 1653 1883; x_wconf 83' lang='grc' dir='ltr'><strong><em>Κουτρί-</em></strong></span> 
     </span>
     <span class='ocr_line' id='line_1_30' title="bbox 191 1878 1651 1955; baseline 0.001 -32"><span class='ocrx_word' id='word_1_252' title='bbox 191 1898 340 1955; x_wconf 79' lang='grc' dir='ltr'><strong><em>γουροι</em></strong></span> <span class='ocrx_word' id='word_1_253' title='bbox 361 1899 427 1923; x_wconf 80' lang='grc' dir='ltr'><strong>και</strong></span> <span class='ocrx_word' id='word_1_254' title='bbox 460 1880 731 1952; x_wconf 77' lang='grc' dir='ltr'><strong><em>Οὗτρίγονροι</em></strong></span> <span class='ocrx_word' id='word_1_255' title='bbox 749 1898 851 1951; x_wconf 85' lang='grc' dir='ltr'><strong><em>προς</em></strong></span> <span class='ocrx_word' id='word_1_256' title='bbox 882 1878 1165 1923; x_wconf 84' lang='grc' dir='ltr'><strong><em>Ἰουστινιανοῦ</em></strong></span> <span class='ocrx_word' id='word_1_257' title='bbox 1184 1884 1419 1950; x_wconf 78' lang='grc' dir='ltr'><strong><em>ἐκομίζοντο</em></strong></span> <span class='ocrx_word' id='word_1_258' title='bbox 1446 1885 1651 1936; x_wconf 77' lang='grc' dir='ltr'><strong><em>βασιλέως,</em></strong></span> 
     </span>
     <span class='ocr_line' id='line_1_31' title="bbox 195 1935 1651 1991; baseline 0.002 -11"><span class='ocrx_word' id='word_1_259' title='bbox 195 1936 262 1980; x_wconf 87' lang='grc' dir='ltr'><strong>οἷα</strong></span> <span class='ocrx_word' id='word_1_260' title='bbox 289 1937 340 1990; x_wconf 82' lang='grc' dir='ltr'><strong>δη</strong></span> <span class='ocrx_word' id='word_1_261' title='bbox 371 1935 498 1979; x_wconf 75' lang='grc' dir='ltr'><strong><em>αὐτοῦ</em></strong></span> <span class='ocrx_word' id='word_1_262' title='bbox 525 1955 648 1991; x_wconf 83' lang='grc' dir='ltr'><strong><em>αμφω</em></strong></span> <span class='ocrx_word' id='word_1_263' title='bbox 675 1936 731 1979; x_wconf 71' lang='lat' dir='ltr'><strong>w*</strong></span> <span class='ocrx_word' id='word_1_264' title='bbox 760 1936 876 1990; x_wconf 83' lang='grc' dir='ltr'><strong><em>φύλω</em></strong></span> <span class='ocrx_word' id='word_1_265' title='bbox 901 1954 1029 1979; x_wconf 84' lang='grc' dir='ltr'><strong><em>τουτω</em></strong></span> <span class='ocrx_word' id='word_1_266' title='bbox 1056 1935 1303 1991; x_wconf 79' lang='grc' dir='ltr'><strong><em>κατεχόντος.</em></strong></span> <span class='ocrx_word' id='word_1_267' title='bbox 1360 1940 1456 1978; x_wconf 78' lang='lat' dir='ltr'><strong>ibid.</strong></span> <span class='ocrx_word' id='word_1_268' title='bbox 1479 1955 1526 1991; x_wconf 84' lang='lat' dir='ltr'><strong>p.</strong></span> <span class='ocrx_word' id='word_1_269' title='bbox 1555 1942 1651 1983; x_wconf 87' lang='lat'><strong>154.</strong></span> 
     </span>
     <span class='ocr_line' id='line_1_32' title="bbox 195 1994 1652 2048; baseline 0.001 -15"><span class='ocrx_word' id='word_1_270' title='bbox 195 2003 298 2034; x_wconf 90' lang='lat' dir='ltr'><strong>certe</strong></span> <span class='ocrx_word' id='word_1_271' title='bbox 318 1997 515 2044; x_wconf 85' lang='grc'>11151111115,</span> <span class='ocrx_word' id='word_1_272' title='bbox 552 1994 684 2048; x_wconf 89' lang='lat' dir='ltr'><strong>quoad</strong></span> <span class='ocrx_word' id='word_1_273' title='bbox 713 1996 862 2047; x_wconf 87' lang='lat' dir='ltr'><strong>potuit,</strong></span> <span class='ocrx_word' id='word_1_274' title='bbox 894 1996 1067 2033; x_wconf 89' lang='lat' dir='ltr'><strong>obstitit:</strong></span> <span class='ocrx_word' id='word_1_275' title='bbox 1105 1995 1177 2034; x_wconf 87' lang='lat' dir='ltr'><strong>sed</strong></span> <span class='ocrx_word' id='word_1_276' title='bbox 1204 1997 1275 2033; x_wconf 91' lang='lat' dir='ltr'><strong>sub</strong></span> <span class='ocrx_word' id='word_1_277' title='bbox 1300 1997 1463 2035; x_wconf 90' lang='lat' dir='ltr'><strong>Tiberio</strong></span> <span class='ocrx_word' id='word_1_278' title='bbox 1488 1997 1652 2035; x_wconf 80' lang='lat' dir='ltr'><strong>tandem</strong></span> 
     </span>
     <span class='ocr_line' id='line_1_33' title="bbox 193 2049 1655 2106; baseline 0.001 -14"><span class='ocrx_word' id='word_1_279' title='bbox 193 2050 238 2093; x_wconf 86' lang='grc' dir='ltr'>τὸ</span> <span class='ocrx_word' id='word_1_280' title='bbox 262 2053 432 2105; x_wconf 83' lang='grc' dir='ltr'><strong><em>Σίρμιον</em></strong></span> <span class='ocrx_word' id='word_1_281' title='bbox 454 2067 497 2092; x_wconf 90' lang='grc' dir='ltr'><strong>το</strong></span> <span class='ocrx_word' id='word_1_282' title='bbox 521 2049 620 2092; x_wconf 89' lang='grc' dir='ltr'><strong><em>α’στυ</em></strong></span> <span class='ocrx_word' id='word_1_283' title='bbox 646 2051 688 2092; x_wconf 79' lang='grc' dir='ltr'><strong>ἐν</strong></span> <span class='ocrx_word' id='word_1_284' title='bbox 708 2051 842 2104; x_wconf 80' lang='grc' dir='ltr'><strong><em>χερσὶν</em></strong></span> <span class='ocrx_word' id='word_1_285' title='bbox 862 2049 1030 2105; x_wconf 79' lang='grc' dir='ltr'><strong><em>ἐγεγόνει</em></strong></span> <span class='ocrx_word' id='word_1_286' title='bbox 1048 2054 1130 2092; x_wconf 75' lang='grc' dir='ltr'><strong>τῶν</strong></span> <span class='ocrx_word' id='word_1_287' title='bbox 1154 2050 1346 2093; x_wconf 84' lang='grc' dir='ltr'><strong><em>Ουννων·</em></strong></span> <span class='ocrx_word' id='word_1_288' title='bbox 1376 2056 1590 2106; x_wconf 81' lang='grc' dir='ltr'><strong><em>προῆλθον</em></strong></span> <span class='ocrx_word' id='word_1_289' title='bbox 1608 2054 1655 2094; x_wconf 80' lang='grc' dir='ltr'><strong>αἱ</strong></span> 
     </span>
     <span class='ocr_line' id='line_1_34' title="bbox 195 2106 1648 2161; baseline -0.001 -12"><span class='ocrx_word' id='word_1_290' title='bbox 195 2109 388 2149; x_wconf 82' lang='grc' dir='ltr'><strong><em>σπονδαί·</em></strong></span> <span class='ocrx_word' id='word_1_291' title='bbox 423 2108 468 2148; x_wconf 84' lang='grc' dir='ltr'><strong>αἴ</strong></span> <span class='ocrx_word' id='word_1_292' title='bbox 485 2106 528 2148; x_wconf 81' lang='grc' dir='ltr'><strong>δὲ</strong></span> <span class='ocrx_word' id='word_1_293' title='bbox 548 2111 749 2159; x_wconf 80' lang='grc' dir='ltr'><strong><em>συνθῆκαι</em></strong></span> <span class='ocrx_word' id='word_1_294' title='bbox 769 2108 1031 2149; x_wconf 79' lang='grc' dir='ltr'><strong><em>ἔπουείδιστοι</em></strong></span> <span class='ocrx_word' id='word_1_295' title='bbox 1048 2107 1275 2161; x_wconf 79' lang='grc' dir='ltr'><strong><em>Ῥωμαίοις.</em></strong></span> <span class='ocrx_word' id='word_1_296' title='bbox 1315 2109 1534 2147; x_wconf 86' lang='lat' dir='ltr'><strong>Menander</strong></span> <span class='ocrx_word' id='word_1_297' title='bbox 1550 2109 1648 2148; x_wconf 84' lang='lat' dir='ltr'><strong>ibid.</strong></span> 
     </span>
     <span class='ocr_line' id='line_1_35' title="bbox 191 2161 1651 2217; baseline 0.002 -15"><span class='ocrx_word' id='word_1_298' title='bbox 191 2180 236 2216; x_wconf 78' lang='lat' dir='ltr'><strong>p.</strong></span> <span class='ocrx_word' id='word_1_299' title='bbox 260 2166 355 2205; x_wconf 88' lang='grc'>117.</span> <span class='ocrx_word' id='word_1_300' title='bbox 411 2172 619 2217; x_wconf 88' lang='lat' dir='ltr'><strong>propterea</strong></span> <span class='ocrx_word' id='word_1_301' title='bbox 635 2164 772 2203; x_wconf 88' lang='lat' dir='ltr'><strong>Pisida</strong></span> <span class='ocrx_word' id='word_1_302' title='bbox 791 2166 990 2202; x_wconf 86' lang='lat' dir='ltr'><strong>exclamat</strong></span> <span class='ocrx_word' id='word_1_303' title='bbox 1015 2161 1117 2216; x_wconf 76' lang='grc' dir='ltr'><strong><em>ὅσην</em></strong></span> <span class='ocrx_word' id='word_1_304' title='bbox 1143 2163 1187 2205; x_wconf 78' lang='grc' dir='ltr'><strong>δὲ</strong></span> <span class='ocrx_word' id='word_1_305' title='bbox 1205 2162 1347 2206; x_wconf 71' lang='grc' dir='ltr'><strong><em>λοιπόν</em></strong></span> <span class='ocrx_word' id='word_1_306' title='bbox 1367 2174 1440 2204; x_wconf 85' lang='lat' dir='ltr'><strong>etc.</strong></span> <span class='ocrx_word' id='word_1_307' title='bbox 1498 2167 1651 2205; x_wconf 87' lang='lat' dir='ltr'><strong>Abares</strong></span> 
     </span>
     <span class='ocr_line' id='line_1_36' title="bbox 197 2222 1651 2275; baseline 0.003 -18"><span class='ocrx_word' id='word_1_308' title='bbox 197 2223 304 2258; x_wconf 87' lang='lat' dir='ltr'><strong>enim</strong></span> <span class='ocrx_word' id='word_1_309' title='bbox 327 2234 409 2258; x_wconf 93' lang='lat' dir='ltr'><strong>non</strong></span> <span class='ocrx_word' id='word_1_310' title='bbox 429 2228 632 2259; x_wconf 90' lang='lat' dir='ltr'><strong>contentos</strong></span> <span class='ocrx_word' id='word_1_311' title='bbox 650 2224 796 2260; x_wconf 90' lang='lat' dir='ltr'><strong>Istrum</strong></span> <span class='ocrx_word' id='word_1_312' title='bbox 816 2223 1016 2259; x_wconf 87' lang='lat' dir='ltr'><strong>traiecisse</strong></span> <span class='ocrx_word' id='word_1_313' title='bbox 1029 2251 1039 2270; x_wconf 90' lang='lat'>‚</span> <span class='ocrx_word' id='word_1_314' title='bbox 1071 2223 1175 2259; x_wconf 90' lang='lat' dir='ltr'><strong>ultra</strong></span> <span class='ocrx_word' id='word_1_315' title='bbox 1196 2222 1347 2260; x_wconf 89' lang='lat' dir='ltr'><strong>Savum</strong></span> <span class='ocrx_word' id='word_1_316' title='bbox 1367 2224 1487 2260; x_wconf 87' lang='lat' dir='ltr'><strong>etiam</strong></span> <span class='ocrx_word' id='word_1_317' title='bbox 1510 2236 1651 2275; x_wconf 90' lang='lat' dir='ltr'><strong>super-</strong></span> 
     </span>
     <span class='ocr_line' id='line_1_37' title="bbox 198 2277 1511 2330; baseline 0.001 -15"><span class='ocrx_word' id='word_1_318' title='bbox 198 2284 345 2323; x_wconf 81' lang='lat' dir='ltr'><strong>structo</strong></span> <span class='ocrx_word' id='word_1_319' title='bbox 368 2283 489 2328; x_wconf 89' lang='lat' dir='ltr'><strong>ponte</strong></span> <span class='ocrx_word' id='word_1_320' title='bbox 509 2285 672 2329; x_wconf 82' lang='lat' dir='ltr'><strong>vagatos</strong></span> <span class='ocrx_word' id='word_1_321' title='bbox 691 2292 777 2316; x_wconf 88' lang='lat' dir='ltr'><strong>esse</strong></span> <span class='ocrx_word' id='word_1_322' title='bbox 793 2279 919 2330; x_wconf 88' lang='lat' dir='ltr'><strong>liquet</strong></span> <span class='ocrx_word' id='word_1_323' title='bbox 938 2291 990 2315; x_wconf 85' lang='lat' dir='ltr'><strong>ex</strong></span> <span class='ocrx_word' id='word_1_324' title='bbox 1009 2277 1151 2316; x_wconf 89' lang='lat' dir='ltr'><strong>eodem</strong></span> <span class='ocrx_word' id='word_1_325' title='bbox 1168 2286 1326 2316; x_wconf 89' lang='lat' dir='ltr'><strong>auctore</strong></span> <span class='ocrx_word' id='word_1_326' title='bbox 1341 2294 1386 2329; x_wconf 84' lang='lat' dir='ltr'><strong>p.</strong></span> <span class='ocrx_word' id='word_1_327' title='bbox 1417 2281 1511 2321; x_wconf 79' lang='lat'><strong>128.</strong></span> 
     </span>
    </p>

    <p class='ocr_par' dir='ltr' id='par_1_8' title="bbox 199 2335 1660 2669">
     <span class='ocr_line' id='line_1_38' title="bbox 312 2335 1653 2386; baseline 0.002 -15"><span class='ocrx_word' id='word_1_328' title='bbox 312 2335 379 2375; x_wconf 85' lang='lat'><strong>38.</strong></span> <span class='ocrx_word' id='word_1_329' title='bbox 437 2347 574 2371; x_wconf 90' lang='lat' dir='ltr'><strong>omnes</strong></span> <span class='ocrx_word' id='word_1_330' title='bbox 589 2342 680 2385; x_wconf 87' lang='lat' dir='ltr'><strong>post</strong></span> <span class='ocrx_word' id='word_1_331' title='bbox 696 2336 958 2372; x_wconf 86' lang='lat' dir='ltr'><strong>Iustinianum</strong></span> <span class='ocrx_word' id='word_1_332' title='bbox 979 2337 1249 2386; x_wconf 86' lang='lat' dir='ltr'><strong>imperatores,</strong></span> <span class='ocrx_word' id='word_1_333' title='bbox 1275 2335 1461 2373; x_wconf 83' lang='lat' dir='ltr'><strong>videlicet</strong></span> <span class='ocrx_word' id='word_1_334' title='bbox 1480 2337 1653 2375; x_wconf 84' lang='lat' dir='ltr'><strong>Iustinus</strong></span> 
     </span>
     <span class='ocr_line' id='line_1_39' title="bbox 199 2389 1654 2440; baseline 0.001 -12"><span class='ocrx_word' id='word_1_335' title='bbox 199 2391 387 2428; x_wconf 88' lang='lat' dir='ltr'><strong>Tiberius</strong></span> <span class='ocrx_word' id='word_1_336' title='bbox 407 2391 620 2428; x_wconf 90' lang='lat' dir='ltr'><strong>Mauricius</strong></span> <span class='ocrx_word' id='word_1_337' title='bbox 637 2389 792 2429; x_wconf 90' lang='lat' dir='ltr'><strong>Phocas</strong></span> <span class='ocrx_word' id='word_1_338' title='bbox 811 2399 850 2428; x_wconf 90' lang='lat' dir='ltr'><strong>et</strong></span> <span class='ocrx_word' id='word_1_339' title='bbox 866 2393 1085 2440; x_wconf 88' lang='lat' dir='ltr'><strong>Heraclius,</strong></span> <span class='ocrx_word' id='word_1_340' title='bbox 1117 2393 1248 2429; x_wconf 87' lang='lat' dir='ltr'><strong>conati</strong></span> <span class='ocrx_word' id='word_1_341' title='bbox 1270 2399 1361 2429; x_wconf 90' lang='lat' dir='ltr'><strong>sunt</strong></span> <span class='ocrx_word' id='word_1_342' title='bbox 1383 2399 1491 2430; x_wconf 86' lang='lat' dir='ltr'><strong>trans</strong></span> <span class='ocrx_word' id='word_1_343' title='bbox 1510 2395 1654 2430; x_wconf 90' lang='lat' dir='ltr'><strong>Istrum</strong></span> 
     </span>
     <span class='ocr_line' id='line_1_40' title="bbox 200 2446 1657 2500; baseline 0.002 -17"><span class='ocrx_word' id='word_1_344' title='bbox 200 2447 350 2484; x_wconf 83' lang='lat' dir='ltr'><strong>Abares</strong></span> <span class='ocrx_word' id='word_1_345' title='bbox 374 2447 632 2498; x_wconf 86' lang='lat' dir='ltr'><strong>compellere,</strong></span> <span class='ocrx_word' id='word_1_346' title='bbox 672 2446 743 2485; x_wconf 89' lang='lat' dir='ltr'><strong>sed</strong></span> <span class='ocrx_word' id='word_1_347' title='bbox 761 2448 926 2496; x_wconf 86' lang='lat' dir='ltr'><strong>frustra,</strong></span> <span class='ocrx_word' id='word_1_348' title='bbox 963 2447 1072 2500; x_wconf 88' lang='lat' dir='ltr'><strong>quod</strong></span> <span class='ocrx_word' id='word_1_349' title='bbox 1094 2449 1274 2486; x_wconf 82' lang='lat' dir='ltr'><strong>viribus&#39;</strong></span> <span class='ocrx_word' id='word_1_350' title='bbox 1263 2461 1436 2499; x_wconf 75' lang='lat' dir='ltr'><strong>impares</strong></span> <span class='ocrx_word' id='word_1_351' title='bbox 1455 2457 1586 2487; x_wconf 89' lang='lat' dir='ltr'><strong>essent</strong></span> <span class='ocrx_word' id='word_1_352' title='bbox 1606 2448 1657 2486; x_wconf 88' lang='lat' dir='ltr'><strong>ad</strong></span> 
     </span>
     <span class='ocr_line' id='line_1_41' title="bbox 201 2502 1659 2557; baseline 0.001 -17"><span class='ocrx_word' id='word_1_353' title='bbox 201 2502 473 2554; x_wconf 88' lang='lat' dir='ltr'><strong>reprimendos</strong></span> <span class='ocrx_word' id='word_1_354' title='bbox 496 2503 706 2552; x_wconf 87' lang='lat' dir='ltr'><strong>barbaros,</strong></span> <span class='ocrx_word' id='word_1_355' title='bbox 746 2506 979 2554; x_wconf 73' lang='lat' dir='ltr'><strong>praesertim</strong></span> <span class='ocrx_word' id='word_1_356' title='bbox 1004 2518 1094 2542; x_wconf 90' lang='lat' dir='ltr'><strong>cum</strong></span> <span class='ocrx_word' id='word_1_357' title='bbox 1122 2518 1201 2542; x_wconf 90' lang='lat' dir='ltr'><strong>uno</strong></span> <span class='ocrx_word' id='word_1_358' title='bbox 1233 2503 1454 2557; x_wconf 90' lang='lat' dir='ltr'><strong>eodemque</strong></span> <span class='ocrx_word' id='word_1_359' title='bbox 1482 2513 1659 2557; x_wconf 86' lang='lat' dir='ltr'><strong>tempore</strong></span> 
     </span>
     <span class='ocr_line' id='line_1_42' title="bbox 202 2558 1660 2613; baseline 0.003 -18"><span class='ocrx_word' id='word_1_360' title='bbox 202 2560 260 2596; x_wconf 85' lang='lat' dir='ltr'><strong>eis</strong></span> <span class='ocrx_word' id='word_1_361' title='bbox 282 2566 385 2597; x_wconf 86' lang='lat' dir='ltr'><strong>esset</strong></span> <span class='ocrx_word' id='word_1_362' title='bbox 404 2558 677 2597; x_wconf 84' lang='lat' dir='ltr'><strong>dimicandum</strong></span> <span class='ocrx_word' id='word_1_363' title='bbox 699 2566 834 2597; x_wconf 86' lang='lat' dir='ltr'><strong>contra</strong></span> <span class='ocrx_word' id='word_1_364' title='bbox 856 2562 1011 2609; x_wconf 89' lang='lat' dir='ltr'><strong>Persas,</strong></span> <span class='ocrx_word' id='word_1_365' title='bbox 1043 2574 1066 2598; x_wconf 90' lang='lat' dir='ltr'><strong>a</strong></span> <span class='ocrx_word' id='word_1_366' title='bbox 1088 2562 1231 2613; x_wconf 89' lang='lat' dir='ltr'><strong>quibus</strong></span> <span class='ocrx_word' id='word_1_367' title='bbox 1250 2562 1521 2610; x_wconf 81' lang='lat' dir='ltr'><strong>vexabantur3</strong></span> <span class='ocrx_word' id='word_1_368' title='bbox 1554 2561 1660 2599; x_wconf 86' lang='lat' dir='ltr'><strong>unde</strong></span> 
     </span>
     <span class='ocr_line' id='line_1_43' title="bbox 203 2614 1658 2669; baseline 0.002 -18"><span class='ocrx_word' id='word_1_369' title='bbox 203 2627 282 2651; x_wconf 89' lang='lat' dir='ltr'><strong>non</strong></span> <span class='ocrx_word' id='word_1_370' title='bbox 303 2617 427 2652; x_wconf 89' lang='lat' dir='ltr'><strong>semel</strong></span> <span class='ocrx_word' id='word_1_371' title='bbox 446 2615 498 2653; x_wconf 92' lang='lat' dir='ltr'><strong>ad</strong></span> <span class='ocrx_word' id='word_1_372' title='bbox 514 2617 656 2654; x_wconf 86' lang='lat' dir='ltr'><strong>incitas</strong></span> <span class='ocrx_word' id='word_1_373' title='bbox 677 2614 825 2653; x_wconf 90' lang='lat' dir='ltr'><strong>redacti</strong></span> <span class='ocrx_word' id='word_1_374' title='bbox 842 2617 1018 2654; x_wconf 85' lang='lat' dir='ltr'><strong>Abarum</strong></span> <span class='ocrx_word' id='word_1_375' title='bbox 1037 2630 1155 2669; x_wconf 91' lang='lat' dir='ltr'><strong>opem</strong></span> <span class='ocrx_word' id='word_1_376' title='bbox 1172 2618 1386 2668; x_wconf 88' lang='lat' dir='ltr'><strong>implorare</strong></span> <span class='ocrx_word' id='word_1_377' title='bbox 1411 2620 1536 2655; x_wconf 88' lang='lat' dir='ltr'><strong>coacti</strong></span> <span class='ocrx_word' id='word_1_378' title='bbox 1554 2624 1658 2656; x_wconf 88' lang='lat' dir='ltr'><strong>sunt.</strong></span> 
     </span>
    </p>

    <p class='ocr_par' dir='ltr' id='par_1_9' title="bbox 204 2670 1665 2893">
     <span class='ocr_line' id='line_1_44' title="bbox 314 2670 1661 2726; baseline -0.001 -15"><span class='ocrx_word' id='word_1_379' title='bbox 314 2671 382 2711; x_wconf 87' lang='grc'><strong>41.</strong></span> <span class='ocrx_word' id='word_1_380' title='bbox 440 2670 639 2721; x_wconf 88' lang='lat' dir='ltr'><strong>historici,</strong></span> <span class='ocrx_word' id='word_1_381' title='bbox 678 2685 778 2724; x_wconf 92' lang='lat' dir='ltr'><strong>quos</strong></span> <span class='ocrx_word' id='word_1_382' title='bbox 795 2674 937 2710; x_wconf 76' lang='lat' dir='ltr'><strong>tacitus</strong></span> <span class='ocrx_word' id='word_1_383' title='bbox 956 2673 1093 2710; x_wconf 88' lang='lat' dir='ltr'><strong>laudat</strong></span> <span class='ocrx_word' id='word_1_384' title='bbox 1110 2672 1269 2721; x_wconf 87' lang='lat' dir='ltr'><strong>Pisida,</strong></span> <span class='ocrx_word' id='word_1_385' title='bbox 1310 2673 1418 2726; x_wconf 87' lang='lat' dir='ltr'><strong>quod</strong></span> <span class='ocrx_word' id='word_1_386' title='bbox 1439 2682 1530 2711; x_wconf 91' lang='lat' dir='ltr'><strong>ante</strong></span> <span class='ocrx_word' id='word_1_387' title='bbox 1551 2687 1593 2711; x_wconf 88' lang='lat' dir='ltr'><strong>se</strong></span> <span class='ocrx_word' id='word_1_388' title='bbox 1612 2673 1661 2710; x_wconf 88' lang='lat' dir='ltr'><strong>de</strong></span> 
     </span>
     <span class='ocr_line' id='line_1_45' title="bbox 204 2726 1663 2782; baseline 0.001 -19"><span class='ocrx_word' id='word_1_389' title='bbox 204 2726 320 2764; x_wconf 91' lang='lat' dir='ltr'><strong>rebus</strong></span> <span class='ocrx_word' id='word_1_390' title='bbox 339 2740 430 2764; x_wconf 86' lang='lat' dir='ltr'><strong>cum</strong></span> <span class='ocrx_word' id='word_1_391' title='bbox 444 2728 622 2766; x_wconf 88' lang='lat' dir='ltr'><strong>barbaris</strong></span> <span class='ocrx_word' id='word_1_392' title='bbox 642 2730 764 2779; x_wconf 84' lang='lat' dir='ltr'><strong>gestis</strong></span> <span class='ocrx_word' id='word_1_393' title='bbox 785 2730 1012 2780; x_wconf 87' lang='lat' dir='ltr'><strong>scripserint</strong></span> <span class='ocrx_word' id='word_1_394' title='bbox 1025 2759 1035 2778; x_wconf 95' lang='lat'><strong>,</strong></span> <span class='ocrx_word' id='word_1_395' title='bbox 1077 2736 1180 2767; x_wconf 86' lang='lat' dir='ltr'><strong>certe</strong></span> <span class='ocrx_word' id='word_1_396' title='bbox 1199 2737 1290 2767; x_wconf 90' lang='lat' dir='ltr'><strong>sunt</strong></span> <span class='ocrx_word' id='word_1_397' title='bbox 1305 2732 1514 2782; x_wconf 87' lang='lat' dir='ltr'><strong>Dexippus</strong></span> <span class='ocrx_word' id='word_1_398' title='bbox 1536 2728 1663 2766; x_wconf 86' lang='lat' dir='ltr'><strong>Athe-</strong></span> 
     </span>
     <span class='ocr_line' id='line_1_46' title="bbox 204 2784 1665 2835; baseline 0.002 -17"><span class='ocrx_word' id='word_1_399' title='bbox 204 2784 374 2831; x_wconf 89' lang='lat' dir='ltr'><strong>niensis,</strong></span> <span class='ocrx_word' id='word_1_400' title='bbox 414 2785 619 2835; x_wconf 90' lang='lat' dir='ltr'><strong>Eunapius</strong></span> <span class='ocrx_word' id='word_1_401' title='bbox 639 2784 877 2834; x_wconf 76' lang='lat' dir='ltr'><strong>Sardianus,</strong></span> <span class='ocrx_word' id='word_1_402' title='bbox 915 2787 1073 2824; x_wconf 85' lang='lat' dir='ltr'><strong>Priscus</strong></span> <span class='ocrx_word' id='word_1_403' title='bbox 1094 2787 1236 2823; x_wconf 88' lang='lat' dir='ltr'><strong>Penita</strong></span> <span class='ocrx_word' id='word_1_404' title='bbox 1258 2784 1409 2834; x_wconf 90' lang='lat' dir='ltr'><strong>rhetor,</strong></span> <span class='ocrx_word' id='word_1_405' title='bbox 1447 2784 1665 2823; x_wconf 87' lang='lat' dir='ltr'><strong>Menander</strong></span> 
     </span>
     <span class='ocr_line' id='line_1_47' title="bbox 206 2840 1665 2893; baseline 0.003 -18"><span class='ocrx_word' id='word_1_406' title='bbox 206 2840 426 2889; x_wconf 58' lang='lat' dir='ltr'><strong>Proteum,</strong></span> <span class='ocrx_word' id='word_1_407' title='bbox 459 2842 676 2891; x_wconf 82' lang='lat' dir='ltr'><strong>Procopius</strong></span> <span class='ocrx_word' id='word_1_408' title='bbox 697 2843 982 2892; x_wconf 85' lang='lat' dir='ltr'><strong>Caesariensis,</strong></span> <span class='ocrx_word' id='word_1_409' title='bbox 1023 2840 1215 2893; x_wconf 80' lang='lat' dir='ltr'><strong>Agathias</strong></span> <span class='ocrx_word' id='word_1_410' title='bbox 1238 2844 1477 2880; x_wconf 87' lang='lat' dir='ltr'><strong>Murinensis</strong></span> <span class='ocrx_word' id='word_1_411' title='bbox 1507 2840 1665 2880; x_wconf 84' lang='lat' dir='ltr'><strong>schola-</strong></span> 
     </span>
    </p>
   </div>
  </div>
 </body>
</html>
