1890 3224
433 154 508 197 DE
540 154 924 200 EXPEDITIONE
948 157 1173 202 PERSIGA
1201 157 1322 203 ACR.
1349 158 1403 204 Π.
1591 160 1649 206 13

413 270 486 323 γῆς
507 269 574 310 καὶ
594 266 804 324 θαλάττης
820 269 889 312 τὸν
907 267 1032 313 σάλον
1050 271 1309 325 κατέσβεσας.

439 389 442 392 ⁴
464 336 578 379 Ἰδὼν
600 337 643 379 δὲ
664 341 791 380 ταῦτα
813 339 879 380 καὶ
901 336 1092 389 στενάξας
1113 337 1134 382 ὃ
1156 339 1314 396 φθόνος

297 403 380 447 240
415 405 586 460 (πολλὴν
606 405 682 462 γὰρ
703 404 801 461 ἔγνω
819 407 962 460 ζημίαν
978 407 1218 450 πεπονθέναι
1231 440 1246 460 ,

411 473 572 527 βλέπων
591 471 808 524 τοσούτους
830 474 872 516 ἐν
892 478 1042 531 βραχεῖ
1057 477 1351 531 σεσωσμένους)

410 538 571 595 πλήττει
591 540 661 583 τὸν
681 540 804 598 ἄκρον
825 546 899 584 τοῦ
918 540 1042 593 ποδός
1064 558 1139 586 σου
1159 542 1371 597 δάκτυλον,

410 607 576 660 ἑαυτὸν,
611 607 667 659 ὥς
684 608 805 662 ἔοικε,
833 608 1060 668 μορφώσας
1079 613 1206 671 λίθῳ·

408 676 546 733 θερμὴ
567 676 608 718 δ’
632 675 878 732 ἀνηκόντιζεν
899 679 1070 733 αἵματος
1084 677 1203 734 χύσις

295 742 376 786 245
405 743 621 799 βάπτουσα
641 745 714 799 τὴν
730 749 817 801 γῆν,
850 748 918 788 καὶ
939 751 1119 789 καλοῦσα
1140 746 1353 805 μάρτυρα“

408 814 528 868 ἐχρῆν
544 811 621 871 γαρ
639 810 735 866 ῦμῖν
753 816 808 863 εἷς
823 813 1020 867 ἆμείωτον
1034 813 1156 871 χάριν

407 884 480 934 τῆς
503 879 704 933 εὐσεβείας
724 881 959 938 προσμένειν
979 881 1030 923 τὰ
1052 884 1265 939 στίγματα.

453 947 565 990 ,Ἀλλ’
592 945 647 998 ὡς
669 948 791 991 ἐκεῖνο
811 953 884 1004 τῆς
905 947 1078 1006 ἀνάγκης
1097 950 1143 992 τὸ
1166 946 1326 1008 σκάφος

403 1016 472 1058 καὶ
493 1019 574 1057 τῶν
594 1014 798 1059 τοσούτων
817 1015 1007 1072 κυμάτων
1028 1016 1290 1075 ἄφήρπασας,

288 1084 372 1126 250
404 1083 478 1137 τὴν
499 1084 692 1138 κοσμικὴν
714 1083 877 1128 ἅπασαν
902 1084 1031 1136 οὕτως
1050 1084 1206 1128 ὃλκάὸα

400 1150 519 1203 σώζοι
542 1151 599 1192 δι’
626 1150 741 1207 ῦμῶν
761 1153 878 1211 μέχρι
901 1153 1050 1203 παντὸς
1067 1155 1110 1196 ἐκ
1131 1152 1254 1208 ζάλης

402 1217 424 1261 ὃ
446 1223 653 1274 πανταχοῦ
670 1220 825 1265 σκέπων
846 1237 889 1265 σε
911 1226 985 1265 τοῦ
1005 1225 1108 1265 θεοῦ
1128 1220 1260 1278 λόγος.

865 1396 941 1452 Β.

396 1493 699 1576 Δημόσθενες,
733 1518 907 1580 πρόελθε
930 1521 1006 1564 σὺν
1025 1521 1245 1580 παρρησίᾳ.
1293 1513 1306 1519 ’

395 1587 505 1645 λόγοι
528 1595 744 1647 κρατοῦσι·
778 1590 836 1644 μὴ
859 1588 1061 1647 ταράττου
1085 1594 1156 1632 νῦν
1178 1587 1318 1646 φόβῳ·

396 1659 600 1708 Φίλιππος
619 1658 666 1700 οὗ
689 1656 894 1715 πάρεστιν,
924 1658 1020 1700 ἀλλ’
1043 1656 1065 1700 ὅ
1091 1655 1301 1711 δεσπότης.

395 1725 576 1776 κίνδυνος
597 1727 727 1776 οὐδείς
735 1758 748 1779 ,
784 1729 850 1768 καὶ
872 1725 1028 1780 σιωπὴν
1049 1728 1085 1768 εἰ
1107 1723 1283 1775 πάθοις,

334 1792 362 1832 5
396 1798 539 1843 κοινῶς
561 1792 750 1837 ἁπάντων
768 1795 836 1836 καὶ
859 1798 992 1843 καλῶς
1013 1792 1258 1848 ἡττημένων.

261 1975 284 2010 4
305 1943 446 2017 armvgg
467 1977 532 2012 cod
673 1978 695 2013 5
717 1974 936 2034 ἡττωμένων
965 1977 1007 2012 ed

167 2121 284 2166 risque
309 2122 437 2158 rabiem
464 2124 673 2170 temperasti.
720 2125 804 2159 haec
833 2126 944 2159 autem
974 2123 1094 2158 videns
1123 2125 1226 2169 atque
1254 2120 1476 2175 ingemisqens
1504 2119 1633 2156 invidia

169 2167 272 2211 (240)
289 2168 444 2212 (multum
469 2170 554 2204 enim
580 2170 689 2204 sensit
702 2182 740 2204 se
755 2170 908 2205 damnum
923 2169 1042 2204 tulisse
1058 2169 1267 2215 conspiciens
1280 2168 1367 2202 tales
1383 2178 1474 2200 viros
1489 2171 1632 2211 repente

168 2214 407 2257 conservatos)
424 2215 505 2249 ferit
518 2215 568 2249 tui
582 2216 678 2261 pedis
691 2216 913 2250 summitatem
929 2215 1044 2260 digiti,
1065 2215 1206 2249 mentita
1218 2240 1228 2257 ‚
1253 2218 1292 2247 ut
1306 2213 1382 2247 visa
1398 2217 1463 2256 est,
1484 2212 1629 2256 figuram

165 2267 224 2290 sco
251 2258 305 2292 uli.
361 2259 489 2294 calidus
504 2266 615 2295 autem
631 2261 742 2306 erupit
756 2261 928 2305 sanguinis
945 2262 1037 2295 rivus
1065 2261 1168 2306 (245)
1184 2259 1335 2294 inficiens
1350 2263 1494 2312 ωτι-81112
1525 2262 1629 2311 teque

166 2302 230 2336 dec
244 2315 343 2338 arans
358 2310 551 2348 martyrem.
600 2307 747 2341 decebat
773 2307 859 2341 enim
884 2312 924 2340 ut
948 2306 983 2340 in
1008 2306 1163 2350 integrae
1177 2305 1309 2350 gratiae
1324 2310 1549 2338 testimonium
1566 2303 1627 2336 tibi

163 2347 314 2383 inessent
335 2350 472 2394 pietatis
488 2351 658 2395 stigmata.
705 2354 770 2387 Ast
785 2352 872 2386 sicut
888 2352 971 2386 illud
986 2356 1023 2386 tu
1039 2364 1081 2386 ex
1097 2350 1261 2396 angustiis
1277 2350 1448 2394 navigium
1463 2353 1567 2393 atque
1582 2359 1626 2381 ex

163 2398 261 2427 tanta
275 2399 479 2441 tempestate
495 2397 671 2442 eripuisti,
694 2398 801 2442 (250)
818 2398 868 2432 sic
884 2402 991 2432 totam
1006 2398 1075 2431 late
1090 2397 1291 2431 mundialem
1305 2396 1415 2431 navim
1432 2398 1548 2430 servet
1563 2404 1626 2439 per

163 2443 198 2472 te
212 2449 346 2493 semper
360 2452 382 2475 a
397 2442 567 2487 procellis,
591 2443 681 2488 quod
695 2449 730 2478 te
745 2443 870 2488 ubique
887 2447 1014 2486 tuetur,
1037 2443 1094 2478 dei
1110 2443 1264 2478 verbum.

787 2592 791 2596 '
853 2580 925 2635 II.

160 2650 360 2725 prodeas,
381 2684 647 2731 Demosthenes,
670 2690 708 2723 et
721 2687 930 2723 confidenter
946 2689 1096 2735 loquere.
1145 2684 1304 2732 loquendi
1316 2688 1372 2720 est
1385 2686 1556 2731 potestas:
1579 2692 1622 2715 ne

160 2732 195 2760 te
213 2739 300 2762 nunc
314 2728 415 2764 timor
429 2732 590 2776 exagitet.
637 2745 704 2768 non
730 2734 829 2768 adest
842 2734 1018 2780 Philippus
1032 2760 1044 2779 ,
1079 2733 1138 2768 sed
1167 2733 1333 2777 despota,
1365 2730 1548 2781 periculum
1570 2731 1622 2760 0⁵¹²

160 2773 284 2808 nullum
297 2801 309 2818 ,
340 2778 376 2811 et
390 2775 421 2811 si
434 2780 473 2824 tn
487 2775 638 2821 silueris,'
672 2779 734 2824 (5)
750 2779 840 2823 late,
872 2782 910 2814 et
924 2781 1024 2827 plene
1040 2779 1193 2814 omnibus
1208 2777 1364 2813 devictis.
1409 2786 1475 2820 ego
1491 2771 1622 2818 qmdem
