1838 3210
226 179 322 231 148
795 180 876 226 DU
915 178 1105 224 GANGn

440 289 732 341 composuitque
751 288 880 327 solum
899 290 1060 328 devotus
1079 288 1253 327 carmine
1275 289 1403 337 claro,

495 347 614 384 erexit
628 346 759 397 regias
777 346 952 398 undique
970 346 1174 395 mirificas.

221 403 278 441 ita
300 400 408 454 apud
429 403 684 440 Anastasium
704 403 746 438 in
770 404 943 440 Honorio
966 404 1055 440 PP:
1084 402 1282 439 investivit
1306 402 1437 452 reg-ias
1462 401 1608 438 ianuas
1629 401 1674 437 in

219 461 401 510 ingressu
433 458 618 495 eeclesiae
653 459 836 504 maiores,
866 472 970 510 quae
996 458 1254 509 appellantur
1282 457 1504 503 medianae,
1533 469 1580 493 ex
1603 470 1673 493 ar-

216 522 351 567 gento.
409 515 453 551 in
472 515 654 552 Conone:
683 516 755 566 qui
772 516 884 552 missi
887 515 1061 566 fioerant
1079 515 1127 553 de
1143 515 1311 551 exercim
1328 513 1386 551 ad
1400 512 1674 551 custodiendas

218 572 352 622 regias
369 569 574 617 basilicae,
602 570 761 608 clausas
779 570 1052 609 observabant.
1111 572 1153 608 in
1172 571 1305 608 Leone
1324 582 1374 607 111
1393 570 1525 621 regiae
1545 570 1673 608 maio-

218 641 279 665 res
301 640 341 679 p.
364 626 456 676 131,
477 628 571 674 133,
595 625 686 676 134,
709 626 802 668 143.

332 685 402 724 81.
458 682 644 721 Tandem
669 684 921 735 pervenimus
952 680 1004 720 ad
1032 682 1192 720 tertiam
1213 694 1381 734 eamque
1402 681 1586 720 ultimam
1606 693 1673 718 sa-

218 752 306 777 crae
344 737 454 777 aedis
482 747 658 791 partem,
687 741 729 776 in
757 753 835 792 qua
857 735 1135 792 πολύγλωσσος
1159 735 1316 790 ὅμιλος,
1347 745 1391 775 ut
1409 739 1583 790 loquitur
1605 737 1673 775 Si-

218 796 444 843 lentiarius,
475 809 547 833 seu
575 794 754 833 fidelium
777 797 891 834 turba
910 808 963 833 ex
978 796 1098 833 variis
1119 795 1302 846 gentibus
1323 795 1550 846 linguisque
1574 805 1672 830 con-

217 852 311 889 flata
333 852 585 890 consistebat.
643 851 693 889 de
711 853 819 891 illius
839 852 998 903 propria
1020 853 1286 902 appellatione
1303 852 1375 888 vix
1393 852 1496 887 inter
1514 863 1556 887 se
1575 862 1673 887 con-

217 909 393 947 sentiunt
425 909 652 959 scriptores:
682 909 852 946 Allatius
882 909 990 945 enim
1016 906 1215 945 narthecis
1236 908 1396 944 nomine
1415 905 1554 944 donari
1575 918 1673 943 con-

217 962 364 1012 tendit,
395 965 505 1002 cuius
534 962 610 1001 hac
641 965 684 1001 in
715 978 757 1002 re
785 965 1021 1002 sententiam
1041 977 1159 1015 supra
1176 969 1355 1001 accurato
1372 963 1466 1000 satis
1485 962 1672 999 examine

218 1019 490 1058 discussimus.
547 1021 616 1057 alii
634 1017 812 1073 πρόναον
830 1021 1071 1072 appellatam
1090 1020 1247 1068 volunt,
1279 1026 1323 1056 ut
1343 1031 1444 1071 quae
1463 1024 1552 1055 ante
1569 1013 1673 1058 ναόν

218 1089 290 1115 seu
319 1074 484 1114 chorum
515 1075 826 1127 ingredientibus
854 1083 1056 1114 occurrat·
1046 1104 1058 1125 .,
1101 1083 1220 1128 atque
1248 1074 1290 1112 id
1318 1073 1475 1113 videtur
1505 1075 1672 1111 innuere

218 1131 391 1171 eodinus
415 1131 464 1169 de
484 1106 582 1171 Off?
581 1145 615 1170 c·
635 1135 710 1174 17·
741 1130 851 1179 ἐκτός
870 1135 952 1172 τῶν
972 1131 1131 1183 ωραίων
1148 1129 1372 1184 λεγομένων
1391 1131 1548 1180 πυλῶν,
1580 1127 1672 1181 ἤτοι

216 1187 261 1230 ἕν
292 1185 623 1241 uoovdqv.na1n
651 1189 724 1225 etsi
753 1189 903 1225 Goarus
930 1185 1029 1224 haec
1058 1187 1179 1224 verba
1203 1185 1252 1224 de
1277 1186 1472 1224 vestibulo
1495 1186 1560 1224 vel
1575 1198 1673 1223 nar-

218 1243 332 1282 thece
363 1241 554 1295 capienda
586 1250 765 1293 censeat,
794 1245 913 1294 longe
939 1249 1074 1280 tamen
1100 1249 1251 1291 errant,
1279 1243 1409 1295 inquit
1428 1241 1538 1280 idem
1555 1243 1672 1280 Alla-

217 1301 319 1348 tius,
352 1300 526 1338 Gnarum
554 1298 754 1348 indicans,
787 1301 857 1352 qui
883 1312 1053 1350 pronaos
1081 1300 1255 1351 porticus
1283 1312 1368 1336 esse
1390 1299 1544 1337 volunt.
1597 1311 1674 1336 nec

220 1357 350 1395 obstat
367 1356 610 1394 Balsamon
598 1369 642 1393 ιιι
660 1368 745 1393 can.
766 1356 821 1398 74
840 1354 991 1407 Synod.
1011 1356 1228 1394 Trullanae
1244 1355 1313 1393 ubi
1332 1356 1387 1393 ait
1403 1351 1534 1396 πάντα
1548 1348 1674 1396 τόπον

216 1415 275 1467 τῷ
307 1412 434 1481 κυρίῳ
463 1408 773 1464 ἆνατεθειμένον
805 1408 1000 1461 κυριακὸν
1038 1410 1245 1478 λέγεσθαι,
1288 1407 1367 1451 κᾶν
1397 1408 1454 1463 μή
1486 1410 1674 1462 ἐκκλησίᾳ

214 1452 344 1520 ἐστίν,
374 1463 471 1517 ἆλλφέ
503 1465 680 1522 πρόναος
708 1483 827 1520 τυχον
850 1464 929 1520 ἢ“
907 1464 1040 1521 ετερόν
1064 1483 1102 1508 τι
1124 1463 1254 1520 ἱερόν,
1285 1469 1452 1519 qu1ppe‚
1482 1474 1527 1505 ut
1552 1467 1674 1504 infert

215 1523 326 1562 idem
348 1525 541 1573 Allatius,
573 1525 761 1562 ecclesiae
788 1523 980 1562 vocabulo
1006 1519 1101 1571 ναός
1123 1525 1280 1576 proprie
1296 1524 1543 1574 intelligitur.
1601 1536 1673 1562 eo-

217 1579 390 1632 demque
413 1593 532 1618 sensu
548 1578 849 1631 percipiendum
870 1593 956 1617 esse
979 1586 1110 1617 censet
1129 1581 1252 1617 alium
1268 1580 1516 1617 Balsamonis
1537 1580 1671 1617 locum

217 1635 270 1674 ad
288 1649 375 1675 can.
394 1637 422 1676 2
440 1637 622 1688 Dionysii
641 1634 882 1683 Alexandr„
911 1637 954 1672 in
981 1648 1060 1687 quo
1085 1630 1265 1688 πρόναον
1286 1648 1308 1672 a
1326 1636 1506 1686 proaulio
1529 1633 1673 1673 distin-

217 1694 326 1744 guit,
354 1705 519 1744 esseque
547 1692 682 1730 scribit
710 1687 837 1732 τόπον
861 1690 1045 1743 δευτέρας
1061 1692 1290 1742 μετανοίας,
1319 1706 1391 1730 τον
1413 1706 1495 1730 των
1516 1687 1672 1742 ἀκροω-

217 1747 352 1801 μένων
377 1745 602 1803 λεγόμενον.
659 1761 788 1799 neque
814 1754 950 1785 tamen
979 1748 1099 1798 plana
1125 1747 1195 1784 illa
1223 1747 1266 1784 fit
1283 1759 1336 1784 ex
1352 1747 1402 1784 iis
1419 1747 1517 1784 locis
1531 1747 1671 1785 Allatii

76 1810 106 1846 P
129 1808 197 1846 592
218 1805 437 1843 sententia:
469 1805 615 1856 quippe
647 1816 738 1841 cum
768 1816 821 1840 ex
852 1802 995 1840 eodem
1021 1804 1209 1854 scriptore
1239 1801 1291 1840 ad
1321 1815 1408 1840 can.
1437 1801 1488 1843 14
1515 1804 1672 1841 concilii

217 1862 402 1909 Nicaeni‚
433 1867 472 1898 et
498 1862 542 1898 in
572 1861 700 1911 Epist.
730 1859 911 1909 Gregorii
929 1861 1099 1911 Nysseni
1123 1857 1175 1896 ad
1198 1860 1404 1908 Letoium,
1436 1858 1586 1907 ἔξωθεν
1600 1860 1675 1900 τοῦ

217 1919 324 1958 ναοῦ
352 1918 506 1955 stetisse
536 1915 741 1954 audientes
763 1914 965 1964 dicantur,
994 1915 1064 1953 ubi
1086 1915 1154 1952 alii
1178 1914 1252 1963 ἔξω
1271 1917 1341 1966 τῆς
1365 1914 1574 1966 ἐκκλησίας
1596 1914 1673 1954 ha-

215 1974 333 2022 bent,
362 1974 405 2010 in
428 1986 505 2010 nao
530 1986 624 2011 vero
647 1985 719 2010 seu
739 1970 857 2009 choro
875 1972 980 2009 solos
1003 1972 1165 2009 clericos
1196 1978 1234 2008 et
1261 1978 1373 2010 extra
1393 1983 1517 2008 naum
1535 1970 1672 2011 fideles

219 2030 441 2069 constitisse
462 2027 607 2067 diserte
627 2029 876 2067 silentiarius
898 2026 1059 2078 prodat,
1089 2040 1169 2064 non
1190 2027 1308 2077 plane
1331 2025 1446 2064 video
1472 2026 1671 2093 quomodo

217 2082 317 2133 ναός
345 2086 399 2123 sit
424 2085 495 2122 illa
520 2097 612 2136 pars
639 2085 755 2121 tertia
776 2082 884 2121 aedis
904 2095 1051 2121 sacrae.
1108 2081 1250 2120 deinde
1267 2083 1479 2121 Balsamon
1498 2084 1553 2120 ait
1571 2099 1673 2136 προ-

218 2136 345 2188 νάους
376 2153 514 2178 eorum
546 2141 670 2178 fuisse
702 2140 845 2191 quibus
878 2151 961 2176 non
989 2138 1134 2176 licebat
1163 2135 1430 2190 ἐκκλησιάζειν
1452 2152 1521 2177 seu
1541 2140 1671 2177 eccle-

219 2197 320 2235 siam
347 2195 526 2246 ingredi,
556 2202 601 2233 ut
629 2194 904 2243 audientibus3
935 2193 1042 2246 quod
1072 2193 1377 2245 intelligendum
1405 2202 1464 2233 est
1491 2194 1540 2232 de
1565 2202 1671 2234 tem-

217 2265 315 2304 pore
335 2263 413 2303 quo
433 2264 543 2290 sacra
559 2251 849 2302 peragebantur
866 2251 1072 2301 mysteria:
1101 2263 1196 2287 nam
1216 2258 1306 2288 ante
1326 2252 1576 2302 evangelium
1602 2265 1671 2290 ec-

219 2309 383 2346 clesiam
412 2306 735 2358 ingrediebantur
765 2306 817 2344 ad
841 2318 970 2344 sacras
1005 2307 1215 2357 scripturas
1237 2314 1275 2344 et
1292 2306 1477 2346 homilias
1501 2307 1670 2346 audien-

220 2363 313 2412 das3
341 2361 447 2401 unde
473 2359 723 2416 ἀκροώμενοι
745 2361 860 2399 dicti:
890 2368 979 2413 post
997 2364 1248 2413 evangelium
1269 2370 1401 2401 autem
1416 2376 1468 2400 ex
1484 2377 1530 2402 ea
1550 2378 1671 2402 exce-

219 2419 368 2458 debant
385 2426 424 2457 et
440 2421 483 2456 in
500 2418 687 2457 narthece
705 2418 987 2467 consistebant,
1019 2417 1115 2455 dum
1131 2432 1241 2457 sacra
1259 2420 1562 2458 conficiebantur
1577 2434 1670 2473 my·-

216 2477 359 2525 steria,
388 2478 471 2515 ταῖν
495 2477 674 2528 φρικταῑν
695 2472 983 2525 ἕκτελουμένων
1006 2476 1255 2527 μυστηρίων,
1285 2482 1328 2512 ut
1350 2474 1470 2513 habet
1491 2476 1668 2527 Symeon

216 2530 403 2571 Thessal.
425 2532 526 2569 libro
549 2538 683 2569 contra
703 2529 901 2568 haereses.
957 2529 1123 2582 proinde
1143 2532 1336 2568 incertum
1358 2532 1594 2583 relinquitur
1614 2545 1667 2570 an

217 2586 326 2640 apud
342 2588 523 2625 Nicetam
540 2588 583 2624 in
601 2588 709 2624 Man.
727 2587 755 2623 l.
777 2589 805 2628 2
828 2586 982 2634 εἴσοδος
999 2589 1074 2627 τοῦ
1093 2584 1275 2639 προνάου
1297 2588 1348 2624 sit
1366 2588 1451 2638 ipse
1471 2588 1580 2626 aedis
1599 2601 1666 2627 sa-

218 2656 307 2682 crae
328 2656 380 2681 an
395 2656 489 2682 vero
507 2643 694 2681 vestibuli
709 2643 922 2693 ingressus.
978 2641 1086 2696 quod
1104 2644 1212 2680 enim
1232 2643 1445 2681 Balsamon
1463 2641 1668 2695 προνάους

218 2713 243 2738 a
269 2700 458 2751 proauliis
485 2698 714 2751 distinguit,
742 2699 826 2736 fieri
849 2705 978 2750 potest
997 2705 1041 2736 ut
1061 2699 1287 2751 προαυλίων
1306 2712 1402 2737 voce
1423 2701 1666 2739 intellexerit

217 2768 348 2805 areas,
377 2768 478 2808 quae
506 2762 597 2793 ante
624 2754 742 2793 aedes
767 2767 895 2793 sacras
924 2761 1124 2806 prostant:
1155 2761 1259 2792 certe
1279 2762 1431 2794 constat
1450 2757 1546 2794 olim
1564 2771 1666 2809 προ-

215 2827 342 2862 ναους
356 2810 552 2852 eiusmodi
567 2813 665 2851 atria
683 2811 899 2865 appellata3
930 2823 1008 2864 qua
1022 2811 1181 2850 notione
1197 2823 1374 2863 pronaon
1391 2814 1528 2852 matris
1544 2811 1664 2851 deum
