1838 3210
546 166 883 236 DESCRIPTIO
915 193 960 237 5.
994 192 1244 236 SOPHIAE.
1554 185 1639 239 93'

163 304 239 344 hoc
262 305 382 356 longe
411 304 529 343 altius
560 318 645 342 esse
671 315 744 356 par
769 310 828 342 est
858 302 1040 354 credere,
1070 305 1105 343 si
1134 301 1335 342 latitudini
1359 301 1526 341 altitudo
1553 317 1620 341 re-

163 361 368 414 spondeat.
426 374 516 399 cum
550 360 721 413 denique
754 373 856 397 auno
887 360 1027 398 mundi
1058 363 1172 399 iuxta
1198 363 1367 398 Graecos
1390 359 1523 408 6494,
1553 362 1619 397 111-

163 418 336 456 dictione
371 418 444 466 15,
488 431 624 456 mense
656 417 812 455 Octobri
839 430 891 454 ex
917 425 1044 456 terrae
1074 425 1187 456 motu
1214 430 1397 456 succussa
1429 417 1619 469 pleraque

164 475 271 512 urbis
289 475 438 524 templa
458 488 503 512 ac
522 474 699 512 aedificia
724 475 983 523 corruissent,
1013 476 1218 526 ipsiusque
1236 472 1522 527 hemisphaerii
1542 475 1620 512 So-

162 530 302 583 phiani
327 544 438 582 pars,
468 530 572 568 hanc
600 532 814 582 imperator
844 532 1016 569 Basilius
1041 532 1356 582 Bulgaroctonus
1377 543 1532 568 rursum
1554 533 1621 567 in-

164 589 374 635 stauravit,
404 583 641 639 δαπανήσας
672 588 727 635 εἷς
755 587 878 639 μόνας
902 603 973 635 τας
993 603 1172 639 μηχανας
1190 592 1264 628 τοῦ
1283 584 1455 635 α’νόδου,
1485 583 1542 626 δι’
1562 601 1622 626 ων

164 644 207 683 οἰ
236 647 405 695 τεχνῖται
433 640 638 696 ἱστάμενοι
665 644 733 684 καὶ
755 641 826 691 τοὶς
853 640 953 691 vias
976 641 1227 712 ἀνοιγομένας
1248 641 1453 696 δεχόμενοι
1478 639 1624 698 ᾠκοδό-

162 715 268 794 ἐρυν
299 697 344 740 τὸ
376 697 606 750 πεπτωκός,
649 701 815 753 χρυσίου
843 697 1083 754 κεντηνᾶρια
1110 699 1219 742 δέκα.
1276 702 1333 739 ita
1361 701 1553 753 Scylitzes
1583 707 1622 738 et

213 769 321 808 ycas.

275 812 344 853 36.
400 813 466 849 Ex
496 812 665 862 singulis
693 825 810 862 porro
838 813 951 863 pilis,
980 813 1040 849 uti
1073 826 1191 865 supra
1215 825 1267 850 ex
1290 813 1423 864 Gyllio
1445 811 1623 850 ostendi-

163 882 277 916 mus,
315 867 492 919 duplices
523 881 635 905 arcus
668 875 884 910 nascuntur
913 870 956 905 in
989 870 1130 920 templi
1157 868 1409 907 latitudinem
1439 871 1624 919 porrecti,

163 927 219 962 ita
237 931 281 962 ut
299 937 435 962 eorum
453 925 622 963 alterum
639 937 759 962 cornu
780 926 1032 976 conquiescat
1048 927 1090 962 in
1109 939 1224 966 muro
1239 927 1484 963 extrinsecus
1505 926 1624 962 obni-

162 988 270 1018 tente
286 982 501 1018 maioribus
518 982 631 1032 pilis,
662 994 685 1017 a
703 981 846 1032 quibus
865 989 1049 1033 quattuor
1066 994 1179 1019 arcus
1197 984 1239 1021 111
1258 988 1470 1034 utrumque
1488 983 1623 1032 parie-

163 1040 212 1075 tis
234 1038 337 1075 latus
361 1039 629 1085 emittuntur,
650 1036 728 1075 duo
748 1037 909 1089 quidem
926 1039 1158 1077 inferiorum
1180 1040 1302 1076 trium
1321 1040 1503 1075 aularum
1527 1052 1623 1075 con-

164 1095 469 1131 camerationem
491 1095 750 1142 sustinentes,
781 1095 925 1146 reliqui
946 1093 1025 1132 duo
1047 1097 1297 1146 superiorum
1317 1094 1483 1132 totidem
1509 1096 1625 1132 aula-

163 1164 252 1188 rum
275 1150 514 1198 testudines3
547 1163 714 1202 quarum
735 1151 860 1188 latera
883 1151 1131 1202 singularum
1151 1153 1298 1203 partim
1318 1151 1550 1189 adnituntur
1572 1150 1624 1188 ad

163 1220 295 1255 arcus,
325 1208 471 1258 partim
491 1206 542 1244 ad
559 1210 751 1258 parietes,
779 1209 925 1259 partim
943 1207 994 1245 ad
1014 1209 1233 1247 columnas.
1291 1210 1439 1261 quippe
1459 1221 1550 1245 cum
1569 1222 1622 1245 ex

163 1264 308 1302 crebris
341 1270 467 1301 terrae
499 1265 673 1302 motibus
706 1264 771 1302 vel
798 1263 974 1315 pondere
999 1263 1285 1316 hemisphaerii
1317 1266 1424 1316 pilae
1451 1267 1624 1302 maiores

163 1327 348 1373 quattuor
375 1321 621 1369 laborarent,
652 1323 843 1359 exstructi
864 1328 957 1359 sunt
978 1323 1084 1359 muri
1106 1329 1292 1374 quattuor
1315 1322 1426 1371 longi
1447 1322 1538 1372 plus
1560 1323 1626 1359 vi·-

162 1379 265 1428 ginti
292 1376 436 1428 pedes,
465 1378 536 1415 lati
558 1378 650 1428 plus
675 1385 762 1416 octo
775 1407 785 1425 ,
813 1379 857 1415 in
877 1377 1130 1416 altitudinem
1147 1381 1346 1417 maiorum
1362 1379 1536 1429 pilarum
1557 1391 1625 1416 as-

162 1440 388 1484 surgentes,
418 1433 561 1486 quibus
577 1435 662 1471 vice
679 1430 921 1485 ἐρεισμᾶτων
941 1441 1154 1486 utrumque
1169 1436 1276 1473 latus
1293 1434 1403 1472 aedis
1420 1437 1626 1486 pertinens

163 1488 216 1526 ad
251 1491 557 1540 septentrionem
592 1497 631 1527 et
662 1489 714 1527 ad
744 1489 955 1528 meridiem
985 1491 1245 1555 praefulcitur
1268 1504 1314 1529 ac
1338 1493 1627 1543 praemunitur.

163 1545 360 1584 eiusmodi
377 1546 550 1597 pilarum
567 1559 639 1585 seu
648 1556 858 1596 pesa-orum
872 1548 938 1584 vel
948 1549 1151 1598 pisaeorum
1169 1548 1404 1585 fulcimenta
1422 1550 1628 1599 παραπίσ-

164 1615 230 1642 σια
262 1610 404 1640 vocant
429 1603 523 1640 libri
543 1603 743 1641 Basilicon
769 1602 820 1641 ad
846 1603 928 1654 leg.
951 1602 1011 1643 14
1035 1603 1124 1641 cod.
1145 1603 1194 1642 de
1216 1605 1375 1655 Operib.
1394 1605 1511 1641 Publ.
1534 1612 1627 1642 tan-

163 1671 284 1710 quam
301 1654 476 1706 πεσσούς
495 1657 702 1697 adiunctos
718 1658 770 1697 ad
785 1670 920 1699 muros
935 1661 1043 1710 ipsos
1059 1660 1306 1699 fulciendos·
1295 1689 1306 1709 ,
1338 1673 1417 1713 quo
1433 1661 1522 1699 loco
1538 1662 1626 1698 fru-

162 1723 242 1753 stra
264 1716 479 1753 Cuiacius
467 1729 510 1752 111
527 1716 726 1753 Paratith's
747 1713 1007 1768 παραπήσσια
1023 1716 1242 1768 legendum
1262 1725 1410 1755 censet.
1470 1731 1517 1755 ea
1540 1719 1627 1755 ful-

165 1774 355 1826 cimenta,
396 1779 439 1809 ut
471 1779 511 1808 et
540 1780 746 1824 quattuor,
778 1785 880 1824 quae
908 1775 959 1810 iis
988 1771 1239 1823 adnituntur,
1271 1772 1473 1822 cochleas,
1504 1777 1626 1812 Iusti-

163 1830 283 1866 niano
303 1826 490 1865 adscribit
508 1828 733 1866 cedrenus·
765 1828 926 1880 ἐποίησε
945 1826 988 1868 δὲ
1006 1829 1073 1869 καὶ
1089 1828 1186 1876 τούς
1202 1831 1277 1878 ἔξω
1295 1833 1370 1870 τοῦ
1386 1834 1492 1870 ναοῦ
1510 1831 1626 1870 κατέ-

163 1899 277 1924 ναντι
305 1886 387 1923 τοῖν
421 1883 496 1923 ἔσω
527 1886 684 1924 πινσοῖν
712 1883 905 1936 τέσσαρας
925 1885 1108 1935 κοχλίας,
1138 1883 1211 1932 οὓς
1230 1882 1310 1926 ἀπὸ
1328 1888 1403 1938 γῆς
1424 1884 1626 1935 φυτεύσας

163 1940 274 1993 μέχρι
299 1956 372 1980 του
400 1936 569 1993 τρούλου
598 1937 854 1993 ἐνεβίβασεν,
886 1941 1045 1994 ἔρεισμα
1061 1937 1228 1990 τούτους
1246 1946 1328 1983 τῶν
1348 1939 1513 1993 ἀψίδων
1527 1959 1625 1983 κατ-

161 1992 439 2050 εργασᾶμενος.

277 2055 345 2094 37.
404 2055 450 2090 111
477 2054 563 2104 ipsa
588 2051 687 2090 aede
709 2051 912 2104 Sophiana
938 2051 989 2090 ad
1013 2052 1224 2091 meridiem
1248 2061 1287 2091 et
1311 2057 1625 2106 septentrionem

165 2111 282 2148 binae
303 2117 538 2160 procurrunt
555 2111 728 2161 porticus
747 2109 947 2161 duplices,
971 2111 1180 2148 inferiores
1202 2111 1352 2149 scilicet
1377 2119 1417 2149 et
1441 2115 1624 2164 superio-

167 2179 250 2214 res,
281 2165 499 2204 secundum
525 2167 651 2217 ipsius
675 2165 990 2216 longitudinem,
1021 2168 1215 2205 columnis
1243 2171 1475 2206 marmoreis
1506 2183 1624 2220 prae-

167 2221 381 2274 grandibus
398 2229 659 2271 sustentatae,
685 2236 790 2275 quae
813 2222 922 2260 aedis
943 2223 1146 2262 latitudini
1164 2222 1268 2261 nihil
1285 2225 1475 2263 officiunt.
1521 2228 1624 2264 Pro-

168 2281 329 2330 copius:
361 2280 472 2319 στοαί
501 2279 543 2320 τέ
575 2280 675 2319 εἰσιν
704 2278 922 2348 ἑκατέρωθι
951 2276 1048 2329 δύο,
1079 2281 1313 2349 οἰκοδομίαν
1340 2279 1413 2334 μὲν
1443 2297 1516 2323 του
1546 2280 1628 2323 νεω“

168 2332 358 2387 ου’δεμίαν
390 2332 674 2389 διειργόμεναι,
706 2332 804 2376 ἀλλὰ
831 2352 900 2376 και
930 2337 1066 2388 μεῖζον
1095 2333 1224 2377 αὕτου
1244 2341 1436 2378 ποιοῦσαι
1459 2339 1533 2379 τοῦ
1558 2337 1627 2380 tv'-

168 2407 263 2443 ρους
283 2389 327 2432 τὸ
348 2391 508 2444 μέτρον,
544 2392 612 2432 καὶ
638 2395 692 2446 τῷ
712 2391 830 2443 μήκει
850 2392 961 2445 μέχρι
982 2392 1025 2442 ἐς
1046 2409 1090 2434 το
1113 2393 1237 2446 πέρας
1261 2394 1626 2448 ξυνεξικνούμεναι,

165 2445 210 2488 τό
239 2447 283 2488 δέ
308 2463 350 2502 γε
377 2445 488 2499 ν’ψος
515 2449 822 2501 καταδεέστεραι.
893 2457 1112 2487 cameratae
1144 2457 1263 2503 atque
1292 2464 1388 2489 auro
1418 2451 1626 2490 decoratae

167 2511 280 2552 s,unt
312 2506 513 2556 alteraque
534 2506 784 2556 precantibus
809 2508 903 2544 viris
929 2508 1149 2557 assignata,
1179 2508 1344 2545 inferior
1365 2522 1533 2560 nempe,
1564 2510 1626 2546 al-

166 2567 270 2608 tera,
313 2574 413 2612 quae
445 2568 483 2598 et
514 2564 712 2613 superior,
752 2563 934 2610 feminis,
972 2563 1075 2600 1111111
1101 2562 1250 2601 habent
1283 2563 1493 2616 disparile,
1523 2565 1627 2602 nihil

169 2616 391 2654 diversum:
421 2617 490 2657 καὶ
516 2616 656 2665 αὐταῖς
680 2616 709 2670 ἥ
736 2634 775 2658 τε
802 2616 938 2671 ἆροφη
965 2616 1092 2667 θάλος
1119 2620 1188 2660 καὶ
1211 2619 1236 2660 ὁ
1255 2619 1400 2673 χρυσός
1420 2620 1629 2690 ἔγκαλλιὸ-

168 2684 307 2723 πισμα.
364 2669 528 2714 ταύταιν
549 2674 592 2715 δὲ
611 2679 699 2715 ταῖν
719 2680 854 2716 στοαῖν
876 2675 994 2729 ατέρα
1013 2674 1087 2728 μὲν
1105 2692 1199 2725 τους
1216 2673 1367 2730 α’νδρας
1387 2673 1628 2746 ευχομένους

171 2724 499 2782 διακεκλήρωται,
529 2731 685 2784 γυναιξὶ
716 2730 758 2770 δὲ
786 2728 908 2773 ταῦτό
937 2732 1247 2783 ποιουμέναις““
1216 2750 1242 2785 η
1261 2732 1360 2786 ἄλλη
1380 2730 1534 2774 α’νεῖται
1552 2741 1626 2771 etc-

167 2786 391 2851 porticuum
416 2787 580 2824 istarum
610 2788 843 2826 inferior-mn
869 2790 1024 2840 pluteos
1055 2790 1137 2840 (ita
1164 2792 1271 2827 5111111
1298 2791 1472 2842 appellat
1490 2791 1627 2828 Vitru-

168 2844 255 2879 vius
287 2841 312 2881 5
357 2846 377 2883 1
418 2845 665 2893 superiorum
697 2845 745 2881 ab
772 2845 1024 2885 inferioribus
1057 2847 1251 2886 columnis
1277 2845 1518 2898 intersepta)
1557 2859 1626 2885 su-
