1890 3224
753 190 1031 234 ACROASIN·
1056 190 1089 232 I.
1552 189 1643 234 153

191 299 355 340 Dissert.
384 301 462 341 38:
503 297 656 351 Πέρσαι
695 297 767 352 μὲν
800 302 883 352 πῦρ
910 297 1066 353 ἄγαλμα
1098 296 1304 351 ἐφήμερον
1325 293 1548 350 -ἆκόρεστον
1574 297 1644 339 καὶ

191 350 406 409 ἀδηφάγον
419 366 428 375 ·
458 355 526 396 καὶ
546 355 697 397 θύουσι
719 355 872 408 Πέρσαι
890 357 1006 408 πυρί,
1037 355 1326 406 ἐπιφοροῦντες
1343 350 1454 410 αὐτῷ
1472 350 1549 407 τὴν
1564 370 1643 395 πυ-

192 409 262 465 ρὸς
279 410 460 464 τροφήν,
488 411 730 466 ἐπιλέγοντες
752 407 861 466 “πΰρ
883 411 1053 452 δέσποτα
1074 407 1219 453 ἔσθιε.”

305 468 398 509 185.
457 469 606 519 Ephe-s.
629 472 655 509 2
683 472 750 510 20.

304 526 398 565 189.
456 524 647 563 Chosroes
663 526 930 562 Romanorum
947 524 1131 574 regiones
1147 536 1228 561 non
1245 522 1366 561 modo
1385 523 1552 573 spoliare
1568 521 1642 560 sed

191 581 311 617 etiam
326 582 420 631 igne
437 588 591 618 vastare
611 580 830 628 contendit3
862 579 966 632 quod
989 593 1038 617 an
1058 594 1110 617 ex
1128 582 1251 618 animi
1269 582 1331 618 sui
1346 579 1502 616 feritate
1520 583 1570 616 a‘n
1588 592 1641 616 ex

189 650 315 674 vanae
343 638 544 688 religionis
574 639 769 689 principio
789 638 939 674 factum
958 638 1098 686 fuerit,
1127 638 1274 675 nescio.
1334 642 1484 673 constat
1505 642 1640 672 autem

189 694 232 729 in
257 706 367 730 more
395 694 518 731 fuisse
545 696 663 731 etiam
683 693 788 745 apud
808 700 960 731 veteres
977 695 1118 731 Persas
1147 700 1191 730 ut
1224 706 1339 744 agros
1364 691 1558 743 urbesque
1573 693 1638 728 in-

189 748 424 787 cenderent:
464 763 559 787 nam
584 753 760 798 Xerxes,
791 749 990 788 Herodoto
1019 757 1118 787 teste
1145 749 1215 786 lib.
1249 752 1273 790 8
1297 763 1344 799 p.
1377 747 1481 796 474,
1514 754 1638 785 totam

188 807 363 843 Atticam
390 808 554 844 exussit.
613 806 721 859 quod
748 808 824 844 fuit
854 808 896 843 iu
921 819 1036 844 causa
1055 813 1100 843 ut
1116 807 1318 843 Maximus
1334 805 1482 855 Tyrius
1497 806 1638 842 Persas

187 864 330 899 acriter
355 861 661 914 reprehenderet
686 862 750 900 his
776 863 930 900 verbis:
964 859 1090 915 τούτῳ
1107 865 1162 916 τῷ
1179 859 1372 914 ἀγάλματι
1391 859 1461 900 καὶ
1479 863 1536 914 τῷ
1550 862 1639 914 θεῷ

186 917 256 957 καὶ
285 915 358 969 τήν
386 915 584 972 Ἐρέτριαν
613 915 816 959 ἀναλῶσαι
843 916 1037 959 δεδοίκατε
1055 917 1123 958 καὶ
1138 916 1208 967 wig
1223 914 1408 970 Ἀθήνας
1427 912 1550 965 αὕτοὶς
1571 916 1639 956 καὶ

186 971 236 1014 τοὶ
257 970 399 1014 Ἰώνων
418 973 504 1028 ἱεροὶ
525 974 594 1015 καὶ
612 973 660 1015 τοὶ
677 971 877 1026 Ἑλλήνων
898 970 1116 1027 ἀγάλματα.

301 1031 395 1070 193.
451 1028 678 1083 νοούμενον
709 1038 768 1068 est
798 1030 997 1082 quidquid
1006 1037 1145 1067 -mente
1173 1029 1394 1078 concipimr
1418 1034 1455 1064 et
1477 1026 1551 1064 sub
1572 1029 1638 1065 in-

185 1086 448 1138 tellzgentiszm
474 1088 597 1125 eadit.-
629 1089 840 1139 opponitur
869 1094 1001 1124 autem
1019 1090 1102 1134 τοῖς
1123 1083 1336 1137 ὁρωμένοις
1356 1090 1394 1120 et
1414 1083 1637 1135 αἰσθητοῖς,

184 1142 301 1180 rebus
330 1143 552 1181 visibilibus
580 1151 616 1180 et
647 1142 909 1181 sensibilibus.
969 1145 1103 1194 itaque
1143 1139 1344 1192 νοουμέιή
1375 1135 1481 1191 πύλη
1516 1147 1638 1190 porta

186 1198 484 1246 intellectualis,
511 1214 584 1251 per
604 1212 725 1251 quam
742 1212 921 1250 egressus
940 1206 998 1236 est
1015 1199 1240 1245 Heraclius,
1270 1197 1336 1233 vel
1351 1203 1410 1234 est
1428 1198 1553 1247 pietas
1573 1197 1640 1234 vel

187 1257 403 1306 sapientia,
433 1257 500 1294 vel
525 1255 688 1294 tandem
716 1254 835 1305 deus,
866 1267 944 1308 quo
976 1253 1074 1292 duce
1105 1261 1143 1293 et
1168 1254 1308 1292 comite
1329 1265 1351 1290 a
1372 1258 1476 1291 recto
1496 1254 1637 1290 itinere

187 1312 367 1355 aberrare
387 1325 468 1350 non
487 1314 626 1363 potuit.

299 1371 395 1410 200.
455 1368 598 1407 alludit
615 1367 666 1406 ad
682 1367 789 1406 diem
805 1369 979 1406 natalem
994 1367 1164 1418 imperii,
1185 1367 1254 1418 qui
1270 1364 1353 1403 dies
1370 1362 1415 1406 τό
1430 1364 1638 1418 γενέθλιον

187 1424 420 1475 simpliciter
450 1424 528 1462 dici
561 1426 711 1463 solebat
743 1432 782 1462 et
804 1438 950 1476 magna
979 1426 1158 1462 omnium
1183 1422 1367 1461 ordinum
1388 1423 1637 1459 solemnitate

187 1481 479 1530 celebrabatur3
510 1481 616 1519 unde
634 1480 843 1535 γενέθλιον
861 1478 1022 1522 ἱππικόν
1042 1487 1080 1518 et
1099 1476 1336 1532 γενεθλιακή
1359 1479 1533 1529 θεωρία,
1562 1491 1638 1515 na-

186 1538 310 1574 talicii
331 1536 417 1575 ludi
437 1539 640 1576 Circenses
664 1545 703 1575 et
723 1539 907 1574 natalicia
933 1537 1155 1589 spectacula
1177 1549 1199 1572 a
1219 1533 1468 1585 Theophane
1480 1548 1528 1585 p.
1556 1535 1635 1576 191

187 1600 227 1630 et
248 1593 327 1635 195
349 1602 637 1642 memorantur,
665 1606 766 1646 quae
786 1595 829 1630 in
851 1593 958 1630 diem
980 1595 1030 1633 11
1052 1594 1149 1629 Maii
1166 1590 1406 1628 incidebant.

299 1652 396 1691 202.
453 1664 571 1702 saepe
590 1651 819 1688 Heraclium
835 1657 880 1687 ut
905 1648 1096 1686 athletam
1116 1653 1404 1699 repraesentat,
1433 1659 1478 1683 ac
1493 1645 1638 1682 nullibi

186 1718 283 1742 sane
303 1708 474 1756 apertius
493 1719 611 1758 quam
637 1705 703 1743 hic
724 1714 762 1743 et
781 1708 823 1742 in
839 1705 1097 1757 sequentibus
1113 1704 1270 1742 iambis.
1327 1705 1461 1754 itaque
1485 1701 1639 1739 inducit

187 1762 416 1799 Heraclium
433 1770 471 1800 et
487 1762 705 1800 Chosroam
720 1763 845 1800 veluti
865 1764 968 1798 inter
990 1774 1032 1798 se
1053 1767 1244 1797 certantes
1272 1770 1410 1796 cursu:
1439 1757 1640 1795 theatrum

187 1819 271 1854 sive
298 1819 432 1856 Circus
462 1826 521 1856 est
543 1826 647 1856 terra
674 1820 881 1865 universa,
908 1823 1146 1867 spectatores
1165 1822 1257 1853 sunt
1280 1816 1460 1852 omnimn
1481 1814 1640 1851 urbium

187 1875 313 1922 cives,
342 1873 467 1912 iudex
488 1882 547 1913 est
568 1873 678 1912 deus.
736 1873 815 1911 huc
833 1874 982 1910 faciunt
1000 1885 1101 1924 quae
1121 1871 1298 1908 diximus
1315 1883 1438 1920 supra
1456 1883 1494 1906 v.
1511 1869 1581 1910 51.

300 1930 398 1971 204.
455 1938 500 1968 ut
528 1944 728 1969 sununum
757 1929 948 1967 athletam
979 1928 1101 1966 fuisse
1128 1928 1355 1964 Heraclium
1384 1925 1640 1973 demonstret,
1687 1957 1691 1963 .

187 1987 365 2038 quinque
395 2001 580 2025 cursuum
609 1988 675 2024 vel
705 1988 964 2024 certaminum
993 1986 1198 2022 victoriam
1221 1985 1258 2020 ei
1277 1983 1433 2020 tribuite
1463 1989 1508 2019 ut
1531 1983 1638 2019 enim

187 2044 465 2094 antiquitatum
485 2045 693 2095 scriptores
710 2042 890 2091 tradunt,
920 2043 982 2079 illi
997 2043 1100 2078 inter
1117 2039 1286 2078 athletas
1303 2038 1549 2076 habebantur
1563 2052 1638 2089 pe-

186 2101 365 2136 ritissimi
379 2131 390 2148 ,
421 2102 489 2153 qui
517 2097 728 2153 πεντάθλῳ
757 2102 840 2137 sive
869 2100 1043 2150 quinque
1066 2098 1324 2134 certaminum
1337 2094 1547 2146 generibus
1564 2093 1637 2132 de·—

187 2162 421 2205 certassent,
448 2156 635 2195 videlicet
656 2169 793 2206 cursu,
824 2156 948 2203 saltu,
980 2153 1108 2202 disco,
1138 2154 1288 2201 iaculo,
1319 2153 1448 2199 lucta3
1480 2164 1525 2188 ac
1542 2164 1638 2202 pro-

185 2210 281 2248 inde
305 2209 533 2253 πεντάθλου
559 2215 642 2251 sive
663 2212 770 2265 quod
791 2212 900 2250 idem
921 2218 980 2249 est
1001 2211 1311 2262 quinquertiones
1328 2209 1416 2245 laus
1437 2215 1519 2244 tam
1538 2209 1639 2245 insi-

186 2269 279 2318 gnis
305 2268 412 2319 apud
437 2276 590 2307 veteres
616 2270 713 2318 fuit,
743 2277 787 2307 ut
818 2270 886 2322 qui
911 2269 954 2305 in
985 2268 1065 2305 illis
1093 2269 1269 2319 quinque
1292 2264 1640 2302 exercitationibus

187 2326 428 2373 eminerent,
467 2325 685 2366 πένταθλοι
703 2327 768 2363 vel
786 2325 1103 2377 quinquertiones
1125 2322 1360 2360 dicerentur.
1421 2334 1521 2373 quae
1547 2321 1640 2372 qui-

189 2379 281 2417 dem
300 2382 389 2419 laus
404 2389 488 2419 tam
507 2382 586 2419 late
604 2384 731 2433 patuit
743 2411 753 2430 ,
782 2389 827 2419 ut
847 2383 915 2434 qui
931 2382 1065 2433 aliquo
1082 2381 1270 2418 virtutum
1288 2391 1433 2429 genere
1459 2383 1639 2429 praesta,-

186 2444 296 2485 rent,
323 2440 561 2476 translaticio
589 2437 806 2478 πένταθλοι
835 2438 1140 2489 appellarentur.
1200 2434 1307 2488 quod
1335 2433 1383 2471 de
1410 2435 1637 2472 Democrito

188 2491 338 2531 dictum
363 2497 484 2533 refert
504 2497 704 2546 Diogenes
723 2496 904 2532 Laertius
924 2494 995 2531 lib.
1017 2495 1043 2534 9
1073 2497 1149 2535 37:
1180 2491 1235 2539 ὥς
1255 2488 1468 2546 πεντάθλῳ
1493 2491 1594 2532 ἔοικε
1617 2488 1638 2531 ὅ

186 2546 433 2601 φιλόσοφος·
463 2551 530 2592 καὶ
549 2546 603 2603 ἦν
621 2549 675 2599 ὥς
693 2546 856 2601 ἀληθῶς
874 2551 917 2590 ἐν
932 2549 1153 2604 φιλοσοφίᾳ
1168 2548 1402 2594 πένταθλος.

299 2607 395 2648 205.
453 2604 709 2660 ἅντεγείρων,
745 2606 840 2644 hinc
875 2605 968 2644 inde
1003 2607 1162 2643 stimulo
1186 2605 1252 2642 vel
1280 2604 1438 2654 flagello
1466 2604 1635 2640 incitans

184 2674 333 2714 equos,
379 2670 424 2701 ut
455 2666 497 2701 in
529 2665 669 2702 multis
698 2665 870 2716 antiquis
894 2664 1162 2701 monumentis
1190 2667 1532 2712 repraesentantur
1562 2671 1635 2695 au-

182 2731 306 2770 ngae.

296 2776 395 2816 206.
440 2774 688 2830 ,παραβᾶτην
721 2784 826 2815 recte
854 2782 969 2814 voca-t
996 2773 1235 2821 chosroam,
1275 2778 1363 2815 tum
1399 2771 1516 2825 quod.
1535 2770 1636 2819 legis

184 2831 417 2869 violatorem
439 2833 684 2883 parabatam
708 2834 901 2872 vocabant
920 2833 1081 2880 Graeci,
1111 2837 1155 2868 ut
1174 2830 1469 2868 observavimus
1488 2828 1536 2865 de
1552 2827 1640 2863 Ex-
