1890 3224
288 199 408 231 xxxa
898 185 1128 240 QUERCII
1164 229 1171 232 ,

289 305 326 335 et
357 297 640 350 referendarii,
680 298 906 348 cognomine
935 298 1126 346 Pisidae,
1166 297 1328 336 iambici
1352 313 1486 337 versus
1507 299 1667 350 politici
1693 302 1736 338 in

288 365 564 403 Hexae'meron
584 366 725 415 magni
741 364 909 411 Basilii,
943 378 1112 417 quorum
1128 367 1287 404 initium
1308 361 1342 406 ὦ
1360 363 1520 414 παντός.
1571 366 1643 406 sed
1659 366 1736 406 hoc

288 434 330 469 in
350 434 463 470 titulo
485 433 628 469 erravit
649 445 738 468 cum
757 430 902 471 codicis
923 435 1110 485 scriptor,
1143 435 1211 487 qui
1232 447 1368 472 versus
1388 435 1567 486 politicos
1593 435 1736 486 appin—

287 500 348 536 xit
365 499 522 538 Pisidae
535 529 546 548 ,
585 505 672 536 tum
691 505 826 536 auctor
843 499 1031 549 catalogi,
1074 503 1143 553 qui
1169 515 1235 540 eos
1253 502 1442 540 iambicos
1462 503 1642 553 politicos
1664 515 1737 552 ap·-

286 567 432 618 pellat:
462 580 557 604 nam
576 573 620 603 ut
637 567 802 604 inferius
821 566 1059 616 notabimus,
1080 569 1222 607 iambis
1241 568 1404 622 quidem
1422 571 1576 621 scripsit
1589 569 1737 618 Pisida,

286 640 325 670 et
348 636 509 673 omnino
529 635 743 685 eleganter,
773 648 855 672 11011
875 635 1052 673 versibus
1067 637 1261 688 politicis3
1292 637 1482 675 iambicos
1501 643 1635 674 autem
1647 649 1738 674 ver-

285 715 350 739 sus
368 702 479 739 nullo
499 701 618 740 modo
636 704 762 754 possis
784 703 983 754 appellare
1003 703 1198 755 politicos,
1230 719 1320 743 cum
1333 707 1557 742 maximum
1572 705 1623 741 sit
1638 704 1740 741 iuter

284 769 436 806 iambos
456 770 562 820 ipsos
587 776 625 806 et
645 771 824 821 politicos
848 769 1073 809 discrimen.
1118 772 1225 825 quod
1244 781 1377 811 autem
1395 774 1452 810 ibi
1472 770 1614 809 deinde
1635 771 1739 821 legi-

286 842 372 884 tur,
414 850 504 874 suos
531 838 683 875 iambos
713 839 913 889 scripsisse
933 837 1111 876 Pisidam
1140 842 1183 877 iu
1208 842 1483 878 Hexae'meron
1502 837 1670 883 Basilii,
1697 834 1739 873 id

289 916 409 955 quam
428 904 508 941 levi
528 906 719 942 innitatur
737 905 1008 954 fundamento,
1041 906 1285 946 ostendimus
1303 911 1346 946 in
1365 908 1522 945 Monito
1538 904 1589 942 ad
1607 906 1740 955 ipsum

289 975 431 1022 poeina
452 971 499 1008 de
519 972 674 1022 opificio
695 973 848 1010 mundi.
892 972 964 1011 sed
979 972 1055 1011 hoo
1077 977 1119 1015 in
1140 975 1272 1013 codice
1291 982 1447 1027 praeter
1461 975 1741 1010 Hexa‘emeron

290 1037 485 1076 habentur
503 1041 623 1077 etiam
641 1041 815 1090 primum
842 1043 916 1080 τοῦ
935 1042 1065 1082 αὐτοῦ
1084 1043 1141 1090 εἰς
1161 1041 1233 1084 τὸν
1253 1040 1422 1096 μάταιον
1441 1041 1532 1094 βίον
1554 1036 1623 1079 καὶ
1640 1032 1742 1077 καθ’

286 1102 583 1158 ὖπερηφοῖνων,
637 1108 810 1145 eiusdem
844 1109 892 1145 de
918 1110 1095 1146 vanitate
1121 1111 1226 1147 vitae
1259 1117 1295 1147 et
1323 1110 1512 1147 adversus
1538 1105 1740 1157 superbos,

240 1215 242 1218 ¹
287 1174 423 1222 iambi,
457 1187 626 1226 quorum
644 1176 824 1212 initium:
856 1172 1018 1224 ἄνοιξον
1047 1175 1167 1228 ’ἡμῶν
1195 1179 1269 1217 τοῦ
1296 1178 1489 1229 λογισμοῦ
1513 1173 1584 1222 τοὶς
1611 1171 1742 1226 κόρας,

289 1239 431 1278 deinde
453 1254 546 1279 vero
568 1242 691 1294 στίχοι
710 1244 783 1282 τοῦ
800 1238 928 1284 αὐτοῦ
952 1244 1007 1291 εἰς
1026 1241 1101 1295 τήν
1123 1243 1240 1297 ἁγίαν
1258 1247 1331 1285 τοῦ
1351 1244 1527 1295 Χριστοῦ
1544 1240 1612 1282 καὶ
1635 1242 1744 1280 θεοῦ

286 1307 404 1360 ἡμῶν
425 1304 664 1359 ἀνάστασιν,
696 1310 867 1347 eiusdem
884 1324 1018 1348 versus
1037 1311 1085 1349 de
1110 1312 1258 1349 Christi
1276 1311 1445 1348 Domini
1470 1310 1595 1346 nostri
1611 1321 1743 1345 resun-

286 1377 471 1422 rectione,
504 1389 674 1428 quorum
694 1378 877 1414 initium:
910 1381 1218 1431 λευχειμονοῦσα
1239 1380 1316 1419 νῦν
1333 1378 1541 1431 προῆλθεν
1559 1373 1589 1429 ἦ
1605 1376 1743 1424 κτίσις,

287 1441 330 1485 τὸ
347 1443 422 1498 γὰρ
442 1442 646 1486 σκοτεινὸν
664 1443 938 1486 ἐκδιδάσκεται
957 1445 1081 1499 χρέος.
1530 1436 1533 1437 ⁷

399 1514 452 1549 Hi
484 1520 576 1550 sunt
606 1513 759 1551 codices
792 1515 834 1550 in
861 1515 999 1551 Italiae
1020 1513 1271 1552 bibliothecis
1296 1512 1507 1560 asservati,
1536 1511 1579 1547 in
1602 1510 1744 1562 quibus

286 1592 407 1631 opera
425 1578 583 1618 Pisidae
601 1582 874 1629 continentum,
912 1595 986 1618 nec
1007 1582 1077 1619 alii
1100 1589 1191 1620 suut
1213 1582 1373 1630 Georgii
1396 1581 1468 1631 τῆς
1487 1564 1658 1630 μεγάληξ
1679 1577 1745 1619 ἐκ-

284 1647 452 1699 κλησίας
471 1647 613 1699 στίχοι,
655 1660 753 1699 quos
777 1647 979 1686 conradus
1005 1650 1271 1686 Gesnerussin
1291 1660 1361 1685 sua
1382 1644 1629 1694 Bibliotheca
1650 1644 1746 1682 dicit

286 1715 434 1752 alicubi
461 1722 616 1752 exstare
644 1716 688 1751 in
721 1715 860 1764 Italia3
902 1729 948 1753 ac
974 1715 1141 1767 proinde
1169 1730 1251 1754 11011
1276 1715 1473 1753 iimnerito
1493 1713 1677 1751 irridetur
1696 1713 1744 1751 ab

286 1783 458 1831 Allatio,
507 1781 616 1834 quod
642 1783 697 1818 ita
723 1783 944 1832 scripserit:
985 1784 1184 1836 Γεωργίου
1204 1779 1363 1835 πόνημα
1379 1783 1451 1822 τοῦ
1472 1779 1540 1820 καὶ
1560 1780 1747 1820 Πισίδου.

285 1850 500 1900 Inscriptio
520 1850 695 1886 trimetra
713 1848 885 1886 iambica
906 1849 1015 1898 libri,
1047 1852 1119 1901 qui
1135 1853 1262 1888 nescio
1281 1863 1362 1902 qua
1383 1850 1426 1886 in
1443 1848 1588 1886 Italiae
1606 1846 1749 1884 biblio—

289 1917 402 1955 theca
432 1917 544 1963 latet,
584 1918 700 1954 varia
729 1917 923 1967 opuscula
953 1920 1172 1964 continens,
1202 1918 1250 1956 de
1279 1924 1444 1962 aestate,
1473 1916 1521 1953 cle
1545 1916 1666 1961 mari,
1694 1916 1753 1952 acl

289 1998 352 2022 eos
380 1986 451 2036 qui
477 1985 582 2036 leges
609 1997 688 2021 non
715 1991 911 2032 metuunt,
961 1986 1010 2023 de
1036 1993 1267 2037 augmento,
1306 1984 1353 2022 de
1386 1981 1563 2021 sensibus
1589 1984 1749 2030 nostris;

283 2052 580 2103 physiologiam
605 2052 654 2089 de
673 2052 849 2102 plantis,
879 2051 1039 2099 avibus,
1068 2052 1316 2097 volatilibus,
1343 2049 1597 2096 natatilibus,
1623 2050 1750 2101 seris,

287 2118 494 2169 reptilibus
512 2126 549 2155 et
566 2118 714 2166 herbis;
752 2120 800 2156 de
819 2119 1033 2170 generibus
1050 2107 1306 2166 animalizirri;
1345 2119 1393 2155 de
1409 2118 1579 2164 locusta,
1618 2118 1667 2155 de
1684 2118 1750 2155 hi-

289 2187 477 2232 rundine,
520 2186 568 2223 cle
587 2186 692 2223 malo
710 2189 880 2236 punica.
943 2200 1044 2238 quae
1064 2188 1196 2224 omnia
1214 2187 1455 2224 Hexaemeri
1477 2192 1632 2236 partem
1652 2198 1750 2241 con-

290 2254 470 2290 stituunt.
528 2265 668 2289 verum
688 2266 734 2290 en
735 2281 752 2298 ‚
782 2254 985 2304 subiungit
1001 2255 1185 2302 Allatius,
1217 2253 1408 2306 quomodo
1427 2267 1553 2290 unum
1574 2259 1610 2290 et
1623 2254 1750 2290 conti-

290 2326 460 2356 nuatum
476 2325 690 2356 tractatum
710 2321 752 2356 in
763 2320 905 2369 plures
927 2323 989 2359 vir
1015 2323 1086 2359 iste
1106 2322 1303 2372 disca-pit.
1365 2335 1422 2359 an
1439 2334 1516 2358 non
1534 2321 1653 2357 etiam
1671 2319 1751 2357 liae

288 2388 441 2424 ratione
470 2394 506 2423 et
533 2400 692 2423 carmen
720 2388 956 2439 quandoque
981 2391 1124 2426 unicus
1140 2397 1333 2427 tractatus
1348 2397 1385 2426 et
1398 2387 1634 2439 opuseulum
1650 2387 1752 2424 erit?

289 2461 330 2491 at
346 2467 438 2492 vero
457 2455 575 2505 longe
594 2455 728 2505 plures
747 2461 838 2492 sunt
858 2469 1023 2507 operum
1046 2457 1206 2496 Pisidae
1231 2457 1385 2496 codices
1397 2486 1408 2505 ‚
1450 2457 1520 2508 qui
1541 2457 1584 2492 iu
1602 2455 1750 2493 biblio-

290 2519 414 2559 thecis
435 2528 546 2559 extra
563 2522 721 2559 Italiam
741 2530 921 2561 exstant:
958 2538 1053 2563 nam
1077 2527 1120 2563 in
1149 2527 1234 2564 sola
1263 2527 1372 2576 regia
1391 2523 1645 2571 Parisiensi,·
1672 2535 1751 2574 qua

289 2590 399 2627 nulla
418 2597 507 2641 post
525 2591 757 2628 Vaticanam
776 2591 895 2641 plane
919 2592 1035 2631 ditior
1055 2601 1135 2642 est,
1177 2595 1352 2646 quinque
1373 2597 1467 2630 sunt
1490 2589 1667 2639 codices,
1706 2595 1763 2638 ut·

290 2663 398 2708 patet
416 2670 469 2694 ex
486 2657 677 2708 catalogo,
698 2657 883 2696 videlicet
901 2660 996 2710 854,
1032 2662 1149 2709 1277,
1185 2663 1304 2708 1302,
1335 2659 1474 2706 2831„
1492 2659 1616 2706 2871,
1646 2658 1750 2694 iam-

291 2725 381 2762 bica
405 2726 579 2762 carmina
600 2727 643 2762 in
663 2726 956 2773 Hexae'meron,
977 2729 1059 2778 sive
1082 2726 1130 2764 de
1153 2725 1307 2777 opificio
1327 2726 1469 2763 mundi
1484 2725 1751 2776 complecten-

292 2798 350 2830 tes
372 2792 443 2831 sub
465 2798 599 2844 aperto
621 2795 783 2831 nomine
803 2793 976 2833 Pisidae.
1036 2793 1108 2833 sed
1128 2793 1278 2832 ibidem
1303 2793 1371 2832 ani
1392 2794 1568 2846 quinque
1592 2796 1752 2848 exstant
