1838 3210
125 2770 153 2804 P
179 2768 247 2806 566

245 193 338 241 114
812 193 891 235 DU
925 190 1109 235 CANGII

239 302 377 342 Laude
395 301 568 354 virginit.
594 297 699 351 apud
720 298 921 338 Canisium
938 313 980 352 p.
999 300 1080 341 826
1093 328 1103 348 ,
1132 299 1296 337 Petrum
1311 299 1474 336 Diacon.
1491 295 1583 336 Chr.
1603 297 1680 335 Ca·-

242 363 316 399 sin.
336 359 362 401 4
393 363 431 408 3,
458 362 619 397 Petrum
636 357 819 394 Damian.
837 358 866 394 l.
882 360 907 398 3
932 356 1045 408 epist.
1065 358 1104 405 8,
1134 353 1358 394 Candidum
1375 353 1560 393 Monach.
1577 353 1683 405 apud

240 419 470 455 Browerum
493 417 534 452 in
551 413 696 450 Annal.
716 411 832 450 Fuld.
849 426 890 464 p.
911 413 1005 460 116,
1035 419 1234 450 auctorem
1257 409 1440 449 Chronici
1460 410 1683 449 Fontanell.

242 487 276 511 c.
300 471 350 512 14
369 479 407 509 et
431 474 499 518 16,
531 475 569 506 et
592 470 741 521 aliquot
763 470 876 507 alios.
934 467 1005 507 sed
1033 475 1075 506 ut
1106 469 1323 520 plurimum
1346 466 1528 505 absidam
1555 465 1634 503 dici
1661 478 1684 502 a

243 528 495 578 scriptoribus
514 527 642 576 ipsam
661 523 850 562 concham
871 525 936 563 vel
956 526 1085 575 ipsam
1103 537 1256 563 sacram
1274 536 1452 561 mensam
1473 536 1542 560 seu
1563 523 1684 560 altare

245 589 414 622 constat:
455 583 565 620 verbi
585 583 730 633 gratia,
769 594 859 618 cum
886 582 929 618 in
957 579 1103 618 absidis
1128 581 1318 632 repositas
1346 586 1571 618 sanctorum
1589 578 1685 615 reli-

244 641 356 692 quias
375 639 570 686 scribunt,
614 650 712 690 quas
733 637 804 676 sub
825 637 1011 675 altaribus
1032 644 1071 674 et
1087 638 1190 674 intra
1209 637 1349 673 altaria
1366 633 1528 674 recondi
1551 634 1687 672 solitas

243 703 382 733 notum
400 702 470 742 est,
501 701 544 732 ut
563 694 605 732 S.
625 695 867 744 Augustinus
885 694 1011 732 serm.
1028 697 1082 735 32
1101 691 1149 730 de
1169 691 1332 730 diversis
1351 705 1385 729 c.
1407 696 1446 740 3,
1476 691 1693 742 Gregorius.

243 753 396 789 Turon.
419 753 520 788 Hist.
545 752 595 790 10
624 753 699 798 31,
742 749 790 787 de
809 751 945 787 Mirac.
970 751 993 790 1
1025 752 1098 796 63,
1127 750 1355 787 Anastasius
1376 748 1418 785 in
1436 747 1622 797 Gregorio
1642 757 1689 784 lv

243 809 310 845 PP
334 821 374 858 p.
400 809 501 854 166,
529 806 720 844 Paulinus
739 807 865 857 Epist.
889 808 941 846 12
968 804 1019 843 ad
1039 805 1253 852 Severum,
1290 803 1466 842 Evodius
1489 803 1690 841 Usalensis

247 863 296 901 de
314 865 450 900 Mirac.
474 863 516 900 S.
535 860 672 913 Steph.
697 863 720 902 1
738 864 778 910 3,
807 860 1000 899 Rodulfus
1021 862 1225 912 presbyter
1244 862 1286 898 in
1302 862 1381 897 vita
1399 860 1551 897 Rabani
1562 857 1691 896 Mauri

246 933 286 957 n.
310 920 385 967 27,
428 925 563 956 auctor
592 916 776 955 Chronici
806 918 1026 955 Fontanell.
1064 931 1097 955 c.
1132 920 1178 964 2,
1222 915 1346 954 Andr.
1368 916 1515 954 Silvius
1535 916 1577 951 in
1597 912 1691 951 Chr.

246 976 434 1012 Marcian.
465 981 538 1012 etc.
597 987 688 1010 cum
709 975 831 1024 igitur
853 973 989 1011 absida
1009 971 1111 1010 nihil
1131 972 1240 1010 aliud
1260 973 1311 1010 sit
1331 985 1450 1024 quam
1468 972 1603 1009 fornix
1621 983 1692 1007 seu

247 1044 359 1069 arcus
371 1060 381 1079 ,
410 1043 491 1068 non
510 1031 656 1067 mirum
673 1030 707 1067 si
727 1031 770 1066 iu
790 1031 927 1066 ceteris
948 1027 1134 1067 aedificiis
1148 1059 1158 1076 ,
1190 1030 1309 1066 etiam
1327 1028 1500 1078 profanis
1513 1056 1523 1075 ,
1553 1039 1693 1064 vocem

248 1086 353 1125 hanc
371 1093 562 1137 usurpent
582 1087 803 1136 scriptores,
833 1092 878 1122 ut
896 1086 1125 1123 Anastasius
1149 1086 1190 1121 in
1210 1086 1302 1122 vitis
1323 1083 1560 1121 Pontificum
1577 1084 1693 1120 Rom.

247 1156 287 1195 p.
311 1144 404 1191 127,
428 1144 520 1190 129,
543 1143 636 1189 162,
656 1143 738 1178 Leo
759 1143 839 1179 Ost.
860 1143 887 1182 3
912 1142 976 1189 11,
1007 1148 1045 1178 et
1063 1142 1202 1178 Petrus
1224 1141 1335 1177 Diae.
1358 1138 1406 1176 de
1424 1140 1528 1177 Viris
1544 1139 1693 1176 Illustr.

249 1200 381 1236 Oasin.
406 1211 440 1234 c.
464 1199 528 1237 18.
587 1195 756 1250 denique
785 1196 966 1233 exedram
987 1203 1102 1234 vocat
1121 1195 1298 1234 absidam
1316 1209 1386 1233 seu
1405 1193 1598 1233 concham
1614 1195 1697 1232 Va-

248 1253 416 1292 lafridus
435 1253 574 1291 Strabo
598 1253 686 1290 loco
706 1266 823 1303 supra
839 1251 1021 1300 laudato,
1053 1254 1167 1303 quia,
1195 1259 1239 1289 ut
1264 1259 1399 1289 auctor
1425 1258 1484 1288 est
1500 1250 1696 1288 Eusebius

250 1311 293 1347 in
314 1311 414 1347 Hist.
437 1309 564 1356 Eccl.,
604 1307 783 1346 aedificia
810 1309 970 1359 templis
996 1307 1179 1346 adiuncta
1208 1315 1248 1345 et
1267 1308 1315 1345 ab
1335 1309 1384 1345 iis
1406 1304 1698 1359 quodammodo

251 1372 431 1418 separata
451 1364 606 1416 ἐξέδρας
627 1364 892 1415 appellabant.
924 1363 1119 1402 eiusmodi
1137 1365 1244 1401 enim
1262 1370 1373 1401 erant
1392 1362 1576 1411 conchae,
1598 1375 1699 1413 quae

252 1424 327 1460 etsi
356 1420 514 1459 aedium
535 1433 733 1458 sacrarum
759 1433 840 1457 non
866 1418 986 1458 modo
1009 1433 1099 1472 pars
1120 1418 1192 1458 sed
1214 1421 1333 1457 etiam
1351 1421 1538 1457 sacratior
1556 1423 1699 1466 essent,

253 1484 367 1516 extra
394 1479 501 1529 ipsas
524 1483 656 1514 tamen
682 1476 961 1528 procurrebant
991 1483 1031 1514 et
1059 1477 1107 1514 ab
1133 1477 1182 1513 iis
1204 1472 1702 1527 quodammodo-seclude-

254 1535 417 1572 bantur:
449 1533 608 1578 exedra,
636 1534 787 1584 inquit,
825 1539 884 1568 est
910 1531 1052 1569 absida
1083 1532 1280 1583 quaedam
1305 1538 1489 1581 separata
1504 1530 1703 1568 modicum

252 1604 280 1627 a
300 1584 442 1638 teinplo
463 1588 529 1626 vel
537 1588 713 1637 palatio,
743 1594 781 1624 et
797 1587 903 1624 dieta
925 1588 1016 1624 inde
1035 1588 1143 1638 quod
1160 1594 1269 1624 extra
1286 1587 1463 1634 haereat5
1492 1588 1606 1639 quasi
1630 1599 1703 1624 vo-

254 1647 310 1683 cis
330 1646 443 1683 istius
465 1651 625 1695 etymon
641 1656 663 1680 a
683 1644 841 1680 Graecis
860 1655 940 1680 non
960 1650 1061 1681 esset
1079 1641 1368 1680 arcessendum.
1427 1656 1498 1693 per
1522 1642 1705 1679 exedram

253 1703 375 1752 igitur
393 1699 534 1738 absida
549 1713 620 1737 seu
642 1699 791 1736 concha
811 1699 982 1749 intellig-i
1001 1698 1157 1736 videtur
1184 1697 1290 1750 apud
1317 1699 1359 1736 S.
1381 1700 1648 1747 Augustinum
1662 1699 1704 1734 in

255 1758 386 1795 Gestis
416 1769 506 1793 cum
530 1757 705 1793 Emerito
726 1756 1020 1792 Donatistarum
1043 1756 1251 1806 episcopo:
1282 1768 1373 1791 cum
1391 1755 1604 1791 Deuterius
1621 1755 1705 1804 epi-

255 1827 398 1863 scopus
423 1811 745 1862 metropolitanas
769 1811 1030 1848 Caesariensis
1056 1824 1140 1848 una
1163 1824 1254 1848 cum
1270 1832 1328 1839 —
1345 1811 1534 1861 episcopis
1553 1811 1597 1847 in
1619 1823 1707 1847 exe-

254 1869 371 1908 dram
380 1869 648 1919 processisset,
670 1889 724 1897 —
743 1866 890 1904 scilieet
913 1866 1097 1904 ecclesiae
1113 1867 1273 1904 maioris
1297 1867 1504 1904 Caes-ariae
1521 1872 1597 1904 eto.
1667 1903 1671 1905 e

368 1924 437 1965 52.
494 1922 576 1962 Sed
597 1922 777 1961 nondum
803 1924 921 1974 plane
942 1936 1031 1961 sum
1051 1930 1250 1961 assecutus
1269 1936 1337 1960 cur
1355 1921 1528 1961 Isidorus
1554 1922 1660 1972 Orig.
1682 1920 1707 1961 5

257 1983 284 2023 8
308 1979 491 2018 absidam
511 1978 656 2017 dictam
676 1980 819 2017 scribat
846 1993 888 2016 eo
908 1980 1014 2030 quod
1035 1978 1184 2015 lumine
1210 1985 1359 2028 recepto
1380 1992 1458 2029 per
1481 1991 1621 2015 arcum
1646 1991 1710 2013 re-

257 2036 465 2087 splendeat
473 2051 490 2083 ,·
533 2049 557 2073 a
587 2048 664 2087 quo
690 2034 822 2073 hausit
842 2047 943 2087 quae
966 2033 1083 2071 habet
1099 2036 1142 2071 in
1159 2033 1326 2072 eandem
1343 2036 1579 2072 sententiam
1600 2032 1711 2071 idem

258 2091 484 2131 valafridus
507 2092 671 2129 Strabo:
701 2090 861 2136 absida,
892 2092 1042 2142 inquit,
1089 2091 1255 2136 Graece,
1283 2091 1431 2127 Latine
1451 2090 1587 2127 lucida
1609 2089 1711 2127 dici—-

261 2155 328 2185 tnr
338 2175 352 2193 ,
392 2148 488 2198 qaia
518 2146 651 2183 lamen
676 2154 881 2196 acceptum
904 2159 981 2196 per
1004 2159 1144 2183 arcum
1161 2147 1397 2183 intromittit.
1455 2159 1586 2198 neque
1603 2146 1712 2182 enim

262 2216 471 2241 commune
491 2201 643 2253 aliquid
660 2200 780 2239 habet
801 2201 942 2239 absida
961 2214 1050 2238 cum
1071 2202 1245 2249 lumine3
1286 2204 1364 2240 nisi
1381 2203 1482 2239 forte
1506 2215 1596 2240 eam
1615 2214 1712 2238 con-
1747 2224 1761 2232 -

264 2258 362 2296 chae
384 2265 537 2310 partem
559 2259 819 2308 superiorem,
857 2271 928 2308 per
954 2269 1075 2308 quam
1106 2259 1179 2295 lux
1200 2260 1494 2306 intromittitur,
1534 2256 1714 2296 absidam

265 2314 412 2353 dictam
434 2315 591 2364 proprio
623 2314 813 2350 vocabulo
844 2315 1088 2361 censuerint,
1148 2326 1225 2365 qua
1252 2315 1338 2365 ipsa
1364 2316 1514 2352 scilicet
1539 2312 1712 2352 conchae

264 2372 370 2422 apsis
390 2371 599 2407 circinatur
623 2376 662 2406 et
683 2370 725 2405 in
748 2366 918 2406 conchae
946 2371 1119 2419 speciem
1144 2371 1308 2408 interius
1335 2372 1512 2408 sinuatur
1536 2377 1575 2408 et
1595 2370 1713 2407 effin-

264 2429 384 2478 gitur.
442 2426 622 2463 observat
649 2427 756 2462 enim
772 2424 1019 2462 Silentiarius
1047 2427 1290 2476 superiorem
1311 2425 1482 2464 conchae
1502 2426 1714 2477 partemin

267 2482 382 2521 dorsa
403 2481 659 2532 dispertitam,
680 2481 997 2532 quinquefariam
1014 2488 1193 2532 separata
1211 2495 1256 2519 ac
1274 2481 1400 2519 divisa
1418 2482 1517 2520 lucis
1536 2488 1714 2532 recepta·

267 2539 375 2585 cula,
405 2537 617 2575 levioribus
637 2538 746 2575 vitris
764 2543 919 2587 operta,
960 2539 1173 2575 continere.
1230 2539 1286 2575 ita
1304 2538 1373 2574 ille
1392 2544 1494 2589 part.
1516 2539 1539 2578 1
1562 2551 1600 2575 v.
1619 2534 1714 2585 274,

266 2595 337 2632 ubi
354 2593 402 2631 de
427 2591 596 2631 concha:

811 2647 1065 2699 διατμηγεῖσα
1087 2645 1131 2687 δὲ
1152 2644 1297 2695 νώτοις

432 2702 603 2755 πένταχα
620 2700 864 2755 μοιρηθέντα
884 2699 1026 2754 δοχήϊα
1042 2700 1175 2754 φωτός
1191 2699 1356 2773 α’νοίμει,

437 2758 660 2806 λεπταλέοις
677 2757 815 2806 &nizone
833 2758 1115 2811 κεκαλυμμένα,
1128 2761 1208 2799 τῶν
1224 2760 1290 2800 δια
1307 2759 1452 2811 μέσσης

434 2812 604 2870 φαιδρὸν
623 2811 964 2868 ἀπαστράπτουσα
974 2811 1206 2870 φαεσφόρος
1226 2815 1374 2871 ἔρχεται
1397 2814 1496 2868 ηἀίς.
