1890 3224
262 183 354 230 132
656 224 660 229 .
845 186 1120 240 QUERCIUS

257 291 411 349 καιρός,
441 295 536 350 πρὶν
553 295 688 337 ἐλθεῖν
702 295 766 344 ,εἰς
785 297 938 337 τελείαν
957 293 1171 348 uindictam,
1190 295 1410 340 ἀποθέσθω
1426 302 1505 340 ταῖν
1522 300 1698 353 φορτίων

258 351 306 394 τοὶ
323 354 509 402 πλείονα,
544 351 612 392 καὶ
637 351 733 405 πρὶν
760 350 1010 407 ὑποβρύχιον
1036 355 1224 408 γενέσθαι
1246 353 1290 397 τὸ
1317 352 1490 408 σκάφος,
1527 355 1698 410 ἐκβολὴν
1737 397 1743 402 ,

254 407 497 462 ποιησάσθω
513 411 594 448 τοῖν
614 403 823 462 ἀγωγίμων
847 407 874 451 ἃ
896 408 950 462 μὴ
974 408 1141 460 δεόντως
1162 411 1353 461 συνέλεξε.
1469 438 1472 439 ⁷

371 467 460 506 197.
519 460 758 519 Βουργᾶρῳ]
790 468 844 504 ita
863 468 903 504 in
922 466 1068 517 codice,
1095 469 1274 521 quamvis
1296 469 1398 506 infra
1420 482 1458 506 v.
1479 467 1560 511 409
1579 470 1700 522 5021).-

254 520 404 576 γάροις.
461 522 502 558 in
535 520 788 572 designandis
816 525 1042 563 nominibus
1067 525 1344 574 barbarorum,
1392 526 1460 577 qui
1495 537 1575 562 una
1609 539 1698 563 cum

254 578 447 616 AbarIbus
470 578 626 628 Cpolim
643 578 830 617 invadere
850 583 1026 631 aggressi
1045 588 1148 630 sunt,
1176 594 1318 632 parum
1341 580 1576 620 dissentiunt
1601 584 1700 619 scri-

254 642 398 685 ptores.
456 634 617 672 sclavos
636 637 814 674 nominat
833 635 1054 676 Chronicon
1070 636 1263 676 Paschale
1283 644 1321 676 et
1337 636 1592 689 NicephoruS‚
1623 638 1700 675 Ce-

256 690 400 728 drenus
416 704 463 740 p.
484 690 566 732 415
597 691 800 730 Sclavinos
824 700 862 730 et
889 693 1060 745 Gepidas
1088 702 1312 743 enumerat,
1351 707 1450 747 quos
1484 707 1506 731 a
1526 693 1699 732 chosroa

255 753 387 784 contra
406 747 634 784 Heraclium
651 749 850 787 immissos
869 751 937 788 ait.

366 803 462 844 205.
520 805 615 841 scite
629 833 639 852 ,
682 811 727 842 ut
762 804 915 857 duplex
955 807 1177 858 periculum
1215 805 1478 854 demonstret,
1524 805 1701 857 Scyllam

254 866 369 897 vocat
388 860 573 898 barbaros
595 867 633 898 et
652 859 894 914 Charybdim
908 864 1048 900 Persas
1061 892 1072 911 ,
1101 865 1171 916 qui
1189 875 1268 900 uno
1289 861 1506 914 eodemque
1524 868 1700 913 tempore

256 930 301 954 ac
332 917 454 953 simili
486 929 643 968 prorsus
678 919 842 956 consilio
875 932 928 956 ex
957 918 1111 957 diversa
1144 925 1255 970 parte
1286 920 1329 956 in
1356 919 1575 970 perniciem
1591 918 1700 956 urbis

256 974 565 1021 coniuraverant,
595 980 639 1010 ut
655 982 788 1012 narrat
807 974 1064 1026 Nicephorus.
1106 971 1237 1027 ὥσπερ
1257 970 1591 1028 οἷναμερισᾶμενοι
1610 969 1702 1014 ἓκᾶ-

253 1043 360 1081 τεροι
387 1027 454 1069 τὸν
485 1027 686 1084 Θρακικόν
713 1027 943 1083 Βόσπορον,
983 1030 1136 1084 Πέρσαι
1162 1030 1236 1083 μὲν
1261 1028 1356 1078 τούς
1379 1033 1451 1082 τῆς
1475 1027 1702 1078 'Amandus-

255 1086 396 1136 μοίρας
410 1081 642 1140 καθῄρουν,
669 1083 848 1140 ’Ἀβαροι
876 1085 919 1128 δὲ
945 1085 1012 1129 τὸν
1030 1087 1094 1129 ἐπὶ
1115 1083 1279 1141 Θρᾴκης
1298 1085 1534 1142 διέφθειρον
1555 1089 1698 1139 χαῖρον.

255 1140 346 1179 vide
363 1142 598 1179 Herae-lind.
622 1144 648 1183 2
677 1143 746 1183 74.
1590 1153 1598 1156 ”

365 1200 461 1239 207.
520 1198 571 1235 cf·
595 1199 704 1235 Petr.
736 1202 756 1239 1
789 1198 814 1242 5
842 1202 883 1241 8.

364 1255 460 1294 209.
516 1249 659 1307 Ὀρθία
674 1256 810 1292 Lunae
829 1257 895 1293 vel
910 1256 1062 1293 Dianae
1085 1255 1300 1294 Arcadicae
1321 1261 1554 1305 cognomen.
1612 1252 1700 1291 dei-

245 1322 390 1360 param
409 1310 606 1359 virginem
622 1311 820 1361 intelligit,
851 1323 973 1363 quam
990 1311 1164 1361 Sergius,
1193 1318 1238 1349 ut
1257 1323 1355 1349 mox
1371 1311 1533 1361 patebit,
1561 1308 1702 1347 habuit

253 1368 295 1402 iu
315 1366 421 1402 bello
444 1365 678 1402 adiutricem
703 1369 1096 1417 praestantissimam.
1154 1380 1245 1406 eam
1271 1363 1436 1418 ἄπλανῆ
1457 1380 1537 1404 non
1561 1367 1702 1405 errati-

255 1435 345 1459 cam
361 1421 427 1458 vel
443 1435 523 1458 non
534 1421 735 1473 fallacem
758 1430 892 1471 vocat,
925 1430 969 1460 ut
989 1422 1147 1461 diabolo
1175 1426 1232 1480 τῷ
1255 1420 1437 1478 πλανήτῃ
1463 1422 1613 1461 erranti
1635 1422 1701 1459 vel

254 1478 451 1514 seductori
477 1484 664 1529 opponat.
723 1477 818 1516 dicit
842 1480 1027 1531 Sergium
1053 1478 1180 1520 ἕλκειν
1208 1480 1390 1531 precibus
1414 1479 1628 1530 virginem,
1657 1484 1702 1515 ut

254 1538 395 1585 poetae
426 1533 628 1586 quondam
659 1533 841 1573 dicebant
868 1538 1006 1587 Magos
1037 1537 1117 1574 suis
1145 1536 1476 1574 incantationibus
1506 1533 1556 1573 de
1592 1534 1701 1573 caelo

254 1603 416 1628 evocare
435 1592 605 1629 Lunam.
660 1592 769 1643 Virg.
787 1593 873 1630 Ecl.
893 1594 920 1633 8
950 1594 1018 1633 69.

366 1649 462 1688 213.
519 1647 736 1697 plurimum
753 1649 891 1686 tribuit
911 1646 1045 1685 Pisida
1061 1648 1101 1685 vi
1119 1648 1341 1685 orationum
1354 1647 1483 1698 Sergii
1501 1648 1544 1684 in
1564 1653 1702 1684 retun-

254 1701 396 1740 dendis
423 1703 681 1741 barbarorum
715 1704 931 1742 conatibus.
1006 1702 1182 1741 historici
1211 1705 1368 1755 saepius
1396 1702 1549 1740 laudati
1577 1715 1702 1740 unum

253 1758 356 1796 illud
375 1765 587 1808 testantur,
624 1773 647 1797 a
665 1761 818 1812 virgine
837 1759 997 1811 deipara
1018 1760 1159 1797 urbem
1178 1760 1300 1798 fuisse
1321 1765 1603 1798 conservatam.
1662 1767 1703 1796 at

254 1816 416 1866 Sergius
436 1816 742 1866 supplicationes
758 1817 938 1868 publicas
956 1817 1083 1864 iussit,
1104 1823 1143 1853 et
1159 1817 1333 1867 primum
1349 1815 1600 1854 beatissimae
1618 1815 1703 1853 vir-

252 1873 369 1923 ginis,
401 1870 543 1909 deinde
562 1874 651 1909 Iesu
663 1871 807 1911 Christi
820 1874 1028 1911 servatoris
1040 1874 1165 1910 nostri
1181 1874 1398 1923 imaginem
1410 1884 1532 1909 mann
1548 1878 1700 1919 tenens,

252 1928 399 1980 populo
426 1929 611 1966 universo
634 1930 870 1978 comitante,
916 1930 1074 1967 moenia
1101 1929 1209 1966 urbis
1235 1929 1356 1975 obiit3
1396 1926 1442 1965 id
1470 1927 1702 1966 confirmant

255 1985 436 2036 geminae
458 1983 507 2022 de
526 1984 632 2022 beno
650 1985 819 2023 Abarico
839 1987 1103 2033 narrationes,
1134 1998 1232 2038 quas
1255 1983 1363 2022 hisce
1382 1983 1702 2022 adnotationibus

255 2041 446 2079 subiicere
474 2054 616 2093 operae
645 2043 817 2093 pretium
844 2041 1031 2079 duximus
1046 2038 1097 2092 *).
1154 2040 1254 2078 haec
1281 2047 1373 2079 sunt
1394 2041 1515 2090 igitur
1533 2036 1582 2078 τοὶ
1604 2042 1701 2079 θεῖα

253 2093 520 2149 τεχνάσματα,
552 2110 652 2149 quae
672 2098 923 2136 commendat
937 2096 1086 2136 Pisida.
1141 2099 1310 2148 primam
1330 2109 1424 2135 sane
1442 2096 1701 2147 supplicatio-

253 2166 349 2190 nem
375 2166 466 2192 cum
485 2155 650 2205 virginis
681 2153 864 2206 deiparae
891 2157 1005 2192 icone
1030 2154 1179 2191 factam
1192 2151 1401 2204 indigitat,
1432 2165 1478 2190 ac
1493 2158 1703 2203 propterea.

254 2222 381 2260 nuper
399 2209 502 2248 dixit
522 2209 647 2250 ἕλκων
668 2207 829 2263 ἀπλανῆ
847 2208 921 2263 τήν
939 2206 1123 2263 Ὀρθίαν.

364 2266 462 2308 215.
518 2274 658 2317 poetae
697 2265 884 2305 dixerunt
912 2267 1090 2317 gigantes
1117 2278 1201 2304 esse
1232 2264 1334 2302 filios
1362 2264 1529 2302 telluris.
1584 2260 1699 2302 Ovid.

342 2436 380 2479 *)
405 2435 557 2470 Subiecit
572 2434 739 2476 Quercius
751 2460 761 2478 ,
793 2445 867 2468 cum
881 2433 1004 2477 hymno
1019 2433 1196 2470 Acathisto
1207 2458 1218 2476 ,
1255 2433 1314 2479 qui
1326 2435 1406 2487 post
1419 2432 1536 2485 urbem
1551 2431 1701 2484 Avarum

253 2480 426 2516 obsidione
448 2481 623 2516 liberatam
644 2481 688 2514 ab
713 2480 855 2515 ecclesia
870 2479 1007 2513 Graeca
1027 2483 1171 2525 coeptus
1192 2483 1246 2514 est
1269 2490 1363 2522 cam,
1388 2481 1424 2512 et
1437 2477 1612 2512 lechonem
1629 2485 1701 2509 eius

276 2537 319 2560 uo
333 2526 465 2561 canitur
478 2526 543 2562 diei
559 2530 595 2561 et
609 2525 776 2571 διήγησιν
792 2522 981 2570 ω’φέλιμον
995 2522 1033 2560 ἐκ
1048 2527 1209 2565 παλ-αἴας
1230 2524 1374 2567 ῖςορίας
1391 2524 1618 2577 cvm-systum
1637 2519 1700 2576 κάὶ

254 2569 458 2652 Μᾶμνῗωῖ
478 2572 678 2663 (ἷίλῖἶσῖἰ
685 2568 1215 2663 ῗοῗσιῗὶξίαῗὲἓωςέἷιῗίῖἶῗῖ
1232 2567 1454 2651 ἕῖἴῧέἓῦ
1473 2567 1585 2647 23‘32‘
1595 2567 1700 2646 3531

252 2618 483 2704 ἷξιιοτῖαθξιῖιὲ
498 2631 601 2708 ἃίῖιης
620 2630 871 2708 ἔειραθέντες,
894 2659 918 2707 ἡ
942 2629 1107 2702 §enudate
1120 2627 1254 2707 α’σινιῗς
1274 2639 1580 2715 παρατηρῇθεῖσα
1594 2666 1703 2712 πρεσ-

253 2709 368 2755 βείαις
395 2709 463 2754 τῆς
485 2708 670 2745 θεοτόκου
688 2708 837 2754 ἐτησίως
859 2705 899 2743 ἐκ
916 2707 1002 2743 τότε
1018 2704 1103 2756 ᾅδει
1121 2705 1394 2754 εὖχαριςήριον,
1426 2703 1617 2744 ακοίθιςον
1634 2713 1707 2747 την.

252 2751 396 2799 ’ἡμέραν
413 2754 730 2800 κατονομάζουσα.
777 2754 836 2791 sed
859 2755 1004 2798 hymnus
1028 2759 1064 2789 et
1081 2753 1181 2788 lectio
1201 2754 1235 2788 in
1249 2753 1343 2788 libris
1358 2750 1534 2786 ritualibus
1549 2751 1702 2785 Graeco-

253 2810 325 2835 rum
339 2801 516 2845 leguntur3
549 2800 773 2836 narrationem
797 2799 903 2835 edidit
917 2799 1138 2836 Combefisius
1153 2798 1282 2834 Histor.
1299 2796 1486 2834 Monothel.
1503 2806 1536 2842 p.
1551 2794 1630 2831 805.
1656 2792 1700 2826 cf-

253 2846 410 2883 Gretner.
424 2846 461 2881 in
475 2847 541 2882 Ge.
559 2846 723 2882 Codinum
738 2846 908 2882 observat.
925 2846 947 2880 3
963 2847 994 2881 7.
