1890 3224
738 190 1010 236 ACROASIN
1042 190 1097 235 11.
1549 190 1642 236 159

189 303 359 352 cedone,
391 301 486 341 dum
512 303 663 341 Abares
693 315 746 340 ex
772 308 884 354 parte
908 301 1060 340 boreali
1085 301 1242 354 Cpolim
1262 314 1490 354 oppugnare
1512 308 1644 340 tenta-

188 368 297 409 rent,
327 361 404 412 ipsi
421 373 475 398 ex
492 366 603 412 parte
622 359 877 398 meridionali
898 372 941 397 se
962 357 1129 397 eandem
1146 361 1298 410 regiam
1315 360 1456 398 urbem
1479 371 1643 411 aggres-

188 430 299 456 suros
318 430 405 456 esse
425 422 703 455 convenerant.
760 414 852 453 vide
873 415 1019 453 ibidem
1041 429 1080 454 v.
1101 414 1198 456 496.

300 476 368 516 91.
427 475 678 527 sequentium
693 485 881 511 versuum
900 485 1165 511 sensum.non
1183 473 1278 511 satis
1299 479 1479 524 apertum
1499 473 1557 510 sic
1577 485 1647 510 ac-

191 531 307 581 cipio.
369 544 460 568 cum
480 531 688 568 Heraclius
708 531 854 566 civium
872 527 1107 567 dissidentes
1129 531 1280 567 animos
1302 531 1343 566 in
1365 542 1491 566 unum
1514 529 1647 566 coale-

188 600 297 625 scere
325 587 507 635 fecisset,
537 585 587 624 de
618 584 880 637 reprimendis
908 586 1105 624 Abaribus
1129 587 1338 637 cogitavit,
1370 599 1415 622 ac
1434 599 1551 637 saepe
1573 598 1646 623 vo-

187 645 328 681 luisset
354 656 428 695 ope
458 642 594 681 divina
618 650 658 681 et
682 644 848 694 virginis
879 644 1029 680 Mariae
1055 644 1272 694 patrocinio
1299 643 1423 680 fretus
1453 641 1505 679 ad
1530 649 1646 694 pacta

188 698 382 737 servanda
410 713 478 738 eos
504 700 764 752 compellere3
794 698 865 737 sed
889 713 980 737 cum
996 701 1038 736 in
1058 713 1105 737 eo
1125 707 1228 737 esset
1248 706 1292 736 ut
1312 699 1507 737 Abaribus
1536 711 1646 736 arma

187 756 370 805 inferret,
415 757 568 795 Sclavis
599 770 652 794 ex
682 757 760 794 alia
784 763 895 808 parte
918 758 1140 799 Romanam
1166 755 1364 794 dicionem
1387 756 1646 803 vastantibus,

189 819 323 850 contra
349 814 458 863 ipsos
489 826 692 851 occurrere
712 820 751 850 et
769 813 817 850 ab
835 814 992 864 incepto
1011 812 1198 851 desistere
1229 813 1454 863 cogebatur.
1511 814 1646 864 itaque

188 867 432 920 Charybdis,
470 877 515 907 ut
539 882 677 921 supra,
718 877 778 907 est
801 870 980 907 Abarum
1008 871 1139 918 natio;
1182 870 1270 920 lupi
1301 875 1392 907 sunt
1422 869 1556 906 Sclavi
1580 867 1646 905 vel

186 927 353 963 Persae:
392 933 432 963 at
457 927 617 977 Gorgon
646 924 714 962 hic
740 938 822 963 non
848 932 908 963 est
937 932 1180 974 monstrum,
1220 924 1291 963 sed
1319 927 1453 975 imago
1480 925 1645 975 virginis

186 982 359 1031 Mariae,
391 983 502 1020 cuius
528 996 603 1034 ope
626 982 832 1019 Heraclius
861 983 943 1019 iam
963 989 1079 1019 antea
1097 988 1311 1033 tyrannum
1330 980 1507 1018 Phocam
1530 980 1644 1018 deviv-

188 1045 307 1076 cerat.
367 1039 501 1076 confer
527 1052 652 1089 supra
673 1051 712 1076 v.
732 1040 784 1079 12
811 1044 850 1074 et
870 1051 1000 1090 seqq„
1031 1045 1071 1075 et
1103 1039 1239 1076 omnia
1269 1044 1403 1086 erunt,
1433 1039 1477 1074 ni
1509 1038 1642 1086 fallor,

187 1094 307 1146 plana
334 1101 372 1132 et
392 1094 690 1132 difficultatibus
709 1093 911 1145 expedita.

299 1153 369 1192 97·
421 1152 750 1205 τριπλοκίνδυνον
778 1151 854 1188 fuit
884 1150 1038 1188 bellum
1066 1150 1304 1187 Abaricum:
1348 1162 1523 1202 namque
1563 1164 1643 1188 uno

188 1205 410 1259 eodemque
435 1214 614 1259 tempore
645 1213 778 1244 contra
794 1214 874 1245 tres
893 1205 1051 1255 hostes,
1077 1206 1229 1244 Abares
1250 1207 1412 1245 Sclavos
1432 1213 1471 1244 et
1488 1209 1643 1257 Persas,

189 1262 462 1301 dimicandum
484 1264 561 1301 fuit
582 1263 812 1314 Cpolitanis.

303 1320 397 1360 101.
455 1333 557 1357 anno
589 1321 641 1360 11
670 1319 830 1371 imperii
853 1319 916 1357 sui
940 1318 1146 1356 Heraclius
1171 1331 1314 1371 pacem
1339 1331 1430 1356 cum
1456 1317 1647 1370 Chagano

187 1376 364 1414 Abarum
382 1375 482 1414 duce
503 1377 737 1427 composuit,
766 1382 812 1413 ut
831 1383 966 1414 contra
992 1374 1209 1413 Chosroam
1229 1388 1339 1412 arma
1357 1382 1548 1425 moveret,
1580 1377 1650 1428 qui

187 1431 405 1484 ἓπαρθεὶς“
407 1435 458 1489 τῇ
489 1433 581 1489 νίκῃ
607 1428 739 1472 ουκέτι
768 1431 812 1472 ἐν
846 1447 900 1486 τῳ
932 1434 1154 1472 καθεστῶτι
1182 1428 1287 1472 εἶναι.
1313 1428 1506 1501 ἠ’δυνατο;
1562 1429 1650 1473 τότε

186 1485 413 1541 Ἡράκλειος
448 1491 567 1540 ζῆλον
596 1491 699 1529 θεοῦ
716 1474 945 1555 ἀναλαβών
955 1487 1024 1528 καὶ
1042 1486 1137 1555 μετὰ
1157 1502 1237 1529 των
1255 1484 1446 1556 'Assoiow'v
1465 1486 1650 1540 εἰρηνεύ-

189 1558 296 1614 σας,
315 1544 368 1593 ὥς
396 1542 595 1597 ἐνόμιζεν,
627 1541 865 1597 μετήνεγκεν
893 1560 942 1584 τα
971 1540 1243 1597 στρατεύματα
1266 1548 1341 1596 τῆς
1363 1540 1569 1597 Εὐρώπης
1592 1545 1649 1593 εἰς

186 1616 262 1653 την
286 1597 445 1651 Ἀσίαν,
474 1600 543 1641 καὶ
574 1601 763 1642 διενοεῖτο
786 1604 839 1655 τῇ
865 1603 937 1641 τοῦ
968 1604 1074 1641 θεοῦ
1095 1601 1302 1656 συνεργεία
1323 1616 1423 1641 κατα
1448 1602 1649 1655 Περσίδος

187 1660 380 1711 χωρῆσαι.
435 1660 490 1695 ita
510 1655 782 1708 Theophanes
798 1671 845 1708 p.
868 1656 962 1699 251,

302 1715 398 1755 103.
455 1726 559 1751 anno
584 1714 759 1751 Heraclii
791 1715 843 1753 11
875 1720 1069 1762 exeunte,
1098 1711 1234 1751 hieme
1264 1720 1399 1751 autem
1422 1721 1646 1765 appetente,

189 1770 394 1807 Heraclius
428 1771 472 1807 in
503 1782 614 1807 oram
645 1770 862 1807 Asiaticam
888 1771 1081 1820 Byzantio
1112 1771 1337 1820 oppositam
1364 1772 1547 1818 secessit,
1577 1771 1647 1809 ubi

189 1839 316 1878 usque
340 1825 393 1863 ad
415 1825 523 1863 diem
545 1833 730 1877 quartum
746 1827 895 1863 mensis
915 1827 1064 1876 Aprilis
1085 1827 1287 1877 sequentis
1309 1828 1404 1863 anni
1424 1840 1648 1865 commora-

188 1889 253 1920 tus
281 1889 354 1920 est.
409 1889 505 1921 tunc
532 1883 639 1919 enim
663 1880 820 1930 τελέσας
834 1879 910 1933 τήν
929 1879 1070 1936 ἑορτήν
1092 1884 1168 1923 τοῦ
1189 1878 1324 1935 πάσχα
1344 1881 1527 1935 ἐκίνησεν
1545 1881 1647 1924 κατοέ

192 1939 400 1992 Περσίδος.
455 1937 696 1990 Theophan.
712 1953 759 1989 p.
781 1938 878 1979 253.

224 2014 226 2016 ’
302 1995 398 2036 110.
453 1996 714 2046 Du-Cangius
743 1994 855 2045 Cpol.
883 1994 1028 2032 Christ.
1053 1993 1122 2031 lib.
1146 1993 1172 2035 4
1196 2009 1230 2032 c.
1255 1995 1306 2035 13
1333 1995 1481 2046 palatia
1502 1995 1646 2034 subur-

189 2052 292 2089 bana
315 2053 600 2102 imperatorum
629 2065 857 2100 recensens,
892 2052 1086 2102 palatium
1112 2049 1373 2089 Chalcedonis
1393 2058 1432 2089 et
1449 2052 1646 2090 suburba-

188 2121 288 2145 num
315 2107 578 2147 Chalcedonis
601 2110 795 2146 nominat.
852 2109 1058 2146 Heraclius
1080 2109 1123 2146 in
1141 2108 1412 2146 suburbanum
1439 2111 1644 2158 concessit,

190 2166 301 2202 cuius
323 2163 628 2217 descriptionem
644 2166 756 2203 nobis
777 2165 937 2217 reliquit
954 2165 1198 2203 Sozomenus
1216 2165 1286 2202 lib.
1307 2167 1333 2206 8
1354 2178 1387 2202 c.
1409 2166 1476 2206 17.
1527 2172 1646 2218 atque

188 2219 234 2257 id
259 2221 379 2274 plane
400 2220 468 2259 ‘est
499 2222 792 2271 suburbanum,
829 2221 938 2274 quod
963 2223 1099 2273 paucis
1132 2220 1276 2259 abhinc
1309 2223 1422 2259 annis
1453 2222 1646 2261 Sarbarns

190 2278 339 2314 Persici
371 2280 566 2316 exercitus
599 2277 683 2316 dux
715 2280 834 2317 armis
864 2286 903 2316 et
928 2280 1022 2330 igne
1050 2285 1297 2328 vastaverat:
1326 2291 1422 2315 nam
1451 2277 1646 2318 Chronico

189 2332 463 2372 Alexandrino
504 2341 603 2372 teste
630 2349 678 2385 p.
708 2336 813 2384 896,
865 2349 955 2373 cum
983 2334 1277 2373 chalcedonem
1304 2335 1373 2372 ille
1405 2337 1646 2385 accessisset,

189 2387 388 2431 πάντα-τὰ
410 2386 628 2444 προάστεια
654 2390 722 2431 καὶ
749 2389 845 2440 τούς
871 2389 1104 2446 εὖκτηρίους
1128 2392 1266 2440 οἴκους
1292 2391 1485 2430 incendit.
1541 2399 1647 2430 certe

160 2450 168 2462 ¹
191 2448 390 2485 Heraeum
417 2449 630 2500 palatium,
661 2447 771 2499 quod
794 2456 876 2486 erat
903 2456 1011 2488 trans
1043 2450 1190 2487 fretum
1221 2448 1523 2486 celeberrimum
1551 2449 1648 2487 sub-

191 2503 408 2553 urbanum,
438 2503 504 2542 hic
529 2518 611 2542 non
639 2503 821 2555 designat
847 2505 1006 2555 Pisida,
1038 2508 1108 2559 qui
1130 2506 1179 2543 de
1202 2504 1357 2555 Exped.
1390 2506 1414 2546 1
1444 2505 1526 2547 157
1551 2505 1647 2543 dicit

190 2561 439 2610 Heraclium,
493 2575 585 2599 cum
619 2574 834 2600 conscensa
873 2564 967 2601 navi
996 2564 1039 2600 in
1071 2561 1278 2601 Persidem
1303 2563 1398 2611 iret,
1448 2564 1648 2601 Heraeum

191 2619 567 2669 praeternavigasse.

304 2674 399 2715 112.
456 2677 638 2726 respicit,
665 2677 826 2727 opinor,
857 2675 909 2713 ad
931 2677 1034 2714 festa
1060 2675 1285 2722 Brumalia,
1331 2687 1431 2727 quae
1461 2673 1646 2712 kalendis

191 2729 384 2767 Ianuariis
410 2731 653 2782 incipiebant
683 2740 722 2770 et
748 2745 895 2783 magna
918 2746 1009 2770 cum
1038 2733 1286 2771 solemnitate
1306 2732 1603 2770 celebrabantur
1621 2743 1644 2766 a

192 2785 344 2823 civibus
372 2793 412 2823 et
438 2788 763 2839 imperatoribus:
794 2791 942 2827 etenim
966 2803 1038 2842 per
1058 2802 1125 2827 eos
1145 2787 1230 2826 dies
1249 2795 1360 2826 erant
1377 2787 1464 2826 ludi
1483 2788 1643 2825 Circen-

193 2854 276 2891 ses,
309 2844 490 2882 convivia
509 2851 549 2882 et
567 2846 798 2896 largitiones
814 2846 1010 2897 publicae.
1070 2843 1216 2884 videsis
1236 2846 1520 2895 Du—Cangium
1538 2844 1638 2881 Lex.
