1890 3224
311 188 407 235 108
924 189 1150 235 PETAV‘II

306 301 364 355 τῷ
388 301 465 356 λεῷ
491 315 546 347 ως
575 295 650 339 συν
678 293 817 347 αυτοῖς
847 296 957 354 μέχρι
981 297 1165 342 θανᾶτου
1188 296 1430 355 αγωνίσηται
1447 297 1517 342 καὶ
1535 298 1590 348 ως
1606 298 1759 350 τέκνοις

308 357 472 404 οἰκείοις
489 351 644 404 τούτοις
659 351 965 420 συναρμρσηται.
1003 358 1150 396 Paulus
1168 359 1388 396 Diaconus:
1418 359 1638 395 iuramenta
1657 357 1758 394 dans

302 412 472 463 populo,
500 411 608 463 quod
627 425 717 449 cam
740 413 836 462 ipsu
853 427 977 465 usque
993 414 1052 451 ad
1067 422 1228 453 mortem
1236 416 1349 467 sbret
1372 421 1591 452 certaturus
1612 420 1650 450 et
1667 420 1759 451 tan-

306 482 429 520 quam
448 469 623 518 propriis
631 468 740 516 filiis
761 468 1021 508 adhaesurus.

416 538 456 575 p·
479 523 532 564 14
548 538 587 562 v-
606 525 672 565 10.
730 523 798 564 καὶ
819 524 844 565 o‘
856 529 937 566 τῶν
959 523 1153 579 Ουννων]
1185 525 1234 564 de
1253 529 1490 565 Hunnorum
1507 523 1679 564 adventu
1695 531 1760 562 ta-

306 587 396 617 cent
426 579 625 619 Cedrenus
660 594 706 618 ac
731 579 1014 634 Theophanes.
1072 583 1300 634 Sigebertus
1335 597 1372 621 a.
1400 583 1504 625 623:
1543 580 1762 619 Heraclius

304 638 518 687 imperator
533 639 704 675 Hunnis
721 638 1030 689 confoederatur.

419 692 473 730 ib.
495 707 534 731 v.
555 695 620 734 19.
678 691 774 746 μετοὶ
802 693 845 735 δὲ
874 698 999 735 ταῦτα
1025 693 1094 735 καὶ
1120 693 1144 735 ὁ
1166 697 1246 735 τῶν
1261 691 1468 748 Ἀβᾶρων]
1499 691 1698 732 cedrenus
1715 705 1762 730 ac

306 748 575 801 Theophanes
598 763 634 787 a.
655 751 828 788 Heraclii
845 752 871 791 9
890 754 1040 790 Avares
1062 750 1234 803 produnt
1259 753 1301 789 in
1324 750 1540 791 Thraciam
1559 751 1761 802 irrupisse,

306 813 512 859 totamque
547 807 661 844 illam
691 807 739 844 ab
770 807 820 846 iis
844 807 1092 860 tragoediam
1125 810 1353 846 excitatam.
1412 814 1494 845 erat
1526 820 1563 845 a.
1595 807 1639 844 C.
1668 807 1762 854 619,

306 861 450 900 Indict.
477 865 517 903 7.
575 870 709 901 contra
742 862 888 904 Chron.
918 866 1038 904 Alex.
1068 878 1109 915 p.
1132 866 1214 906 890
1238 863 1378 902 Indict.
1399 866 1425 905 9
1455 877 1490 901 a.
1512 863 1686 901 Heraclii
1712 864 1762 904 11

309 926 350 956 et
369 926 460 970 post
479 920 562 957 eius
583 921 833 958 consulatum
855 924 919 962 12.
977 920 1049 960 sed
1071 921 1218 958 falsum
1245 920 1476 959 Indictionis
1501 932 1586 958 esse
1603 918 1766 955 titulum

187 982 216 1015 P
239 977 283 1016 65
306 989 425 1013 nemo
449 989 530 1014 non
551 976 674 1014 videt.
731 990 861 1030 neque
882 978 990 1015 enim
1010 991 1100 1015 cum
1115 977 1256 1016 Indict.
1273 979 1298 1018 9
1317 989 1500 1028 annoque
1518 975 1692 1013 Heraclii
1710 974 1762 1014 11

307 1034 492 1070 convenit
521 1045 648 1071 annus
677 1041 766 1084 post
796 1033 975 1072 eiusdem
1002 1035 1249 1071 consulatum
1277 1034 1354 1083 123
1392 1033 1599 1083 multoque
1630 1032 1764 1068 minus

308 1088 477 1140 quadrat
503 1088 611 1140 quod
634 1089 812 1139 subiicit,
844 1103 867 1128 a
890 1093 945 1132 22
966 1091 1139 1128 Ianuarii
1160 1088 1339 1127 eiusdem
1363 1088 1594 1126 Indictionis
1616 1098 1766 1124 annum

308 1157 394 1182 esse
427 1145 600 1181 Heraclii
626 1146 790 1182 iunioris
810 1147 861 1184 11
876 1175 886 1192 ,
916 1153 960 1183 ut
981 1158 1083 1181 anno
1105 1143 1233 1181 solido
1254 1145 1392 1181 consul
1411 1143 1532 1180 fuerit
1551 1149 1767 1194 antequam

307 1206 546 1237 nasceretur.
605 1200 797 1250 scriptum
828 1206 888 1237 est
920 1201 964 1236 in
1001 1198 1142 1237 eodem
1175 1198 1368 1238 Chronico
1399 1213 1440 1251 p.
1468 1198 1550 1241 878
1585 1211 1638 1236 ex
1663 1211 1700 1236 a.
1725 1196 1767 1235 (1.

308 1256 490 1294 Octobris
518 1259 544 1297 7
575 1255 716 1293 Indict.
749 1254 822 1304 14,
853 1268 931 1308 quo
963 1256 1169 1293 Heraclius
1197 1258 1412 1308 imperium
1444 1256 1667 1306 auspicatus
1692 1260 1766 1304 est,

308 1325 436 1364 usque
468 1311 520 1349 ad
546 1313 719 1350 Ianuarii
748 1313 799 1354 13
831 1311 1010 1350 eiusdem
1033 1311 1262 1351 Indictionis
1283 1313 1452 1365 publicis
1475 1313 1570 1349 actis
1593 1311 1768 1349 subscri-

308 1375 424 1421 ptum
454 1382 539 1406 esse
568 1381 603 1406 a.
636 1370 659 1409 1
692 1369 849 1419 imperii
878 1367 1092 1418 duntaxat,
1124 1376 1162 1406 et
1188 1382 1211 1406 a
1243 1369 1293 1411 14
1326 1368 1390 1406 die
1417 1369 1566 1415 mensis
1589 1366 1768 1405 eiusdem

311 1425 497 1477 deinceps
533 1424 585 1462 ad
617 1425 879 1463 Decembrem
909 1432 1123 1463 exeuntem
1148 1425 1290 1464 indict.
1313 1425 1365 1467 15
1390 1426 1564 1462 ineuntis
1587 1423 1768 1462 additum

304 1477 328 1494 ‘
342 1489 380 1519 et
401 1483 607 1519 consulatu
627 1481 806 1520 eiusdem
826 1483 1116 1533 religiosissimi
1134 1484 1258 1520 nostri
1272 1476 1495 1534 principisss
1551 1493 1673 1533 quare
1694 1493 1770 1517 an-

308 1539 372 1575 nis
397 1539 666 1591 sequentibus,
696 1546 792 1590 puta
808 1540 985 1576 Heraclii
1000 1542 1026 1579 2
1044 1545 1083 1576 et
1101 1538 1332 1587 Indict.15,
1359 1539 1412 1576 ab
1433 1539 1615 1575 Ianuario
1632 1549 1770 1574 mense

309 1602 539 1632 numeratus
566 1602 625 1632 est
646 1608 681 1632 a.
707 1596 730 1634 1
753 1602 843 1646 post
862 1596 1110 1633 consulatum
1135 1595 1324 1632 Heraclii.
1382 1607 1485 1631 anno
1516 1607 1610 1630 vero
1641 1595 1771 1630 Hera-

304 1652 377 1687 clii
397 1651 438 1697 3,
468 1650 610 1687 Indict.
635 1653 654 1690 1
671 1679 681 1698 ,
710 1652 893 1687 Ianuario
925 1663 1084 1696 mense,
1116 1652 1244 1700 coepit
1273 1661 1309 1685 a.
1336 1652 1364 1688 2
1393 1655 1486 1699 post
1517 1650 1770 1686 consulatum

309 1707 498 1743 Heraclii.
558 1704 666 1757 quod
705 1705 867 1756 quidem
903 1717 1007 1742 anno
1044 1707 1086 1742 C.
1116 1706 1197 1746 613
1230 1702 1458 1755 respondet.
1515 1716 1594 1756 quo
1629 1703 1771 1742 eodem

310 1775 416 1799 anno
429 1791 439 1811 ‚
479 1767 524 1799 ut
544 1761 654 1799 idem
676 1760 900 1799 Chronicon
922 1761 1060 1810 refert,
1092 1773 1114 1797 a
1135 1763 1190 1802 22
1208 1761 1382 1799 'Ianuarii
1403 1761 1446 1797 in
1467 1762 1564 1798 actis
1585 1761 1770 1812 publicis,

309 1826 401 1870 post
433 1819 595 1856 solenne
625 1831 783 1855 carmen
809 1819 852 1855 in
879 1819 1036 1855 nomine
1056 1817 1209 1854 domini
1229 1825 1305 1863 ete,
1332 1817 1447 1854 iussit
1469 1817 1674 1855 Heraclius
1697 1816 1772 1854 ad-

312 1875 431 1913 scribi
463 1875 637 1913 Heraclii
666 1876 833 1912 iunioris
865 1887 900 1912 a.
925 1877 965 1915 1.
1021 1875 1174 1941 itaque·
1183 1887 1220 1911 a.
1243 1874 1294 1914 11
1322 1874 1487 1910 incurrit
1508 1875 1551 1910 in
1569 1886 1604 1910 a.
1625 1874 1668 1911 C.
1689 1875 1771 1915 623

313 1930 403 1970 Iud.
426 1932 501 1980 11,
531 1932 704 1969 Heraclii
722 1945 815 1970 vero
837 1931 1002 1969 senioris
1018 1931 1178 1982 imperii
1196 1943 1232 1967 a.
1255 1931 1329 1978 13,
1359 1936 1398 1967 et
1414 1936 1503 1981 post
1522 1930 1606 1968 eius
1628 1942 1773 1968 consu-

313 1988 443 2026 latum
464 1991 525 2029 12.
585 2001 639 2026 ex
662 1987 725 2026 his
750 1984 1010 2041 ἄσύγκλωστα
1032 1993 1182 2025 constat
1203 1999 1288 2025 esse
1311 1999 1413 2038 quae
1434 1987 1478 2023 in
1495 1984 1688 2024 Chronico
1709 1987 1774 2023 le·-

315 2052 475 2096 guntur.
533 2045 576 2082 iu
618 2057 697 2097 quo
739 2047 860 2082 etiam
897 2042 1099 2082 character
1131 2044 1255 2081 feriae
1292 2042 1494 2081 subditur.
1546 2039 1671 2096 τούτῳ
1714 2057 1769 2097 τῳ

316 2101 504 2155 ἐνιαυτῷ,
535 2100 632 2153 μηνὶ
659 2102 833 2156 Δαισίῳ,
863 2116 962 2141 κατα
981 2100 1197 2153 Ῥωμαίους
1212 2095 1378 2139 Ἰουνίου
1399 2096 1439 2148 ε’,
1468 2097 1598 2153 ἡμέρα
1617 2094 1772 2152 πρώτῃ,

314 2159 421 2195 11111ἰί
443 2157 492 2206 5,
521 2159 622 2196 feria
644 2160 682 2199 1.
740 2157 806 2195 hic
834 2164 892 2196 est
917 2171 1042 2196 annus
1066 2156 1211 2195 Christi
1226 2155 1334 2203 623,
1365 2155 1474 2206 cyclo
1493 2155 1588 2193 solis
1609 2156 1681 2203 16,
1709 2155 1773 2192 lit.

314 2213 422 2252 dom.
443 2216 491 2251 Β.
548 2213 714 2266 proinde
735 2215 839 2252 Iunii
860 2213 908 2261 5,
937 2215 1037 2251 feria
1059 2215 1082 2254 1
1101 2214 1183 2251 sive
1201 2210 1413 2249 dominica.

427 2272 575 2309 Verum
604 2269 773 2307 Cedreni
803 2283 849 2307 ac
879 2268 1139 2321 Theophanis
1171 2269 1364 2306 sententia
1394 2268 1514 2318 longe
1541 2267 1672 2304 verior
1698 2272 1772 2305 est.

315 2328 465 2365 etenim
489 2340 526 2364 a.
551 2327 724 2364 Heraclii
746 2327 796 2366 13
815 2324 903 2363 Ind.
927 2329 973 2366 11
987 2355 997 2373 ,
1027 2327 1110 2364 sive
1135 2323 1280 2362 Christi
1298 2326 1402 2371 623,
1432 2323 1636 2361 Heraclius
1657 2322 1773 2375 cpoli

316 2386 372 2426 15
390 2385 523 2420 Martii
543 2383 741 2434 profectus
759 2383 801 2419 in
821 2383 1042 2429 Orientem,
1072 2384 1126 2422 20
1142 2382 1289 2432 Aprilis
1308 2382 1349 2418 in
1367 2379 1573 2418 Persidem
1594 2392 1685 2416 cum
1704 2391 1774 2416 co-

315 2441 393 2490 p'iis
417 2442 498 2478 suis
519 2441 720 2491 ingressus
741 2445 821 2487 est,
851 2444 896 2476 ut
916 2439 1051 2476 scribit
1074 2436 1343 2489 Theophanes
1357 2466 1367 2486 ,
1396 2443 1557 2488 totoque
1576 2434 1652 2472 hoc
1668 2448 1772 2472 anno

318 2494 521 2535 Chosro'e'n
545 2498 746 2534 insecutus
772 2494 935 2532 demum
953 2497 994 2532 in
1014 2495 1186 2534 Albania
1207 2493 1383 2531 hiemem
1401 2491 1593 2530 traduxit.
1652 2504 1773 2543 quare

318 2553 435 2603 cpoli
461 2555 574 2591 Iunio
604 2566 741 2591 mense
768 2565 849 2590 non
876 2552 966 2589 fuit.
1024 2550 1096 2590 sed
1124 2558 1162 2588 et
1189 2552 1366 2588 Avarum
1388 2550 1457 2586 illa
1481 2550 1590 2599 prior
1606 2548 1772 2599 irruptio

319 2621 366 2645 ac
398 2608 561 2659 perfidia
592 2616 682 2647 ante
712 2607 1006 2660 expeditionem
1035 2608 1208 2645 Heraclii
1234 2607 1418 2656 contigit,
1448 2612 1493 2642 ut
1515 2606 1635 2642 etiam
1654 2606 1774 2642 Nice-

318 2663 468 2716 phorus
494 2672 628 2703 noster
657 2667 808 2704 asserit.
866 2664 974 2717 quod
999 2663 1051 2702 ad
1072 2665 1191 2703 Alex.
1217 2661 1363 2700 Chrou.
1389 2663 1549 2709 attinet,
1580 2658 1688 2714 quod
1720 2672 1774 2697 ex

317 2723 438 2759 variis
468 2723 691 2760 auctoribus
723 2722 899 2760 centonis
928 2723 1053 2760 instar
1077 2721 1354 2759 concinnatum
1380 2724 1458 2767 est,
1487 2690 1554 2756 vel
1572 2719 1670 2755 ratio
1686 2718 1774 2769 ipsa

318 2777 531 2830 persuadet
561 2775 815 2832 παρεκβολήν
845 2776 949 2816 hanc
979 2777 1029 2816 de
1058 2779 1235 2817 Avarum
1269 2775 1510 2827 grassatione
1535 2774 1664 2812 alieno
1685 2774 1773 2812 loco

317 2836 489 2885 positam
517 2833 567 2874 ad
590 2834 679 2874 Ind-
710 2837 756 2885 7,
783 2835 955 2874 Heraclii
975 2848 1068 2875 vero
1091 2837 1117 2878 9
1142 2845 1290 2872 annum
1304 2833 1516 2884 pertinere.
1572 2828 1679 2869 unde
1702 2841 1774 2881 pro
