1890 3224
268 182 334 232 48
624 184 978 232 NICEPHORUS
1012 183 1354 233 CPOLITANUS

215 305 245 342 B
271 299 444 355 ἕβδομον
470 295 556 348 ἔτος
580 295 620 339 ἓν
640 301 689 353 τῇ
705 298 889 358 βασιλείᾳ
909 297 1172 352 διανύσαντα,
1204 297 1260 342 ἔτι
1281 299 1325 342 δὲ
1343 299 1409 342 καὶ
1429 296 1626 344 Λεόντιον
1645 317 1711 344 σι-

269 367 405 425 δήροις
429 365 605 420 πεδήσας
629 367 814 421 κατέσχεν
836 368 877 410 ἓν
899 367 1052 424 εἱρκτῇ·
1082 367 1184 422 μετὰ
1201 368 1247 410 δὲ
1265 372 1391 410 ταῦτα
1408 368 1564 410 ἱππικὸν
1583 370 1710 412 ἔπιτε-

268 437 387 485 λέσας
412 435 566 490 ἀγῶνα,
600 432 775 492 θάτερον
804 435 876 489 μὲν
907 436 949 478 ἐκ
980 438 1117 487 δεξιῶν
1143 434 1318 492 θάτερον
1348 436 1391 478 δὲ
1422 437 1464 486 ἐξ
1494 436 1711 493 ἀριστερῶν

266 504 370 559 πρὸς
395 509 478 552 τοῖς
504 503 620 545 ποσὶν
642 503 767 546 αὐτοῦ
784 508 1001 546 πατεῖσθαι
1020 504 1144 561 ῥίψας
1161 505 1223 546 ἐπὶ
1241 503 1350 560 ὥρας
1366 506 1578 561 βραχείας,
1610 504 1712 558 μετὰ

266 575 395 614 ταῦτα
417 571 602 624 ἐκπέμπει
626 571 667 613 ἓν
686 576 743 628 τῷ
764 573 994 629 καλουμένῳ
1017 574 1185 631 κυνηγίῳ
1207 576 1411 627 τμηθῆναι
1431 572 1504 622 τὰς
1523 571 1746 629 κεφαλάς.5

266 639 336 682 τὸν
354 640 396 681 δὲ
415 637 662 694 Βουλγάρων
679 639 853 696 ἄρχοντα
873 641 1066 697 Τέρβελιν
1087 640 1164 691 ἔξω
1184 643 1336 695 τείχους
1356 643 1597 697 Βλαχερνῶν
1615 656 1716 695 σκη-

267 706 457 761 νούμενον
495 707 626 749 πολλὰ
663 707 1062 766 φιλοφρονησάμενος
1073 739 1085 759 ,
1132 709 1245 759 τέλος
1272 707 1589 764 παραγενόμενος
1617 709 1718 764 πρὸς

268 777 390 818 αὐτὸν
416 777 588 830 χλανίδα
618 792 660 818 τε
691 775 1159 832 περιβάλλει-βασιλικὴν
1180 778 1247 818 καὶ
1264 778 1456 833 Καίσαρα
1475 775 1716 832 ἀναγορεύει,

268 846 335 887 καὶ
366 843 648 901 συμπάρεδρον
682 843 948 899 ποιησάμενος
975 849 1289 901 προσκυνεῖσθαι
1319 845 1394 887 σὺν
1421 845 1531 901 αὐτῷ
1548 843 1624 885 ὑπὸ
1645 832 1720 886 τού

271 917 373 955 λαοῦ
400 912 577 963 ἐκέλευε,
608 914 674 954 καὶ
703 916 869 956 πλεῖστα
899 912 1202 969 παρασχόμενος
1228 915 1340 969 δῶρα
1368 913 1471 970 πρὸς
1494 911 1545 955 τὰ
1574 910 1719 954 ἑαυτοῦ
1731 915 1776 951 10

220 987 250 1022 C
271 982 472 1034 ἐξέπεμπε.
541 982 780 1023 Καλλίνικον
808 982 852 1023 δὲ
879 981 948 1037 τὸν
973 985 1044 1035 τῆς
1070 980 1221 1030 πόλεως
1241 979 1449 1037 ἶεράρχην,
1485 978 1540 1030 ὥς
1561 982 1722 1037 δυσφη-

270 1047 457 1104 μήσαντα
489 1049 611 1090 αὐτὸν
643 1049 705 1090 ἐπὶ
735 1053 785 1104 τῇ
813 1053 886 1090 τοῦ
909 1049 1109 1090 Λεοντίου
1132 1047 1410 1104 ἇναγορεύσει,
1444 1046 1662 1105 τυφλώσας
1681 1048 1722 1089 ἐν

269 1122 320 1174 τῇ
337 1115 472 1172 Ῥώμῃ
495 1116 690 1170 ἐξέπεμψε
701 1148 712 1167 ‚
749 1118 887 1172 Κῦρον
908 1116 996 1158 ἀντ’
1020 1116 1144 1158 αὐτοῦ
1162 1119 1218 1166 εἷς
1233 1116 1306 1170 τὴν
1325 1114 1541 1172 ἱερωσύνην
1558 1131 1722 1171 προχει-

271 1183 484 1240 ρισάμενος
503 1183 572 1225 τὸν
591 1184 631 1224 ἓν
643 1181 878 1239 Ἀμάστριδι
894 1183 1115 1238 ἓγκλειστὸν
1134 1181 1364 1238 γενόμενον,
1397 1185 1723 1239 προσημαίνοντα

271 1253 382 1308 αὐτῷ
419 1252 541 1293 ἐκεῖσε
576 1249 758 1307 παριόντι
791 1250 864 1304 τὴν
899 1255 971 1305 τῆς
1008 1251 1197 1305 δευτέρας
1225 1251 1433 1305 βασιλείας
1465 1249 1722 1293 κατάστασιν.
1734 1253 1778 1290 15

270 1318 397 1364 πολύν
431 1336 472 1362 τε
510 1317 632 1375 φόνον
662 1319 729 1360 καὶ
755 1316 930 1361 κάκωσιν
945 1319 986 1359 ἐν
1004 1325 1088 1369 τοῖς
1106 1317 1298 1374 ὑπηκόοις
1316 1319 1503 1361 ἐποιεῖτο·
1537 1318 1632 1369 τοὺς
1652 1319 1731 1372 μὲν

270 1387 349 1444 γὰρ
381 1389 434 1437 εἷς
463 1385 658 1443 ἄρχοντας
686 1385 1013 1442 προβαλλόμενος
1044 1387 1186 1429 αὐτίκα
1213 1385 1370 1443 ἑτέρους
1392 1386 1561 1429 ὄπισθεν
1580 1387 1727 1439 ε’κπέμ-

271 1472 359 1498 πων
379 1453 537 1511 ἀνῄρει,
573 1454 643 1504 οῧς
661 1456 705 1496 δὲ
723 1456 764 1496 ἓν
785 1456 929 1512 δείπνῳ
948 1458 1158 1510 συγκαλῶν
1181 1453 1286 1512 δόλῳ
1307 1455 1549 1506 ἀπέκτεινεν,
1579 1452 1728 1503 ἄλλους

271 1525 313 1566 ἓν
342 1528 399 1580 τῷ
429 1526 553 1579 βυθῷ
582 1521 745 1573 σάκκοις
779 1521 967 1576 ἐμβαλὼν
1001 1523 1237 1579 ἀπέρριπτε,
1266 1525 1333 1564 καὶ
1357 1521 1570 1565 συνελόντα
1593 1524 1727 1572 εἰπεῖν,

273 1590 449 1645 ὠμότητι
471 1594 600 1646 πολλῇ
618 1593 685 1632 καὶ
707 1590 902 1646 θηριώδει
923 1589 1062 1646 γνώμῃ
1080 1590 1182 1645 πρὸς
1204 1590 1250 1632 τὸ
1271 1588 1447 1643 ὖπήκοον
1469 1591 1783 1642 διακείμενος.ξο

274 1661 316 1701 ἔν
345 1657 502 1707 τούτοις
531 1658 574 1699 δὲ
598 1659 903 1711 μεταστέλλεται
925 1657 1002 1699 ἀπὸ
1021 1659 1235 1713 Χαζαρίας
1255 1656 1472 1713 Θεοδώραν
1489 1658 1561 1711 τὴν
1582 1655 1726 1699 ἑαυτοῦ

222 1734 254 1769 D
277 1727 454 1784 γαμετὴν
471 1727 535 1767 καὶ
558 1726 746 1781 Τιβέριον
767 1725 837 1767 τὸν
857 1726 899 1775 ἐξ
920 1725 1046 1779 αὐτῆς
1065 1726 1259 1778 τεχθέντα
1278 1725 1389 1781 αὐτῷ
1403 1723 1490 1766 υἱόν
1500 1756 1514 1775 ,
1552 1726 1618 1766 καὶ
1636 1724 1729 1767 στέ-

277 1813 343 1853 φει
373 1794 517 1843 αὐτοὺς
549 1795 603 1843 εἷς
628 1793 834 1847 βασιλέας.
901 1793 1004 1846 μετὰ
1025 1797 1142 1835 τοῦτο
1166 1791 1250 1835 λύει
1268 1793 1341 1847 τὴν
1362 1793 1464 1848 πρὸς
1480 1792 1575 1842 τοὺς
1593 1795 1731 1834 Βουλ-

276 1861 427 1920 γάρους
446 1860 603 1918 εῗρήνην
612 1893 625 1912 ,
661 1863 727 1903 καὶ
747 1859 1028 1918 στρατεύματα
1049 1864 1215 1903 πλεῖστα
1238 1858 1306 1903 διά
1324 1877 1365 1903 τε
1388 1865 1462 1916 γῆς
1481 1862 1547 1902 καὶ
1566 1857 1731 1902 θαλάσ-

276 1982 346 2005 una
368 1980 445 2003 cum
460 1968 611 2003 Leontio
630 1968 914 2014 comprehensum
930 1967 1057 2002 ferreis
1081 1979 1154 2002 com
1182 1967 1302 2002 edibus
1324 1967 1478 2002 vinctum
1498 1967 1535 2000 in
1557 1977 1731 2002 carcerem

278 2015 434 2050 coniicit.
481 2019 567 2068 post
594 2015 681 2068 baec
711 2019 872 2093 equestre
904 2019 1095 2067 cer-tamenn
1111 2025 1150 2068 ce
1165 2014 1309 2057 ebmns,
1342 2014 1487 2047 alterum
1510 2013 1554 2047 ad
1575 2013 1733 2065 dextram

279 2062 427 2096 alterum
461 2061 504 2094 ad
539 2066 712 2095 slnistram
770 2071 851 2094 orae
880 2065 994 2105 spatio
1026 2061 1132 2094 ab11c1
1157 2059 1268 2104 adque
1290 2059 1398 2103 pedes
1421 2067 1502 2092 suos
1525 2057 1733 2102 proculcari,

277 2108 362 2141 inde
383 2106 422 2139 in
444 2105 604 2150 Cynegio
626 2110 731 2151 caput
753 2106 925 2151 amputari
947 2105 1062 2140 iussit.
1107 2106 1171 2139 sub
1195 2105 1281 2138 haec
1298 2104 1523 2148 Bulgarorum
1542 2102 1734 2148 principem

280 2151 452 2187 Tei-belin
486 2157 585 2185 extra
618 2151 887 2186 Blachernorum
919 2151 1056 2184 moenia
1077 2150 1260 2184 stationem
1281 2149 1464 2183 habentem
1487 2147 1579 2182 omni
1601 2148 1734 2181 honore

281 2210 323 2233 ac
340 2197 577 2231 munificentia
593 2202 816 2242 prosecutus,
842 2198 974 2231 demum
992 2196 1036 2230 ad
1056 2206 1131 2229 eum
1154 2194 1299 2229 veniens
1321 2193 1578 2239 imperatoriam
1600 2197 1735 2227 vestem

280 2242 508 2278 circumdedit
531 2254 572 2276 ac
594 2242 781 2276 Caesarem
802 2241 1005 2287 appellavit.
1052 2251 1165 2285 neque
1187 2240 1241 2274 his
1264 2243 1467 2284 contentus,
1497 2239 1559 2273 sed
1582 2238 1626 2272 ad
1649 2249 1734 2272 con-

280 2299 412 2324 sessum
438 2288 583 2333 insuper
608 2287 810 2330 admittens,
846 2286 985 2321 adorari
1004 2297 1121 2319 secum
1143 2297 1165 2319 a
1187 2285 1314 2331 populo
1337 2285 1467 2329 voluit,
1499 2296 1542 2319 ac
1558 2288 1734 2329 postremo

278 2333 424 2369 infinitis
457 2332 654 2367 muneribus
683 2332 844 2366 donatum
871 2332 908 2365 in
939 2331 1083 2376 patriam
1113 2332 1260 2366 remisit.
1306 2331 1494 2365 Callinicus
1526 2328 1736 2376 patriarcha,

280 2380 373 2425 quod
390 2379 428 2413 in
445 2378 585 2413 Leontii
601 2377 866 2422 inauguratione
881 2378 1050 2422 probrose
1065 2377 1231 2423 quaedam
1245 2377 1282 2411 in
1296 2376 1538 2422 imperatorem
1552 2375 1735 2418 iactasset,

281 2425 390 2459 oculis
415 2426 554 2459 orbatus
575 2424 715 2457 Romam
737 2423 940 2468 deportatus
964 2428 1032 2456 est.
1080 2422 1177 2456 cuius
1200 2422 1238 2456 in
1260 2423 1372 2457 locum
1396 2422 1525 2466 Cyrum
1543 2420 1736 2463 substituit,

282 2471 342 2515 qui
365 2471 402 2504 in
425 2471 511 2504 urbe
529 2469 722 2504 Amastride
740 2468 904 2503 inclusam
928 2480 968 2502 ac
989 2467 1177 2507 solitariam
1201 2468 1307 2503 vitam
1330 2467 1486 2503 coluerat
1502 2477 1543 2500 ac
1563 2466 1608 2500 de
1625 2465 1736 2511 impe-

281 2516 335 2550 rio
366 2515 603 2561 recuperando
634 2513 872 2560 praedixerat.
921 2514 984 2548 sed
1012 2513 1124 2548 nullus
1155 2514 1292 2548 interea
1322 2512 1477 2548 caedium
1504 2511 1541 2545 in
1575 2510 1670 2545 cives
1693 2519 1737 2544 ac

283 2561 454 2595 saevitiae
486 2562 618 2595 modus.
665 2572 742 2594 nam
771 2559 955 2605 plerosque
988 2559 1033 2593 ad
1063 2559 1286 2604 magistratus
1310 2557 1461 2593 evehens
1487 2555 1634 2591 subinde
1658 2555 1737 2590 aliis

283 2606 463 2641 submissis
488 2606 740 2648 interficiebat3
778 2605 957 2639 nonnullos
976 2606 1019 2639 ad
1039 2605 1234 2639 convivium
1257 2604 1410 2638 invitans
1433 2602 1591 2636 incautos
1615 2600 1736 2647 oppri-

284 2653 417 2694 mebat3
439 2651 525 2685 alios
550 2653 586 2685 in
609 2651 740 2686 culeum
760 2651 896 2685 insutos
914 2651 950 2684 in
967 2650 1173 2696 profundum
1191 2650 1381 2694 mergebat.
1429 2654 1466 2683 et
1483 2653 1523 2682 ut
1539 2659 1607 2682 uno
1626 2647 1736 2680 verbo

284 2698 416 2741 dicam,
450 2698 541 2730 omni
570 2697 607 2731 in
639 2708 722 2732 suos
753 2695 956 2730 crudelitate
988 2708 1029 2730 ac
1057 2696 1199 2730 feritate
1228 2695 1415 2729 bacchatus
1445 2699 1512 2728 est.
1559 2704 1624 2739 per
1646 2691 1737 2727 idem

284 2748 420 2789 tempus
453 2755 473 2776 e
505 2742 676 2777 Chazaria
710 2742 929 2776 Theodoram
965 2742 1144 2786 coniugem
1174 2745 1210 2775 et
1239 2740 1420 2775 Tiberium
1446 2739 1553 2773 filium
1578 2735 1738 2780 arcessit,

286 2789 407 2834 eisque
443 2788 698 2833 imperatoriam
732 2799 891 2822 coronam
922 2787 1081 2832 imponit.
1130 2790 1209 2832 post
1238 2785 1326 2820 inita
1356 2797 1431 2820 cum
1460 2783 1621 2828 Bulgaris
1650 2792 1738 2826 pace

286 2835 455 2870 dissoluta
482 2834 678 2869 innumeras
706 2839 801 2869 terra
826 2833 983 2878 marique
1012 2831 1133 2879 copias
1160 2832 1198 2867 in
1220 2831 1406 2867 Thraciam
1427 2833 1667 2875 transportans
1693 2826 1738 2861 ad
