1890 3224
362 156 439 199 DE
470 141 650 201 manns
682 156 829 201 Posi·
862 154 1180 201 mmmmm
1203 155 1410 201 GEsns.
1547 159 1612 206 81

161 267 323 326 δέχοντο
347 270 416 313 καὶ
443 268 489 314 τὸ
517 269 619 328 πρὸς
646 268 788 322 αὖταῖς
813 267 1039 327 ἠσπάζοντο
1072 269 1329 315 συνοικέσιον.
1395 268 1612 329 ἐπράττετο

159 343 258 396 γοῦν
276 344 426 392 ταῦτα,
460 336 516 390 ὥς
538 338 588 382 ἂν
608 338 676 382 διὰ
703 337 864 382 πάντων
885 337 1010 390 αὐτός
1033 356 1077 382 τε
1106 337 1128 382 ὅ
1153 343 1234 383 τῶν
1258 337 1364 383 ὅλων
1376 340 1484 392 θεὸς
1499 339 1545 384 τό
1566 359 1610 398 γε
1634 347 1666 383 C

160 407 229 449 ἐπ’
253 407 390 458 αὐτοῖς
407 406 646 463 ἄτιμάζηται
663 409 732 450 καὶ
746 408 797 451 τὰ
815 412 889 464 τῆς
903 409 1114 464 ἐκκλησίας
1132 410 1426 466 καθυβρίζηται
1443 410 1572 464 τίμια.

291 475 500 519 Ἐντεῦθεν
520 475 872 531 συλλαμβάνονται
888 475 1097 535 Στέφανόν
1115 494 1229 530 τινα,
1264 476 1395 535 ἄνδρα
1414 476 1526 521 ὅσιον
1542 481 1612 522 καὶ

125 553 149 589 5
160 546 338 601 θεοφιλῆ
358 543 624 600 τυγχάνοντα,
669 545 874 600 μοναστὴν
893 546 938 588 δὲ
955 549 1014 605 τῷ
1028 543 1209 601 σχήματι
1227 547 1296 588 καὶ
1317 546 1612 604 περιειργμένον

159 610 202 654 ἐν
232 613 384 670 οῗκιδίῳ
413 611 646 672 στενωτάτῳ
672 611 777 655 πάνυ
804 611 1061 671 ἑπάρχοντα,
1111 611 1192 657 ὑπὸ
1219 614 1294 669 τὴν
1321 619 1396 658 ’τοῦ
1420 617 1611 671 μεγίστου

159 678 281 738 ἷίρους
301 680 512 739 ἱδρυμένον
529 679 765 739 ἀκρώρειαν,
786 681 812 724 ὃ
829 686 999 727 καλοῦσι
1014 687 1087 726 τοῦ
1105 680 1449 734 ὄσίουΑὗξεντίου
1470 682 1613 742 λόφον.

156 746 337 804 ἔγκλημά
364 766 405 792 τε
433 749 633 804 εὐσεβείας
664 749 878 807 ἐπάγουσιν
906 751 1020 810 αὐτῷ
1050 751 1089 794 οἱ
1116 749 1270 795 ἀνόσιοι
1277 783 1292 804 ,
1337 749 1395 802 ὥς
1422 751 1611 804 πολλούς,

103 822 105 824 ’
157 818 296 873 φασίν,
330 819 510 878 ἐξαπατᾷ
528 817 731 862 διδάσκων
752 817 874 875 δόξης
891 824 965 876 τῆς
980 817 1189 877 παρούσης
1203 826 1470 877 καταφρονεῖν
1493 820 1614 863 οἷΞιων

102 894 148 930 10
158 902 199 927 τε
220 887 287 927 καὶ
307 888 533 942 συγγενείας
551 885 752 945 ὑπερορᾶν
771 889 839 931 καὶ
866 888 941 939 τὰς
961 889 1191 942 βασιλείους
1210 889 1338 938 αὐλὰς
1359 889 1612 946 ἀποστρέφε-

155 957 259 996 σθαι
300 956 368 996 καὶ
407 955 511 1012 πρὸς
542 955 613 998 τὸν
648 954 808 1013 μονήρη
838 958 930 1010 βίον
960 957 1379 1014 μεταρρυθμίζεσθαι.
1446 959 1514 999 καὶ
1543 956 1612 999 διὰ

153 1025 283 1063 ταῦτα
300 1025 469 1078 πληγαῖς
481 1025 683 1074 πλείσταις
695 1022 944 1078 αἰκισάμενοι
963 1026 1031 1069 καὶ
1050 1023 1326 1082 δεσμωτήριον
1346 1026 1465 1067 οἰκεῖν
1482 1042 1610 1067 κατα-
1631 1030 1664 1066 D

153 1087 400 1141 δικάσαντες,
434 1090 547 1141 τέλος
565 1092 754 1145 σχοινίοις
772 1091 895 1134 αῧτὸν
913 1092 1018 1134 κατὰ
1034 1091 1130 1143 τοὺς
1149 1091 1281 1142 πόδας
1300 1090 1524 1148 ἐξάψαντες
1543 1094 1613 1136 καὶ

151 1161 233 1200 τῶν
258 1161 480 1211 βασιλικῶν
509 1156 819 1216 ἀφορμήσαντες
846 1158 1098 1216 περιβόλων,
1141 1160 1262 1216 μέχρι
1290 1164 1364 1214 τῆς
1397 1162 1612 1216 λεγομένης

99 1234 142 1271 15
153 1229 227 1267 τοῦ
264 1225 374 1276 Βοὸς
413 1225 566 1283 ἀγορᾶς
605 1225 841 1277 ἑλκύσαντες
864 1228 1112 1278 διέσπασαν,
1155 1228 1226 1269 καὶ
1257 1226 1384 1270 αὐτοῦ’
1410 1228 1457 1270 τὸ
1488 1233 1610 1282 σῶμα

152 1294 194 1335 ἐν
223 1300 307 1344 τοῖς
334 1295 596 1349 καλουμένοις
622 1292 770 1353 τάφοις
801 1298 882 1338 τῶν
900 1296 1107 1351 Πελανίου
1130 1291 1185 1344 ὥς
1203 1299 1426 1352 κακοῦργον
1449 1296 1487 1337 οἱ
1509 1298 1610 1339 δυσ-

151 1366 282 1415 σεβεῖς
320 1362 575 1419 ἀπέρριψαν·
621 1361 771 1406 αὐτόθι
808 1363 888 1422 γὰρ
926 1361 979 1406 τά
1017 1379 1060 1406 τε
1101 1366 1182 1405 τῶν
1215 1363 1388 1406 ἐθνικῶν
1417 1363 1611 1419 ἀμυήτων

149 1427 323 1484 σώματα
344 1432 413 1473 καὶ
436 1435 517 1474 τῶν
534 1432 597 1473 ἐπὶ
614 1430 784 1490 θανάτῳ
802 1431 1134 1489 ἀπηγορειῃιένων
1153 1429 1426 1475 τελευτώντων
1444 1432 1610 1486 ἐξεπέμ-

149 1514 259 1540 πετο.
293 1499 502 1550 πλείστους
524 1504 604 1542 τῶν
619 1517 661 1542 τε
681 1499 722 1542 ἓν
738 1501 840 1543 τέλει
862 1502 930 1542 καὶ
951 1504 1025 1543 τοῦ
1046 1504 1336 1557 στρατιωτικοῦ
1353 1498 1610 1550 ὑπευθύνους

93 1570 453 1618 zoua31ma3m<;‚.
474 1573 708 1624 προσκυνεῖν
729 1568 855 1625 ἱεραῖς
872 1566 997 1611 εἰκόσι
1017 1565 1344 1622 καταιτιώμενοι,
1386 1567 1521 1625 ὥσπερ
1543 1569 1608 1610 ἐπὶ

148 1632 397 1677 καθοσιώσει
413 1633 585 1685 ἁλόντας
604 1635 855 1693 διέφθειραν,
889 1634 960 1686 οὓς
977 1636 1051 1690 μὲν
1072 1633 1286 1693 διαφόροις
1305 1634 1505 1686 θανάτοις
1525 1653 1607 1678 πα-

150 1700 380 1758 ραδιδόντες
389 1733 403 1753 ,
438 1701 509 1752 οὓς
532 1703 577 1745 δὲ
597 1705 807 1760 τιμωρίαις
823 1704 953 1754 ξέναις
972 1701 1368 1756 καθυποβάλλοντες,
1401 1703 1543 1758 πλήθη
1560 1721 1602 1746 τε
1624 1708 1655 1743 Ρ
1676 1707 1722 1743 47

147 1768 294 1827 ἄπειρα
313 1767 544 1827 ὕπερορίαις
562 1772 906 1827 παραπέμποντες.
938 1771 1010 1828 ἐφ’
1035 1768 1098 1820 οἷς
1118 1770 1253 1827 ὅρκοις
1267 1775 1461 1824 βεβαιοῦν
1482 1772 1604 1823 ἐβου-

236 1865 261 1900 7
284 1861 496 1909 ἱδρυμένῳῒ
694 1865 739 1899 16
760 1865 952 1909 Πελαγίων
979 1877 1017 1910 p.
1040 1863 1086 1900 84
1108 1865 1168 1900 20.
1364 1862 1603 1910 κακούργουῖ

241 1909 285 1944 19
299 1909 491 1949 πλείστους
508 1907 549 1943 δὲ
566 1908 642 1944 τῶν
664 1910 733 1944 vs?

147 1998 266 2023 earum
287 1998 327 2022 se
347 1987 586 2022 contuberniis
605 1987 796 2033 illigarunt.
843 1988 937 2033 quod
960 1989 1006 2023 ab
1027 1987 1096 2023 illis
1125 1999 1168 2023 eo
1196 1987 1310 2023 animo
1337 1989 1602 2033 procumbatur,

146 2039 186 2068 ut
208 2045 251 2068 ea
270 2044 330 2078 re,
362 2038 526 2078 quantum
547 2034 586 2068 in
606 2034 697 2079 *ipsis
725 2039 823 2078 erat,
856 2035 923 2069 deo
948 2033 1173 2080 ignominiam
1195 2035 1355 2068 facerent
1375 2038 1413 2068 et
1432 2033 1603 2069 ecclesiae

145 2079 350 2124 dignitatem
370 2079 579 2114 minuerent.

234 2125 322 2159 Post
347 2125 435 2159 haec
456 2125 671 2171 Stephanum
701 2126 873 2171 quendam
894 2124 1209 2170 comprehendunt,
1243 2124 1357 2159 virum
1382 2130 1537 2159 sanctum
1559 2135 1602 2159 ac
1624 2133 1659 2157 a.
1682 2121 1751 2157 766

145 2169 365 2214 religiosum,
397 2170 517 2205 habitu
535 2171 736 2206 monachum
760 2177 864 2217 atque
885 2177 1031 2216 angusto
1055 2171 1229 2216 tuguriolo
1247 2169 1414 2205 inclusum
1437 2171 1483 2204 ad
1505 2170 1601 2204 radi-

146 2227 205 2250 ces
225 2216 350 2249 montis
368 2216 529 2260 maximi,
559 2227 661 2271 quem
682 2217 786 2262 vulgo
810 2218 932 2252 Sancti
952 2216 1118 2251 Auxentii
1139 2216 1330 2251 nominant.
1378 2216 1470 2249 hunc
1492 2215 1602 2260 igitur

145 2260 308 2305 sacrilegi
328 2261 484 2295 homines
499 2261 545 2296 im
572 2263 689 2298 ietatis
707 2269 882 2307 accusant,
907 2264 1000 2309 quod
1021 2262 1146 2297 multos
1169 2262 1371 2307 deciperet,
1393 2272 1480 2305 quos
1503 2261 1600 2295 scili-

145 2312 204 2341 cet
221 2307 266 2341 ad
288 2306 389 2340 huius
407 2306 503 2340 vitae
520 2319 544 2352 g
557 2309 664 2343 oriam
686 2310 970 2344 contemnendam
992 2307 1197 2362 impelleret,
1224 2319 1336 2352 eoque
1354 2307 1544 2341 adduceret
1560 2311 1600 2342 ut

144 2353 246 2386 domo
263 2363 339 2396 sua,
357 2351 521 2396 cognatis
543 2364 585 2387 ac
606 2354 800 2400 principum
823 2355 963 2401 palatiis
980 2354 1113 2388 relictis
1133 2366 1212 2388 sese
1234 2354 1280 2387 ad
1300 2352 1525 2387 monasticum
1542 2352 1600 2386 vi-

144 2403 204 2432 tae
237 2409 346 2442 genus
375 2398 621 2433 transferrent.
679 2401 725 2434 ob
752 2399 790 2435 id
817 2400 1025 2435 verberibus
1053 2399 1167 2434 multis
1196 2399 1358 2434 affectum
1390 2403 1427 2432 et
1457 2409 1599 2432 carcere

144 2444 359 2487 damnatum,
393 2450 569 2490 postremo
590 2445 730 2479 tandem
751 2451 846 2479 reste
866 2446 1015 2491 pedibus
1034 2444 1194 2490 alligata,
1228 2456 1250 2479 a
1271 2443 1401 2489 palatio
1424 2444 1469 2477 ad
1488 2443 1598 2477 Bovis

145 2499 256 2533 usque
279 2490 397 2523 'forum
428 2494 613 2524 attractum
641 2490 832 2525 miserrime
862 2491 1135 2536 discerpserunt.
1183 2489 1280 2523 cuius
1311 2499 1438 2534 corpus
1460 2488 1498 2523 in
1519 2499 1598 2523 eum

143 2533 255 2568 locum
279 2546 380 2579 quem
402 2534 539 2580 Pelagii
560 2535 720 2580 sepulcra
737 2536 924 2580 nominant,
945 2542 1109 2582 tanquam
1126 2535 1274 2570 malefici
1294 2534 1482 2578 cuiusdam,
1504 2534 1597 2568 abii-

146 2579 263 2613 ciunt=
288 2579 369 2614 illuc
389 2581 481 2615 enim
499 2586 536 2615 et
552 2582 775 2627 profanorum
793 2582 982 2627 gentilium,
1006 2588 1044 2617 et
1059 2592 1177 2616 eorum
1195 2580 1256 2625 qui
1271 2580 1411 2625 capitali
1425 2579 1598 2625 supplicio

145 2625 300 2659 damnati
329 2631 466 2671 essent,
498 2628 670 2662 cadavera
698 2628 982 2673 deportabantur.
1029 2628 1110 2662 hinc
1132 2626 1328 2660 innumeros
1349 2631 1418 2660 tam
1442 2638 1463 2660 e
1486 2625 1598 2669 magi-

146 2670 313 2704 stratibus
332 2681 433 2716 quam
451 2684 496 2706 ex
513 2673 635 2707 ordine
654 2673 808 2718 militari,
832 2675 925 2718 quod
946 2685 1064 2708 sacras
1086 2672 1254 2716 imagines
1274 2672 1490 2713 adorassent,
1516 2676 1596 2704 tan-

145 2727 248 2760 quam
265 2716 455 2751 maiestatis
477 2719 655 2753 convictos
679 2719 786 2754 variis
813 2719 1023 2754 cruciatibus
1050 2725 1189 2753 necant.
1234 2716 1355 2762 itaque
1371 2717 1432 2751 alii
1454 2716 1595 2750 diverso

145 2762 266 2795 mortis
289 2773 418 2805 genere
441 2764 633 2810 consumpti
651 2770 756 2811 atque
779 2765 944 2799 inauditis
966 2763 1147 2810 suppliciis
1171 2762 1300 2806 affecti,
1324 2762 1385 2797 alii
1408 2767 1507 2796 extra
1529 2761 1594 2794 im-

144 2806 236 2852 perii
257 2806 344 2841 fines
367 2807 528 2852 relegati.
575 2821 642 2846 nec
664 2823 707 2845 ea
730 2822 770 2845 re
791 2815 974 2846 contentus
993 2811 1182 2856 imperator
1204 2808 1429 2844 iureiurando
1452 2807 1596 2852 insuper

199 2859 345 2904 Niceph.
376 2860 491 2895 cmc.
1294 2858 1320 2895 6
