1890 3224
263 175 356 223 164
602 176 879 232 QUERCIUS
913 176 972 218 IN
1007 175 1371 219 HERACLIADIS

371 290 467 329 207.
525 280 624 325 καθ’
652 283 788 325 αὑτοῖν
813 280 893 336 Ρτό
913 280 1013 325 καθ’
1045 283 1209 336 ἑαυτοῦ,
1240 292 1284 323 ut
1315 285 1409 323 alibi
1437 284 1541 338 ὑμᾶς
1560 294 1598 325 et
1616 285 1715 340 1ὗμῒν

258 358 328 396 pro
352 344 394 384 σε’
414 350 452 380 et
478 342 552 383 σοί-

371 402 468 440 212.
526 397 701 450 plurima
729 396 927 436 Chosroae
948 398 1096 449 palatia
1114 404 1385 436 memorantur
1402 397 1445 435 in
1465 370 1713 452 Theophane

261 458 307 494 ab
349 454 532 492 Heraclio
572 467 730 503 eversa,
769 468 871 507 quae
895 456 1052 492 Persico
1083 456 1244 493 nomine
1273 454 1577 506 distinguuntur.
1632 469 1714 494 non

258 513 377 562 longe
402 525 425 549 a
447 510 692 562 Dastagerd,
724 518 768 549 ut
795 510 974 560 videtur,
1006 519 1088 549 erat
1113 513 1308 563 palatim
1322 510 1542 554 Bebdrach.
1559 524 1714 551 nuncu-

256 575 416 620 patum,
448 567 497 605 de
516 581 593 620 quo
613 569 668 605 ita
681 581 729 618 Ρ.
755 567 858 609 268:
889 566 913 609 ὅ
935 565 1120 620 βασιλεύς
1138 568 1316 621 ἐπῆλθεν
1334 568 1391 616 εἰς
1408 565 1503 610 ἄλλο
1521 564 1720 609 παλ-ἄτιον

257 622 300 665 τὸ
348 620 630 693 ἐπιλεγόμενον
671 620 869 678 Βεβδράχ·
912 624 981 665 καὶ
1012 627 1128 665 τοῦτο
1157 623 1499 675 καταστρέψαντες
1525 623 1595 664 καὶ
1618 639 1698 679 πνρ
1701 623 1723 664 2¹

256 679 499 734 παραδόντες
517 676 776 733 ευχαρίστουν
794 683 851 735 τῷ
865 683 964 736 θεῷ.
1005 689 1044 719 at
1060 681 1179 733 paulo
1198 689 1288 734 post
1306 680 1415 719 idem
1431 640 1715 732 Theophanes,

259 739 498 776 enumeratis
516 738 744 789 ingentibus
761 736 908 776 divitiis
928 750 1030 790 quae
1049 741 1092 776 in
1111 737 1379 790 Dastagerdae
1398 738 1585 789 palatiis‘
1574 751 1716 776 mven-

257 801 321 831 tae
347 793 785 846 ει1111,ειίῒτέποίησεν
814 793 839 835 o‘
864 792 1050 847 βασιλευς
1067 794 1136 836 καὶ
1150 811 1226 848 την
1246 792 1389 862 ἓορτην
1406 809 1487 834 των
1507 797 1652 845 φωτῶν
1673 793 1723 835 ἐν

257 850 530 905 Δασταγέρδ.
540 879 586 889 ...
618 850 688 891 καὶ
714 850 998 905 καταστρέφων
1025 849 1073 891 τα
1099 854 1173 892 τοῦ
1208 847 1387 906 Χοσρὸου
1413 846 1606 900 παλατια,
1634 850 1719 891 κτί-

258 919 386 958 σματα
412 906 647 963 νπέρτιμα’
637 905 731 949 ὄντα
758 907 826 948 καὶ
846 905 1061 978 θαυμαστα
1082 907 1152 949 καὶ
1172 903 1491 960 καταπληκτικά,
1520 922 1622 960 απερ
1644 906 1720 955 ἕως

256 961 433 1014 ἐδάφους
463 967 675 1015 καθεῖλεν,
705 964 775 1004 ι’να
800 961 916 1019 μάθῃ
949 961 1146 1033 Χοσρόης
1165 962 1253 1006 οἷον
1280 962 1411 1006 πόνον
1435 960 1542 1015 εἶχον
1564 963 1607 1005 οἱ
1625 961 1717 1004 Ῥω-

256 1024 371 1073 μαῖοι
387 1023 471 1060 ταῖν
490 1016 647 1060 πόλεων
667 1004 952 1073 ἐρημουμὲνων
973 1017 1072 1074 παρ’
1094 1017 1222 1062 αὐτου
1240 1019 1309 1060 καὶ
1328 1019 1680 1072 πνρπολουμένων.
1720 1045 1725 1051 -

365 1076 463 1118 224.
523 1077 726 1127 eleganter
745 1090 816 1128 per
834 1078 1166 1128 prosopopoeiam
1183 1079 1320 1128 ignem
1338 1075 1579 1127 gaudentem
1595 1075 1729 1114 indu-·

256 1134 309 1170 cit
321 1162 332 1182 ,
363 1131 471 1185 quod
489 1133 568 1170 ab
557 1134 680 1184 impio
698 1135 910 1171 Persarum
929 1134 1038 1170 cultu
1057 1134 1177 1171 fuerit
1199 1134 1412 1181 liberatus,
1443 1131 1621 1170 debitum
1642 1131 1716 1171 deo

255 1188 449 1227 honorem
477 1190 554 1227 sibi
585 1191 777 1240 praestari
805 1202 922 1239 aegre
945 1190 1155 1226 ferentem.
1213 1191 1269 1227 ita
1295 1202 1418 1239 supra
1440 1189 1612 1226 Acroas.
1639 1191 1660 1228 1
1691 1192 1719 1230 6

258 1253 295 1282 et
312 1259 419 1297 seqq.
482 1246 608 1282 solem
629 1253 667 1282 et
684 1246 823 1282 lunam
846 1244 987 1282 eadem
1008 1244 1057 1282 de
1077 1259 1195 1284 causa
1214 1247 1358 1297 gestire
1378 1258 1424 1282 ac
1443 1245 1584 1282 laetari
1601 1245 1729 1282 iube--

256 1303 338 1339 bat.
390 1302 520 1339 simile
541 1307 676 1338 autem
694 1308 753 1338 est
769 1301 872 1338 illud
887 1302 1004 1339 Pauli
1022 1302 1142 1339 Rom.
1166 1305 1191 1343 8
1221 1303 1299 1342 21.
1330 1302 1427 1353 quia
1447 1307 1484 1337 et
1501 1302 1590 1352 ipsa
1609 1314 1719 1338 erea-

257 1366 348 1395 tura
381 1357 615 1395 liberabitur
643 1371 670 1394 a
700 1359 884 1396 servitute
904 1360 1165 1409 corruptionis
1183 1359 1226 1396 in
1245 1356 1422 1395 libertate
1441 1356 1719 1408 gloriaefilio-

255 1428 345 1451 tum
362 1415 438 1453 dei.

369 1475 466 1514 227.
527 1473 576 1510 cf.
603 1471 652 1510 de
669 1471 828 1525 Exped.
848 1475 1011 1512 Acroas.
1035 1478 1059 1515 3
1091 1475 1132 1517 5.

367 1531 465 1569 230.
525 1543 571 1567 eo
588 1529 772 1580 frigidior
791 1531 907 1568 nobis
926 1529 1134 1568 videbatur
1151 1528 1270 1568 huius
1289 1530 1481 1580 poematii
1504 1528 1719 1577 conclusio,

256 1582 365 1635 quod
387 1582 582 1622 Chosroes
602 1598 684 1622 non
702 1587 796 1636 igne
817 1587 1043 1623 combustus
1063 1587 1194 1636 periit.
1252 1587 1445 1623 miserum
1464 1597 1590 1635 genus
1609 1597 1719 1621 mor-

255 1642 327 1688 tis,
369 1639 478 1692 quod
505 1641 645 1689 subiit,
682 1647 815 1678 narrat
842 1640 1114 1692 Theophanes
1137 1657 1185 1693 p.
1219 1643 1317 1682 272.
1375 1639 1447 1678 sed
1475 1648 1520 1677 ut
1549 1638 1719 1688 videtur,

255 1695 390 1733 Pisida
409 1698 583 1735 intentus
601 1699 645 1734 in
660 1696 862 1735 laudanda
879 1700 1133 1749 potissimum
1141 1698 1296 1749 »pietate
1314 1696 1490 1734 Heraclii
1506 1694 1610 1733 illud
1625 1708 1720 1746 prae

257 1754 395 1790 ceteris
428 1752 700 1802 commendat,
747 1753 856 1805 quod
886 1756 1099 1792 Persarum
1132 1756 1277 1807 πυρεῖα
1308 1754 1457 1805 ubique
1488 1752 1722 1790 subverterit

255 1810 491 1860 imperator,
528 1816 574 1847 ut
607 1810 703 1847 alibi
735 1809 885 1848 dictum
914 1818 987 1848 est.
1054 1818 1166 1848 tanta
1195 1811 1304 1847 enim
1332 1810 1409 1846 fuit
1437 1811 1648 1846 Persarum
1677 1810 1721 1846 in

254 1867 391 1916 ignem
421 1866 586 1916 religio,
616 1873 661 1903 ut
692 1867 814 1903 etiam
839 1880 978 1918 regum
998 1868 1148 1918 palatia
1171 1870 1317 1920 πυρεῖα
1339 1865 1582 1913 dicerentur,
1613 1863 1721 1917 quod

254 1923 414 1959 nullum
435 1929 539 1960 esset
557 1924 641 1960 sine
661 1923 811 1974 templo
830 1925 1039 1990 palatium.
1098 1936 1221 1977 quare
1243 1930 1287 1960 ut
1307 1921 1352 1959 id
1373 1923 1500 1960 obiter
1517 1934 1717 1969 moneam,

256 1977 489 2029 corrigenda
521 1986 579 2016 est
606 1981 717 2016 Porti
739 1982 868 2017 versio
893 1982 938 2017 in
965 1979 1112 2029 Suffla,
1156 1981 1226 2032 qui
1266 1980 1435 2016 auctoris
1462 1976 1512 2015 de
1537 1977 1720 2015 Heraclio

256 2036 463 2074 scribentis
482 2037 526 2072 in
542 2049 635 2073 voce
652 2039 818 2089 πυρεῖον
835 2037 970 2086 verba,
1002 2034 1026 2077 ὁ
1045 2034 1088 2077 δὲ
1099 2033 1327 2088 Ἡράκλειος
1344 2049 1416 2081 τας
1434 2048 1476 2074 τε
1494 2029 1631 2081 πόλεις
1647 2048 1722 2073 κα-

255 2088 377 2146 θῄρει
397 2091 468 2132 καὶ
485 2107 535 2131 τα
553 2096 697 2144 πυρεῖα
719 2091 924 2146 διέστρεφε
942 2095 1023 2133 τῶν
1042 2094 1235 2145 Περσῶν,
1263 2092 1319 2128 ita
1337 2091 1475 2139 vertit,
1506 2090 1723 2127 Heraclius

256 2161 346 2185 vero
380 2156 418 2185 et
444 2148 559 2186 urbes
585 2148 796 2186 demolitus
824 2156 881 2186 est
904 2156 940 2186 et
961 2149 1152 2200 speculas
1167 2149 1397 2185 Persarum.
1459 2159 1556 2184 nam
1576 2149 1722 2200 πυρεῖα

256 2218 338 2242 11011
369 2212 461 2243 sunt
487 2204 688 2255 speculae,
717 2217 792 2242 nec
817 2213 944 2244 turres
974 2219 995 2242 e
1021 2205 1166 2257 quibus
1189 2204 1293 2254 ignis
1319 2201 1621 2252 accenderetur,
1650 2201 1722 2241 sed

257 2262 376 2311 plane
394 2262 545 2311 templa
564 2262 649 2310 igni
666 2273 790 2297 sacra.
846 2264 980 2298 minus
999 2261 1195 2298 aberravit
1217 2273 1239 2297 a
1259 2273 1367 2309 vero,
1398 2258 1470 2297 sed
1486 2272 1571 2297 rem
1587 2266 1721 2297 tamen

258 2331 339 2355 non
374 2319 524 2368 attigit,
564 2315 779 2356 Scacchius
810 2317 978 2354 Zlffirotlz.
1006 2321 1033 2358 2
1063 2316 1138 2365 48,
1174 2318 1243 2368 qui
1272 2315 1349 2354 hoc
1377 2317 1605 2355 testimonio
1625 2328 1721 2359 usus

261 2381 319 2411 est
350 2373 499 2412 Suidae
528 2380 572 2411 ut
605 2374 788 2425 probaret
812 2378 979 2425 πυρεῖον
1003 2374 1232 2425 signficare
1253 2374 1412 2425 ignium
1430 2371 1724 2423 receptaculum

257 2430 315 2466 ad
339 2430 703 2482 suffumigationes,
734 2431 843 2482 quod
865 2430 981 2481 apud
1007 2444 1078 2467 nos
1103 2429 1353 2467 thuribulum
1374 2436 1411 2466 et
1429 2428 1723 2479 thymiaterium

258 2486 340 2523 dici
354 2494 498 2536 potest.
561 2485 633 2525 sed
661 2493 706 2524 ut
736 2486 789 2524 ad
813 2486 993 2525 Pisidam
1020 2485 1253 2535 redeamus,
1284 2492 1436 2523 certum
1457 2492 1515 2523 est
1540 2497 1632 2522 eum
1656 2483 1724 2522 hic

259 2544 455 2593 respicere
488 2541 539 2579 ad
567 2542 785 2595 stupendae
807 2550 1023 2582 structurae
1048 2544 1268 2595 palatium,
1297 2540 1406 2594 quod
1430 2540 1623 2579 chosroes
1646 2539 1723 2578 ha-

260 2599 346 2636 buit
367 2599 660 2650 Dastagerdae,
691 2601 897 2638 Heraclius
919 2607 1053 2637 autem
1070 2598 1251 2637 funditus
1277 2597 1425 2636 delevit
1444 2604 1563 2651 atque
1581 2599 1724 2635 incen-

262 2655 340 2703 dit,
373 2654 481 2708 quod
505 2656 562 2692 ibi
590 2658 715 2708 impio
736 2658 843 2695 cultu
861 2658 966 2707 ignis
984 2669 1066 2694 una
1082 2656 1204 2694 simul
1223 2668 1314 2692 cum
1335 2653 1510 2692 Chosroa
1535 2653 1725 2692 adorare-

262 2719 340 2760 tur,
362 2718 407 2749 ut
423 2712 543 2763 paulo
565 2721 655 2750 ante
673 2728 713 2752 v.
733 2717 816 2755 220
835 2714 1039 2751 innuimus
1060 2726 1114 2750 ex
1132 2710 1397 2763 Theophane.
1439 2723 1535 2748 nam
1555 2713 1724 2762 πυρεῖον

262 2769 458 2820 templum
484 2769 551 2806 vel
577 2771 772 2821 palatium
799 2771 903 2822 ignis
931 2777 1106 2808 erectum
1131 2767 1420 2820 Dastagerdae',
1451 2780 1554 2820 quae
1583 2777 1724 2817 regum

262 2824 447 2864 Persidos
466 2824 580 2865 sedes
594 2827 683 2876 fuit,
714 2828 833 2879 longe
852 2827 941 2865 aliis
960 2827 1228 2878 sumptuosius
1249 2838 1294 2862 ac
1312 2825 1485 2864 nobilius
1502 2824 1625 2862 fuisse
1642 2834 1724 2860 non
