1890 3224
244 187 308 236 34
728 186 963 232 GEORGII
995 186 1209 230 PISIDAE

345 302 426 346 140
459 305 526 347 καὶ
549 305 863 358 συμμαχοῦντας
884 297 1072 343 δεικνύειν
1095 297 1351 356 ἀγνώμονας·

457 372 503 413 τὸ
528 370 753 428 σύντροφον
773 369 852 426 γὰρ
874 373 947 424 τῆς
966 370 1207 426 κακουργίας
1225 368 1321 419 ἔθος

461 439 522 481 ἀεὶ
543 438 644 496 παρ’
671 439 808 489 αὐτοῖς
831 439 887 487 εἷς
908 435 1031 491 νόμον
1049 439 1307 491 μεθίσταται.

457 507 537 563 ἐρῶ
558 507 601 548 δὲ
622 503 757 549 πᾶσαν
774 510 847 549 τοῦ
871 510 1024 547 σκοποῦ
1045 505 1118 560 τὴν
1141 508 1285 548 αἰτίαν.

458 577 525 616 καὶ
545 573 622 632 γάρ
643 592 704 625 τις
724 575 856 617 αὐτῶν
881 576 936 623 εἷς
955 573 1026 615 τὸν
1047 573 1276 630 ἔμπροσθεν
1289 569 1437 630 χρόνον

345 643 424 687 145
458 642 849 700 προσαυτομολήσας
870 646 927 700 τῷ
947 645 1109 700 στρατῷ
1128 658 1202 684 σου
1219 640 1443 698 βάρβαρος,

458 709 569 764 ὅμως
592 712 636 753 δὲ
654 714 821 768 Περσης
842 712 929 766 (καὶ
951 710 997 751 τὸ
1017 713 1097 752 πᾶν
1116 709 1373 768 διαγράφω),

458 778 591 829 ἔδοξεν
610 777 708 821 εἶναι
725 779 865 828 πιστὸς
883 779 925 828 ἐξ
945 778 1144 829 ἀπιστίας,

459 849 526 889 καὶ
548 847 688 889 λοιπὸν
705 845 800 902 ἡμῖν
821 846 1046 901 συμμαχεῖν
1064 843 1298 900 ἠπειγμένος

460 916 502 956 ἐν
521 920 580 973 τῷ
598 919 761 973 στρατῷ
782 931 855 957 σου
878 912 1123 971 προσφόρως
1144 910 1341 955 ἐτάττετο.

346 984 427 1028 150
460 982 538 1038 ἤδη
563 984 606 1025 δὲ
627 982 756 1041 τούτῳ
781 981 982 1039 τεττάρων
1001 999 1042 1024 τε
1063 983 1130 1024 καὶ
1157 980 1252 1022 δέκα

460 1049 613 1108 ὖπῆρχε
634 1050 779 1100 κύκλος
796 1049 956 1107 ἥμερῶν
975 1049 1273 1105 πληρουμένων,

461 1118 526 1160 ὅτε
544 1119 646 1175 πρὸς
667 1118 815 1168 αὐτοὺς
836 1120 1043 1170 δυστυχῶς
1061 1117 1155 1166 τοὺς
1173 1113 1411 1173 βαρβάρους

458 1185 790 1243 παλινδρομήσας
812 1183 1002 1234 ἄστάτοις
1017 1179 1245 1238 βαδίσμασι

453 1252 671 1308 Ῥίψασπις
689 1253 822 1310 ὥσπερ
841 1251 989 1309 εὑρέθη
1011 1252 1057 1294 τὸ
1080 1250 1278 1308 δεύτερον,

345 1324 424 1366 155
459 1323 533 1363 οὐκ
555 1320 741 1372 ἀσκόπως
761 1322 804 1363 δὲ
823 1325 942 1363 τοῦτο
966 1318 1153 1377 πράττων
1177 1316 1356 1375 ἐσφάλη·

461 1391 499 1431 οἱ
520 1389 598 1446 γὰρ
619 1388 856 1446 φθάσαντες
872 1392 945 1441 τῆς
967 1388 1162 1441 ἀτολμίας
1177 1385 1339 1444 χρόνοι,

456 1456 619 1499 ἔπειθον
642 1449 764 1499 αῧτὸν
788 1455 843 1506 ὡς
864 1455 984 1498 πάλιν
1002 1456 1054 1498 τὰ
1074 1457 1278 1512 Περσίδος

457 1524 711 1582 ἐπικρατήσει
734 1529 807 1579 τῆς
825 1523 961 1578 μάχης
980 1522 1277 1580 στρατεύματα.
1323 1547 1327 1550 ·

460 1593 553 1634 ἀλλ’
580 1593 696 1635 οὐδὲν
718 1592 839 1635 αὐτὸν
860 1591 1075 1648 ὠφέλησαν
1097 1593 1139 1632 ἐν
1162 1591 1275 1646 μέσῳ

346 1667 425 1706 160
459 1661 511 1703 τὰ
531 1661 631 1711 λοξὰ
649 1665 778 1702 ταῦτα
798 1663 872 1701 τοῦ
892 1657 1013 1700 δόλου
1032 1657 1307 1712 βουλεύματα.

457 1733 530 1783 τῆς
548 1730 718 1786 καρδίας
735 1728 813 1784 γὰρ
833 1725 1018 1776 ἄστάτως
1036 1726 1269 1780 κινουμένης

460 1795 793 1845 συναστατούσας
812 1793 888 1848 εἶχε
909 1796 975 1836 καὶ
995 1794 1069 1843 τὰς
1088 1795 1265 1844 ἐλπίδας,

460 1865 642 1914 ἐναντίας
666 1865 708 1906 δέ
725 1866 933 1916 πανταχοῦ
949 1862 1024 1912 τὰς
1041 1861 1225 1916 ἐκβάσεις

460 1934 528 1974 καὶ
548 1939 631 1982 τοῖς
649 1936 855 1988 λογισμοῖς
872 1928 948 1984 εἶχε
968 1929 1324 1983 συμπλανωμὲνας.

348 2001 429 2043 165
463 2000 537 2054 τὴν
556 2000 633 2057 γὰρ
654 2003 884 2057 κρατοῦσαν
905 1997 1122 2055 συμφορὰν
1140 2002 1220 2040 τῶν
1237 1991 1461 2054 βαρβάρων

336 2118 413 2155 164v
428 2114 750 2161 συμπλανωμένοις
769 2117 800 2152 Ρ

242 2220 313 2253 stra
326 2216 553 2251 fraudulentia
568 2216 670 2261 (140)
687 2217 743 2251 vel
758 2226 824 2250 una
841 2216 1036 2251 dimicantes
1051 2213 1230 2249 ostendere
1246 2213 1428 2259 improbos.
1475 2211 1597 2258 quibus
1613 2209 1699 2244 enim

242 2267 297 2298 est
310 2263 423 2296 innata
437 2262 481 2295 ad
495 2262 659 2295 maleficia
678 2262 886 2296 consuetudo
898 2287 909 2305 ,
943 2264 1153 2295 constantem
1176 2259 1268 2305 apud
1284 2260 1376 2304 ipsos
1390 2258 1425 2292 in
1441 2257 1550 2302 legem
1565 2256 1698 2290 transit.

241 2312 350 2342 totam
378 2307 453 2340 initi
484 2307 612 2342 consilii
646 2318 779 2341 causam
812 2307 990 2341 enarrabo.
1038 2306 1172 2350 quidam
1194 2317 1236 2339 ex
1260 2304 1343 2350 ipsis
1367 2306 1524 2338 anteacto
1546 2306 1700 2346 tempore

239 2353 343 2397 (145)
366 2353 400 2386 in
415 2357 508 2385 tuum
525 2352 706 2386 exercitum
728 2353 893 2386 barbarus
916 2351 1159 2395 transfugerat.
1208 2354 1359 2384 ceterum
1378 2350 1485 2383 Persa
1509 2346 1637 2393 (omnia
1662 2351 1699 2380 ut

241 2403 322 2434 sunt
335 2399 465 2442 refero)
480 2396 573 2430 visus
592 2402 645 2431 est
659 2408 734 2431 esse
748 2397 782 2431 in
799 2397 997 2431 infidelitate
1013 2395 1136 2430 fidelis.
1177 2395 1243 2430 iam
1258 2406 1341 2429 vero
1357 2395 1529 2428 nobiscum
1545 2402 1700 2438 pugnare

241 2443 383 2478 adactus
404 2447 481 2476 tuas
502 2443 590 2476 inter
605 2442 694 2486 acies
709 2446 783 2477 erat
798 2447 879 2488 apte
893 2441 1087 2487 dispositus.
1136 2441 1242 2486 (150)
1268 2440 1401 2485 iamque
1421 2440 1503 2472 haec
1528 2438 1617 2471 inter
1639 2437 1700 2471 ille

239 2493 402 2534 quattuor
418 2493 454 2522 et
468 2488 582 2521 decem
598 2488 723 2522 dierum
739 2487 898 2522 circulum
915 2488 1163 2532 compleverat,
1195 2486 1329 2531 quando
1353 2485 1397 2518 ad
1410 2484 1502 2529 ipsos
1517 2481 1700 2517 infeliciter

241 2535 406 2569 barbaros
421 2544 537 2567 rursus
554 2533 700 2567 cucurrit
715 2544 834 2578 gressu
849 2533 1004 2578 ancipiti,
1028 2532 1162 2566 abiecto
1178 2532 1301 2577 clipeo,
1323 2536 1362 2564 ut
1376 2529 1549 2563 inventum
1565 2532 1620 2562 est
1634 2538 1700 2572 po-

240 2583 326 2614 stea.
374 2578 478 2623 (155)
502 2589 567 2612 non
589 2578 815 2623 imprudenter
834 2578 870 2611 id
884 2589 987 2622 agens
1003 2578 1085 2611 dece
1110 2582 1165 2610 tus
1182 2581 1249 2611 est:
1278 2575 1465 2630 Praeterita
1481 2575 1566 2608 enim
1581 2583 1699 2608 socor-

243 2625 322 2658 diae
335 2626 487 2668 tempora
500 2623 551 2657 illi
566 2628 804 2668 persuaserunt
817 2624 892 2657 fore
906 2627 943 2657 ut
958 2634 1075 2656 rursus
1085 2590 1247 2657 gersicus
1262 2625 1374 2655 Victor
1392 2621 1426 2654 in
1441 2630 1555 2666 pugna
1571 2618 1698 2653 evade-

246 2675 300 2704 ret
317 2669 497 2704 exercitus.
542 2673 579 2702 at
594 2669 673 2702 nihil
686 2669 818 2703 interea
830 2668 879 2703 illi
894 2669 1096 2713 prosuerunt
1110 2668 1216 2712 (160)
1233 2666 1419 2700 huiusmodi
1434 2665 1591 2709 obliquae
1603 2663 1698 2697 frau-

246 2715 300 2758 dis
315 2713 461 2748 consilia.
508 2724 582 2748 cum
599 2714 684 2748 enim
705 2714 835 2749 incerto
857 2714 941 2748 haec
956 2713 1101 2758 agitaret
1116 2713 1225 2746 animo
1238 2739 1249 2757 ,
1280 2723 1390 2756 aeque
1413 2711 1562 2744 incertas
1583 2718 1698 2743 secum

246 2771 328 2805 spes
342 2760 494 2804 gerebat.
542 2759 700 2794 contrarii
715 2771 796 2794 vero
810 2758 936 2804 ubique
950 2759 1089 2792 fuerunt
1103 2761 1263 2800 eventus,
1287 2760 1325 2791 et
1339 2767 1414 2790 cum
1430 2756 1518 2790 false
1533 2754 1698 2798 concepta

247 2815 310 2851 spe
323 2804 547 2840 concidentes.
595 2805 696 2850 (165)
720 2816 794 2840 cum
808 2804 894 2840 enim
909 2804 1154 2840 calamitatibus
1174 2813 1309 2850 pressos
1323 2802 1498 2844 barbaros,
1521 2804 1558 2834 et
1571 2799 1697 2833 fractos
