1890 3224
594 207 854 251 PERSIGAE
888 207 1161 252 ACROAsm
1193 209 1247 252 11.
1427 199 1430 201 ’
1557 210 1652 255 103

193 314 384 386 τραπέζας
398 318 478 356 τῶν
498 311 755 370 ἄναιμακτων
773 320 934 359 θυσιοῖν
954 314 1136 370 αἱματων
1154 314 1383 387 μιαιφόνων
1398 314 1649 372 ἐπλήρωσαν,

193 372 262 414 καὶ
313 388 382 420 τας
411 369 601 423 οἷὸἑκτους
630 390 710 414 των
737 378 886 415 παθων
912 374 1122 425 ἐκκλησίας
1147 376 1191 417 ἐν
1221 371 1391 428 ηδοναῖς
1419 377 1650 429 χραίνουσιν

193 426 544 482 ἔμπαθεστᾶτοιςῗ
597 437 716 483 atque
744 430 845 468 haec
870 444 965 469 sane
996 432 1180 470 allocutio
1211 431 1423 482 respondet
1440 433 1650 484 perfectis-

195 488 294 524 sime
318 488 561 537 praeceptis,
591 499 693 539 quae
715 489 759 524 in
777 489 945 525 Leone
933 501 1032 539 unp.
1055 502 1090 526 e.
1114 491 1166 530 12
1194 491 1249 530 72
1276 489 1484 540 leguntur:
1513 489 1651 528 Pisida

195 544 304 580 enim
336 555 383 580 ea
410 544 564 592 omnia,
609 556 710 595 quae
742 543 795 581 ad
825 545 1041 582 militarem
1076 543 1328 596 disciplinam
1361 547 1582 596 pertinent,
1626 560 1650 584 a

194 600 341 637 Leonis
377 600 547 636 Tacta-is
574 599 732 638 videtur
760 599 954 639 hausisse.
1013 599 1086 639 sed
1116 615 1208 639 cum
1228 603 1311 639 Leo
1334 604 1447 640 annis
1467 602 1551 640 fere
1567 609 1651 640 tre-

195 657 319 693 centis
342 663 433 706 post
454 663 634 694 nostrum
659 658 908 707 inclaruerit,
946 658 1187 709 probabilior
1215 657 1259 695 fit
1290 659 1485 696 sententia
1512 672 1651 697 eorum

195 714 266 764 qui
283 714 460 750 Leonem
479 712 615 751 dicunt
634 726 705 751 sua
722 714 887 752 Tactica
911 727 964 752 ex
987 721 1168 752 veterum
1192 715 1427 766 scriptorum
1446 728 1652 767 commen-

194 770 305 806 tariis
348 770 581 820 compilasse
594 799 605 818 ‚
658 783 760 822 quae
799 769 959 809 Pisidae
998 773 1118 808 etiam
1144 771 1388 822 temporibus
1418 773 1654 823 pervulgata

194 826 318 863 fuisse
335 838 417 863 non
433 833 492 863 est
509 825 783 864 dubitandum.
835 827 927 865 vide
947 828 1172 865 Fabricium
1189 826 1304 864 Bibl.
1333 828 1478 865 Graec.
1497 830 1523 868 6
1555 831 1654 871 368.

307 884 375 922 90.
434 880 485 919 ad
510 880 669 920 Phocae
696 895 852 922 sacrum
878 885 1092 935 imperitun
1113 884 1157 921 fit
1178 885 1342 932 allusio,
1373 886 1485 922 cuius
1514 891 1654 935 tyran—

194 936 281 975 nidi
304 938 511 975 lenitatem
540 945 579 975 et
608 939 861 977 clementiam
881 953 996 978 suam
1014 941 1221 978 Heraclius
1244 942 1442 991 opposuit.
1499 940 1655 980 Phocas

195 996 304 1031 enim
336 993 427 1032 odio
455 993 617 1043 haberi,
648 994 864 1034 dummodo
886 998 1111 1045 timeretur,
1141 1010 1223 1034 non
1244 998 1417 1045 curavit3
1448 998 1656 1036 Heraclius

194 1058 329 1088 autem
352 1058 486 1088 contra
509 1052 635 1088 amari
653 1053 798 1089 maluit
820 1065 942 1105 quam
961 1054 1107 1090 timeri.
1166 1054 1315 1104 optime
1342 1064 1460 1090 sane:
1489 1065 1586 1090 nam
1611 1060 1657 1091 ut

194 1108 399 1144 Cornelius
426 1110 559 1156 Nepos
587 1106 766 1143 definivit
789 1110 833 1143 in
852 1110 1002 1145 Dione.-
1030 1108 1193 1147 nullum
1216 1116 1274 1146 est
1296 1109 1507 1158 imperium
1525 1116 1656 1147 tutum

194 1164 274 1200 nisi
297 1161 565 1200 benevolentia
584 1163 797 1199 munitum.

307 1220 376 1259 97.
436 1218 609 1255 caritatis
642 1224 752 1255 tanta
780 1219 841 1256 vis
871 1225 930 1256 est
955 1225 1002 1255 ut
1028 1217 1207 1256 divinam
1234 1219 1428 1256 iustitiam
1456 1221 1590 1270 placet
1616 1227 1657 1258 et

195 1277 441 1314 calamitates
472 1281 636 1312 avertat.
695 1289 740 1314 ευ
770 1272 952 1322 τεθέντες
976 1272 1094 1326 νόμοι
1115 1282 1207 1312 sunt
1227 1276 1476 1313 sanctissima
1497 1275 1564 1314 dei
1583 1275 1657 1315 de-

195 1339 302 1370 creta
322 1330 370 1368 de
388 1329 601 1381 puniendis
618 1331 846 1368 sceleribus.
905 1329 1004 1383 quid
1025 1338 1159 1369 autem
1177 1333 1228 1370 sit
1249 1327 1448 1383 ἐκβιαζειν
1467 1330 1564 1382 τοὺς
1582 1329 1658 1375 νό-

194 1404 316 1442 μους,
345 1386 437 1426 vide
457 1388 501 1423 in
517 1386 715 1424 Hexae'm.
735 1386 818 1428 430
837 1394 876 1424 et
892 1387 990 1429 442.

308 1446 405 1486 106.
462 1442 555 1481 vide
576 1443 749 1480 ,Ac-roas.
777 1446 795 1484 1
828 1442 883 1484 24
904 1451 942 1482 et
961 1446 1029 1485 32.

309 1503 405 1543 107.
464 1498 610 1538 damna
628 1513 651 1537 a
668 1500 800 1537 Persis
815 1500 927 1538 iHata
938 1530 948 1548 ‚
980 1498 1122 1538 caedes
1143 1507 1182 1537 et
1200 1500 1498 1552 profanationes
1514 1501 1558 1538 in
1575 1507 1659 1540 tota

195 1559 313 1611 Syria
338 1563 584 1610 perpetratas
612 1557 820 1595 retulimus
856 1570 909 1595 ex
938 1555 1190 1609 Theophane
1217 1564 1256 1595 et
1285 1555 1481 1596 Chronico
1510 1556 1658 1596 Pasch.

195 1615 367 1653 Acroas.
397 1617 418 1655 1
452 1616 546 1656 106.

312 1673 405 1713 108.
463 1667 588 1723 λύτρα
607 1666 789 1723 αἷμάτων
810 1672 940 1722 pretia
963 1671 1176 1722 sanguinis
1192 1670 1258 1708 vel
1275 1671 1459 1707 victimae
1473 1677 1659 1708 cruentae

195 1736 288 1768 sunt
307 1726 447 1766 caedes
466 1726 595 1764 editae
616 1741 639 1764 a
655 1728 832 1765 barbaris
849 1729 891 1764 in
908 1728 1106 1775 ecclesiis,
1136 1729 1179 1764 iu
1199 1727 1343 1778 quibus
1361 1725 1576 1764 Christiani
1591 1728 1659 1763 in-

197 1792 406 1823 cruentum
426 1783 662 1821 sacrificium
683 1782 732 1820 de
751 1797 862 1820 more
879 1783 1111 1821 offerebant.
1169 1796 1310 1820 verum
1334 1783 1501 1820 fortasse
1521 1782 1660 1820 Pisida

199 1844 320 1880 etiam
345 1841 504 1891 respicit
527 1839 580 1876 ad
607 1839 651 1877 id
677 1838 786 1891 quod
811 1847 944 1877 narrat
975 1837 1246 1890 Theophanes
1263 1853 1307 1889 p.
1331 1838 1415 1878 252
1444 1851 1548 1876 anno
1569 1846 1660 1889 post

198 1897 402 1936 Christum
427 1903 568 1934 natum
595 1897 676 1937 616
706 1897 905 1934 evenisse:
934 1892 1062 1965 τούτῳ
1080 1897 1136 1949 τῷ
1153 1893 1228 1935 ε’τει
1244 1894 1472 1961 παρέλαβον
1492 1894 1535 1934 οἱ
1550 1894 1660 1946 Πέρ-

200 1968 267 1997 σαι
287 1970 359 1995 τον
374 1950 599 2022 Ἰορδανην,
630 1954 906 2004 Παλαιστίνην
927 1950 995 1992 καὶ
1011 1966 1086 2003 την
1106 1935 1241 2019 αγίαν
1245 1947 1363 1992 πόλιν
1380 1949 1561 2004 πολέμῳ,
1589 1950 1661 1991 και

198 2008 372 2059 πολλοὺς
398 2006 637 2050 απὲκτειναν
663 2008 708 2050 ἐν
738 2005 844 2077 αὐτῇ
871 2005 938 2049 δια
966 2005 1114 2076 χειρὸς
1124 2023 1205 2047 των
1230 2003 1454 2055 Ἰουδαίων,
1484 2022 1538 2054 ως
1560 2008 1662 2057 φασί

198 2083 320 2118 τινες,
353 2062 551 2120 μυριαδας
578 2065 712 2107 ἐννέα·
756 2061 871 2106 αὐτοὶ
895 2081 972 2118 γαρ
1001 2060 1228 2114 αἰνούμενοι
1254 2080 1349 2112 τους
1381 2059 1661 2116 Χριστιανούς,

198 2122 310 2166 καθα
329 2121 505 2176 η’μπόρει
523 2122 688 2170 ἕκαστος
698 2154 709 2172 ,
739 2118 968 2163 ἀπέκτεινεν
990 2117 1151 2169 αὐτούς.

312 2182 409 2222 111.
464 2178 558 2218 vide
573 2193 698 2230 supra
713 2179 886 2216 Aeroas.
913 2182 934 2219 1
974 2177 1068 2220 104·

311 2239 408 2277 112.
465 2237 508 2273 in
538 2249 606 2274 ora
631 2234 776 2274 codicis
802 2249 874 2287 pro
897 2234 1123 2288 ἐκθερίσαι,
1153 2245 1256 2285 quae
1278 2238 1337 2269 est
1357 2233 1507 2283 optima
1525 2232 1659 2290 lectio,

199 2301 266 2336 est
274 2288 470 2344 ἕξορυξαι.

314 2349 411 2391 115.
469 2348 626 2386 Psalm
651 2350 729 2390 136
754 2351 802 2390 9:
831 2362 1027 2400 μακαριος
1056 2343 1101 2395 ὃς
1127 2340 1316 2397 κρατήσει
1344 2342 1413 2383 καὶ
1435 2342 1591 2394 ἕδαφίει
1608 2360 1658 2384 τα

199 2403 327 2459 νηπιά
347 2419 421 2446 σου
438 2421 540 2459 προς
556 2403 632 2457 τήν
649 2403 808 2455 πέτραν.
837 2403 974 2442 Pisida
992 2410 1126 2456 aperte
1145 2400 1312 2440 discedit
1328 2400 1410 2437 ab
1397 2401 1448 2438 lis
1466 2402 1536 2453 qui
1550 2399 1659 2438 hunc

198 2465 406 2503 Psahnum
422 2463 614 2500 Ieremiae
633 2462 803 2498 mallent
819 2460 1002 2499 adscribi.

314 2521 410 2563 116.
470 2518 600 2557 codex
618 2516 739 2555 habet
758 2533 875 2559 ουτω.

317 2579 412 2618 122.
468 2575 648 2614 Pisidam
687 2570 888 2624 αὐτόπτην
923 2572 1025 2611 haec
1060 2571 1264 2624 scripsisse
1305 2575 1415 2620 patet
1454 2581 1508 2606 ex
1538 2568 1658 2606 verbo

203 2633 318 2673 ἰδεῖν.
371 2646 447 2670 nec
470 2639 531 2670 est
555 2633 675 2683 plane
695 2629 927 2682 negandum
945 2643 1037 2667 eum
1059 2631 1103 2667 in
1124 2628 1202 2666 hoc
1220 2627 1349 2678 primo
1370 2625 1477 2662 bello
1499 2626 1660 2662 Persico

177 2723 183 2727 .
203 2695 384 2727 secutum
409 2702 496 2727 esse
515 2689 768 2736 Heraclium,
796 2686 906 2739 quod
926 2688 1055 2738 magis
1075 2685 1228 2738 patebit
1250 2695 1303 2720 ex
1322 2683 1486 2719 Acroas.
1506 2684 1532 2722 3
1565 2683 1659 2728 131,

203 2744 285 2787 345
302 2751 341 2782 et
357 2744 455 2787 353

318 2803 412 2842 127.
469 2798 739 2851 Theophanes
753 2800 840 2837 loco
859 2813 976 2865 saepe
993 2800 1133 2836 citato.
1158 2791 1281 2836 παλιν
1298 2791 1342 2835 δὲ
1356 2789 1424 2834 τὸν
1441 2788 1540 2831 λαον
1559 2785 1663 2842 πρός

204 2857 429 2912 γυμνασίαν
445 2857 664 2909 πολεμίκην
685 2856 880 2906 ὁπλίζων,
923 2851 1055 2904 τάξεις
1072 2852 1147 2895 δύο
1167 2849 1362 2898 ἐνόπλους
1377 2842 1662 2899 ποιησάμενος,

262 2918 1390 2975 Georg.Pisid.10
