1838 3210
458 163 461 166 “
521 175 856 220 DESCRIPTIO
891 175 936 220 S.
973 175 1223 220 somma
1422 219 1423 222 ,
1533 176 1598 224 47

281 289 474 347 τλήμονες
483 322 497 343 ,
533 289 647 345 οἳμὴ
663 297 780 347 χεῖρα
801 291 893 349 τεὴν
912 291 1074 341 δέξαντο
1095 289 1294 347 καρήνοις,

275 367 395 417 χεῖρα
414 358 669 414 δυσαντήτων
687 357 896 415 ε’λατήριον
915 357 1193 413 ἄμπλακιάων,
1534 365 1601 401 575

271 436 391 485 χεῖρα
415 427 727 470 λιποκτεάνοισιν
745 428 918 484 ἓπαρκέα
929 460 942 479 ,
972 435 1090 484 χεῖρα
1110 426 1280 483 τιθήνην

277 497 528 553 ὀρφανικῶν,
562 495 694 550 πάσης
715 513 757 538 τε
778 494 1081 552 κατευνήτειραν
1103 490 1292 552 ἀνάγκης.

162 564 243 610 995
280 568 346 607 καὶ
367 564 445 621 γὰρ
470 564 544 608 ἀπ’
569 564 721 607 ὠδίνων
741 582 786 606 σε
804 563 1067 622 >σαοφροσύνη
1085 581 1127 606 τε
1146 567 1212 607 καὶ
1233 564 1359 615 αἰδὼς

278 635 438 683 ἐλπίδος
457 633 643 690 οὐρανίης
665 633 790 690 ἱεραῖς
809 632 956 683 ξύνωσε
975 634 1166 690 πορείαις.

276 703 366 745 λιτὰ
387 703 433 744 δέ
450 718 513 744 σοι
531 703 599 744 καὶ
615 700 748 757 δόρπα
765 705 830 743 καὶ
850 699 1065 758 ὄμφήεσσα
1080 698 1255 756 μενοινή,
1532 708 1600 744 580

276 770 369 812 λιτὰ
389 771 437 812 δέ
449 786 514 812 σοι
528 767 749 826 βλεφάρων
767 768 1064 825 ἀμαρύγματα,
1096 771 1187 812 λιτὰ
1211 770 1254 811 δὲ
1276 773 1436 826 ταρσῶν

275 838 383 892 ἴχνια
406 841 512 889 σῶν,
547 839 614 879 καὶ
633 837 742 879 λιτὸν
761 836 855 887 ἔπος
874 838 940 880 σέο
953 839 1090 891 χείλεα
1111 837 1266 880 πάλλει.

143 910 250 951 1000
271 907 318 949 οὗ
338 907 412 960 μὲν
432 907 669 948 ἕπισκυνίοιο
691 904 978 962 κατηφιόωσαν
999 903 1168 960 ὁμίχλην

276 975 508 1032 ἄμφιὲπεις,
542 976 711 1031 Χριστῷ
734 975 778 1016 δὲ
799 972 1003 1030 γεγηθότα
1024 974 1161 1027 θυμὸν
1178 972 1317 1025 ἀέξεις,

272 1043 391 1098 ἤπιον
411 1040 623 1097 εὖάντητον
640 1041 748 1098 ἄγων
767 1043 906 1093 σέλας·
940 1045 981 1085 ἐν
1001 1043 1044 1084 δὲ
1062 1042 1293 1099 προσώποις
1532 1052 1597 1087 585

269 1114 462 1167 μειλίχιον
483 1114 661 1165 μείὸημα
681 1110 832 1167 παρήϊα
850 1111 978 1165 σεμνὰ
992 1110 1206 1167 χαράσσει.

271 1186 401 1224 ταῦτα
420 1181 464 1222 δὲ
480 1179 694 1237 πρηϋνόοιο
718 1181 851 1236 φέρεις
869 1178 1020 1235 σημήϊα
1041 1183 1182 1233 θυμοῦ
1193 1193 1204 1202 ·

137 1251 246 1293 1005
268 1250 353 1292 ε’σσὶ
371 1249 448 1306 γὰρ
469 1249 711 1292 εὗθίκτοισιν
732 1249 957 1303 ἀνέμβατος
978 1248 1124 1302 ἴχνεσιν
1144 1248 1279 1305 ὀργῆς,

272 1316 480 1375 ἓόρήσσων
497 1318 704 1367 ἀτίνακτός
724 1317 788 1359 ἐπ’
813 1318 1053 1374 ἄφλοίσβοιο
1069 1315 1257 1372 γαλήνης.

269 1381 407 1427 πάντα,
421 1386 494 1439 μὲν
509 1383 659 1427 ὖλαίων
680 1385 893 1428 ἀπεσείσαο
915 1383 1082 1439 πήματα
1103 1384 1288 1439 μόχθων,
1528 1391 1598 1428 590

270 1454 452 1508 εῧσεβίης
473 1454 511 1494 δ’
538 1453 726 1509 ὃχετηγὸν
749 1443 863 1508 ε’νηέα
882 1453 1020 1506 θυμὸν
1044 1453 1214 1508 ἀνοίγων

146 1568 151 1580 ί,
268 1521 484 1576 συμπαθὲς
499 1521 778 1578 ἀνδρομέοισιν
798 1521 864 1563 ἐπ’
889 1521 1049 1577 ἄλγεσιν
1071 1519 1185 1574 ὄμμα
1209 1521 1405 1571 τιταίνεις.

138 1593 247 1635 1010
267 1589 363 1632 οὐδὲ
379 1580 617 1646 λιπερνήτης
635 1589 789 1632 τελέθει
805 1589 957 1646 βροτὸς
980 1587 1025 1631 ὃν
1047 1588 1097 1630 σὺ
1116 1586 1292 1642 νοήσεις’

268 1659 412 1701 αὐτίκα
431 1657 509 1715 γὰρ
530 1661 732 1716 καθαροΐο
754 1655 849 1700 νόου
867 1660 1044 1712 θημῶνα
1063 1655 1266 1706 πετάσσας

265 1726 414 1770 Λυδὸν
432 1725 658 1784 ἓριχρύσοιο
678 1727 934 1783 παρέδραμες
951 1724 1074 1780 ὄλβον
1094 1724 1288 1781 ἀναύρου,
1526 1731 1593 1767 595

266 1794 431 1850 ἴκχυτον
449 1796 492 1836 ἐκ
512 1794 702 1848 παλάμης
722 1793 1032 1850 ποταμήρρυτον
1051 1792 1174 1847 ὄλβον
1194 1791 1366 1845 ὀπάζων.

265 1861 399 1905 πάντα
417 1863 492 1917 μὲν
511 1861 691 1918 ὠγυγίων
706 1878 748 1904 τε
767 1863 834 1903 καὶ
853 1859 1079 1918 ὁπλοτέρων
1099 1861 1195 1902 κλέα
1216 1859 1388 1916 μόχθων

223 1970 314 2006 1018
334 1965 621 2014 ποταμορρυδὸν
643 1970 692 2003 G.

129 2064 230 2105 runt,
252 2060 412 2096 infelices
429 2059 491 2113 qui
507 2059 624 2094 manui
647 2064 728 2094 tuae
753 2059 870 2104 capita
893 2070 963 2093 non
985 2059 1191 2103 subiecere,
1228 2058 1330 2103 (575)
1353 2057 1469 2092 manui
1485 2057 1585 2093 inau-

129 2107 339 2152 spicatorum
359 2106 537 2141 crimmum
558 2104 761 2151 expultrici,
787 2105 903 2139 manui
923 2106 1135 2150 pauperibus
1157 2106 1252 2139 bona
1269 2103 1449 2148 eroganti,
1473 2105 1588 2139 manui

130 2153 362 2197 orphanorum
381 2151 508 2186 nutrici
521 2178 531 2197 ,
552 2151 662 2186 omnis
685 2151 835 2196 denique
853 2151 1013 2196 sopitrici
1034 2150 1266 2185 necessitatis.
1314 2150 1441 2184 etenim
1465 2152 1509 2184 ab
1532 2151 1587 2184 in-

129 2198 311 2233 cunabulis
334 2197 503 2232 modestia
552 2197 671 2231 erinde
693 2209 734 2231 ac
754 2197 866 2242 pudor
889 2203 925 2231 te
951 2196 1061 2231 sacris
1084 2196 1244 2231 caelestis
1268 2196 1345 2241 spei
1368 2196 1500 2229 semitis
1524 2197 1585 2230 ad·

128 2244 255 2278 iunxit.
304 2244 405 2288 (580)
440 2210 613 2289 simpiices
645 2243 710 2277 tibi
745 2248 826 2277 sunt
848 2244 956 2288 dapes
979 2248 1015 2276 et
1032 2243 1152 2277 divina
1174 2254 1287 2276 mens:
1322 2241 1497 2287 simplices
1521 2242 1589 2276 tibi

129 2295 211 2324 sunt
229 2295 265 2323 et
283 2290 458 2323 oculorum
477 2289 649 2334 fulgores,
674 2288 844 2333 simplicia
861 2289 987 2334 pedum
1006 2293 1142 2322 tuorum
1165 2287 1336 2332 vestigia,
1359 2287 1505 2334 simplex
1523 2289 1585 2322 de-

129 2336 235 2380 nique
263 2347 353 2381 quae
384 2347 444 2369 ore
473 2340 533 2370 tuo
566 2339 682 2369 manat
713 2334 838 2368 oratio.
887 2345 1059 2379 nunquam
1080 2334 1238 2368 tetricam
1268 2334 1446 2379 supercilii
1463 2335 1588 2368 nubem

129 2382 294 2416 affectas:
329 2382 365 2415 in
389 2381 529 2415 Christo
554 2393 639 2415 vero
664 2386 864 2425 conceptam
898 2380 1004 2414 animi
1028 2391 1135 2425 auges
1157 2379 1346 2424 laetitiam,
1381 2379 1484 2423 (585)
1508 2379 1588 2414 lene

127 2427 302 2472 facileque
319 2428 491 2472 praebens
515 2427 637 2469 iubar;
658 2426 774 2459 suavis
794 2426 830 2460 in
853 2425 950 2460 vultu
973 2425 1064 2460 risus
1087 2426 1307 2460 venerandas
1331 2426 1448 2470 signat
1465 2437 1588 2470 genas.

128 2473 215 2506 haec
239 2473 367 2518 placidi
392 2472 498 2507 animi
520 2473 637 2506 defers
668 2477 888 2516 argumenta:
924 2471 1147 2506 sensibilibus
1174 2471 1306 2516 quippe
1329 2471 1403 2506 irae
1429 2471 1588 2515 vestigiis

128 2530 166 2551 es
189 2518 399 2563 impervius,
435 2523 471 2552 et
492 2518 716 2552 inconcussus
736 2523 807 2552 stas
826 2518 863 2551 in
881 2517 1070 2563 tranquilla
1092 2517 1295 2551 serenitate.
1343 2518 1429 2561 (590
1471 2529 1589 2550 omnes

128 2563 265 2607 quidem
288 2564 505 2598 terrestrium
523 2563 677 2598 laborum
702 2563 878 2597 molestias
906 2563 1074 2607 abegisti:
1098 2568 1138 2597 ut
1184 2563 1302 2596 ietatis
1326 2575 1412 2597 vero
1437 2562 1588 2597 canalem

127 2609 244 2642 mitem
267 2609 414 2643 animum
435 2615 531 2644 tuum
551 2609 751 2654 explicans,
785 2621 892 2654 super
919 2609 1085 2643 humanos
1119 2610 1163 2642 do
1179 2620 1256 2642 ores
1288 2609 1587 2643 condolescentem

128 2654 276 2688 animum
300 2656 480 2700 expandis.
526 2666 639 2700 neque
661 2654 837 2698 mortalis,
866 2666 967 2700 quem
985 2659 1024 2688 tu
1043 2654 1178 2698 quidem
1198 2654 1350 2698 videris,
1374 2655 1415 2688 fit
1435 2666 1587 2699 pauper:

127 2699 311 2734 confestim
330 2701 421 2734 enim
441 2706 564 2746 aperto
583 2700 742 2735 sincerae
762 2701 886 2735 mentis
905 2701 1067 2734 thesauro
1089 2701 1190 2744 (595)
1206 2700 1339 2744 Lydias
1360 2701 1456 2734 aurei
1475 2701 1585 2733 fluen—

126 2745 172 2779 tis
203 2745 346 2779 divitias
376 2747 692 2791 praetergrederis,
727 2747 857 2780 effusas
886 2747 929 2780 de
952 2745 1110 2779 manibus
1132 2745 1234 2780 fluvii
1257 2746 1368 2779 instar
1394 2758 1478 2790 opes
1506 2756 1586 2777 ero-

125 2803 225 2834 gans.
274 2802 406 2824 omnem
426 2793 562 2836 quidem
586 2798 742 2826 veterum
766 2798 803 2826 et
825 2792 1055 2826 recentiorum
1076 2791 1232 2825 laborum
1251 2792 1395 2835 gloriam
1419 2789 1586 2832 didicisti,

126 2842 163 2870 et
184 2848 423 2882 quamcunque
456 2837 611 2871 semitam
631 2837 727 2882 puris
751 2837 942 2873 inambulas
967 2837 1115 2882 pedibus
1139 2836 1261 2871 divino
1286 2836 1321 2870 in
1346 2842 1460 2882 prato.
1506 2841 1584 2869 tuas
