1890 3224
257 162 353 212 146
596 168 874 222 QUERCIUS
908 169 966 213 IN
1002 171 1365 216 HERACLIADIS

255 277 382 316 tiones
414 277 587 329 expendi
615 284 654 315 et
671 278 795 316 *iuxta
816 280 944 318 varias
963 281 1213 331 planetarum
1235 283 1387 333 species
1411 285 1707 323 conversiones-

256 346 332 386 que
351 341 389 372 et
407 341 620 386 potestates
643 335 843 386 explorari
867 344 981 375 antea
1002 345 1211 389 oporteret.
1251 375 1253 377 ,

369 394 436 432 61.
494 389 590 443 quid
610 391 689 428 sint
709 390 931 444 σκάμματα,
962 393 1113 431 dictum
1132 408 1250 446 supra
1272 408 1311 432 v.
1333 394 1401 435 51.
1460 403 1500 433 at
1519 394 1584 433 hic
1603 397 1707 434 Pisi-

258 446 351 484 dam
378 453 473 498 puto
502 460 642 484 vocare
670 456 891 487 scammata
920 464 972 487 ex
1000 458 1193 489 astrorum
1223 452 1494 490 observatione
1521 454 1662 503 petitas
1685 467 1708 490 a

255 505 383 554 Magis
406 503 667 551 definitione-9,
698 506 840 557 quibus
857 507 918 544 illi
935 509 1141 545 vanissimi
1160 515 1436 557 aeruscatores,
1454 509 1591 560 quales
1607 522 1707 561 qua-

255 561 334 598 live
355 561 436 597 fato
454 560 578 597 futuri
601 568 732 599 essent
752 561 933 601 homines
946 593 956 612 ‚
997 565 1066 616 qui
1084 565 1156 603 sub
1177 566 1444 617 cuiuscunque
1467 565 1606 603 sideris
1624 566 1707 602 for-

257 629 323 653 ma
344 623 382 653 et
400 618 596 667 positione
616 619 700 655 nati
719 627 861 668 essent,
893 619 1143 659 devinabant.
1199 619 1311 674 ὄργια
1332 628 1465 658 autem
1481 620 1708 659 huiusmodi

257 686 383 724 nugas
402 679 441 710 et
459 672 717 711 deliramenta
737 677 932 727 appellat,
972 684 1059 714 tum
1075 684 1119 715 ut
1139 690 1204 715 eas
1229 690 1352 729 aeque
1373 679 1516 729 impias
1542 685 1580 715 et
1597 679 1707 716 insa-

256 742 328 767 nas
357 743 443 768 esse
477 729 719 769 demonstret
749 745 794 770 ac
813 734 1051 771 Graecorum
1082 735 1209 785 orgia,
1251 734 1392 786 quibus
1422 735 1519 771 olim
1549 733 1706 772 Baccho

256 799 366 824 sacra
384 787 530 824 fieBant
542 817 552 836 ‚
592 795 678 825 tum
696 794 740 825 ut
759 791 967 841 Magorum
984 791 1191 828 stultitiam
1210 797 1349 839 vexet,
1394 791 1461 842 qui
1482 797 1526 828 ut
1547 791 1706 841 popello

255 842 299 880 id
315 845 619 895 praestigiarum
634 845 790 883 facilius
810 846 1058 884 venditarent
1071 877 1081 895 ,
1112 849 1154 884 111
1174 847 1323 898 templa
1344 853 1382 883 et
1396 860 1518 898 pyrea
1538 847 1706 895 coibant,

257 906 300 937 ut
319 899 367 937 de
390 902 594 949 vaticiniis,
620 914 720 953 quae
741 904 859 953 orgiis
881 903 978 955 quid
996 903 1139 952 simile,
1174 905 1207 941 si
1228 916 1359 941 rerum
1380 905 1595 940 vanitatem
1615 916 1708 954 spe-

258 962 351 1006 ctes,
382 959 522 995 merito
545 957 706 1007 dixeris,
735 960 838 996 inter
855 973 897 997 se
916 960 1233 1012 colloquerentur
1251 967 1289 998 et
1313 959 1588 996 deliberarent.
1629 962 1708 996 ita-

258 1025 335 1065 que
355 1013 488 1051 Pisida
506 1027 577 1065 per
592 1012 666 1051 has
686 1014 893 1052 verborum
918 1017 1103 1067 ambages
1117 1046 1127 1064 ,
1168 1018 1324 1067 opinor,
1364 1017 1551 1066 exprimit
1565 1017 1710 1053 Persa-

258 1083 347 1106 rum
367 1070 590 1118 levitatem,
632 1072 700 1122 qui
715 1069 955 1123 horoscopus
975 1080 1013 1109 et
1031 1074 1252 1124 genituras,
1295 1074 1524 1123 ceteroquin
1550 1084 1611 1109 res
1635 1085 1708 1110 va-

257 1127 464 1175 nissimas,
503 1133 547 1164 ut
562 1126 660 1179 quid
677 1140 832 1165 sacrum
850 1135 1073 1166 tractarent.
1132 1130 1202 1180 qui
1228 1129 1342 1179 plura
1370 1128 1488 1176 velit,
1529 1140 1630 1180 quae
1657 1127 1709 1165 ad

259 1195 344 1220 rem
359 1183 528 1231 faciant,
567 1182 658 1234 περὶ
678 1187 936 1237 γενεθλιακῆς
956 1184 1071 1222 adeat
1091 1186 1313 1221 Lucianum
1333 1183 1381 1221 de
1399 1183 1604 1235 Astrolog.
1638 1185 1708 1236 qui

257 1237 360 1276 hanc
380 1240 497 1290 plane
521 1238 730 1276 ridiculam
750 1241 956 1277 scientiam
985 1239 1185 1289 defendit,
1217 1247 1255 1277 et
1280 1240 1455 1277 Gellium
1480 1239 1531 1281 14
1554 1242 1599 1289 1,
1629 1253 1708 1293 quo

255 1308 374 1332 nemo
402 1296 546 1333 melius
576 1296 680 1334 inter
708 1302 860 1334 veteres
891 1297 1171 1334 subtilissimae
1200 1297 1292 1334 artis
1323 1294 1583 1334 fundamenta
1613 1309 1708 1334 0011-

255 1353 382 1391 vellit.

369 1410 436 1449 62.
494 1408 701 1458 Magorum
746 1407 942 1446 inscitiam
955 1437 966 1457 ,
1008 1415 1048 1446 et
1090 1409 1305 1447 vanitatem
1341 1408 1486 1446 evincit
1523 1409 1708 1460 exemplo

258 1462 479 1512 chosroae,
512 1476 633 1516 quem
662 1463 731 1501 diu
762 1465 958 1502 victurum
985 1478 1038 1502 ex
1062 1463 1280 1516 horoscopo
1304 1463 1607 1515 praedixerant,
1638 1478 1709 1503 us-

259 1519 436 1572 quedum
459 1521 544 1571 ipse
565 1521 613 1558 ab
633 1521 730 1557 urbe
750 1519 1005 1572 Ctesiphonte
1024 1520 1232 1559 invisenda
1259 1521 1491 1569 abstineret,
1523 1534 1615 1558 eum
1643 1523 1709 1558 in-

257 1577 466 1614 terfectum
494 1577 544 1613 iri
574 1589 597 1613 a
628 1576 710 1614 filio
742 1577 854 1614 Siroa
886 1578 1043 1628 penitus
1072 1579 1322 1628 ignorantes,
1353 1578 1535 1628 quamvis
1567 1590 1633 1615 eos
1665 1584 1708 1615 ut

258 1646 382 1685 genus
419 1631 622 1684 quoddam
652 1631 859 1670 fatidicum
889 1639 927 1670 et
956 1632 1135 1671 divinum
1163 1631 1299 1670 laudet
1324 1634 1521 1670 Lucianus
1547 1634 1589 1669 in
1607 1634 1708 1670 Ma-

260 1688 414 1727 crobiis.
475 1687 620 1726 horum
650 1687 700 1726 de
730 1695 856 1726 morte
883 1687 1080 1727 chosroae
1111 1690 1341 1727 vaticinium
1361 1687 1483 1727 habes
1504 1690 1547 1725 in
1568 1688 1708 1727 Theo-

258 1744 390 1797 phane
403 1759 451 1795 p.
474 1747 570 1785 269.
629 1752 803 1782 ceterum
824 1745 883 1782 nil
909 1747 1056 1783 mirum
1069 1775 1079 1794 ‚
1110 1747 1143 1783 si
1161 1746 1339 1782 omnium
1360 1758 1492 1796 rerum
1510 1743 1708 1783 humana-

260 1815 350 1839 rum
377 1808 534 1852 tempus
558 1801 750 1838 rationem
770 1808 809 1838 et
828 1814 987 1839 causam
1005 1803 1114 1852 Magi
1134 1803 1177 1839 in
1201 1801 1310 1839 coelo
1323 1831 1333 1850 ,
1364 1809 1403 1839 et
1426 1815 1479 1838 ex
1500 1802 1624 1839 stellis
1642 1815 1707 1839 re-

259 1858 487 1911 quirebant,
525 1870 615 1894 cum
637 1859 774 1895 aetatis
794 1858 888 1895 vitio
908 1864 995 1895 tum
1014 1859 1131 1895 multi
1153 1859 1273 1895 etiam
1294 1858 1389 1895 alibi
1408 1858 1708 1895 circumferren-

258 1922 323 1952 tur
350 1913 531 1952 homines
561 1913 734 1963 fatidici,
764 1915 834 1966 qui
856 1915 1015 1965 regibus
1041 1916 1145 1953 vitae
1165 1920 1367 1952 momenta
1387 1915 1544 1965 singula
1565 1915 1707 1965 expla-

259 1984 354 2008 nare
367 2000 377 2019 ,
408 1976 447 2008 et
476 1983 553 2022 quo
583 1972 750 2022 quisque
768 1983 912 2021 genere
930 1972 1069 2009 mortis
1089 1978 1128 2009 et
1144 1972 1225 2008 ictu
1241 1972 1428 2021 temporis
1447 1977 1549 2008 esset
1566 1971 1707 2007 interi-

259 2034 391 2075 turus,
421 2040 463 2065 se
481 2039 596 2077 posse
615 2026 842 2077 praedicere
862 2027 1157 2078 profiterentur3
1191 2028 1300 2064 cuius
1318 2028 1376 2063 rei
1396 2033 1514 2064 testes
1537 2033 1628 2064 sunt
1646 2032 1706 2063 tot

261 2085 510 2121 oraculorum
535 2089 574 2120 et
600 2084 799 2120 visionum
827 2084 920 2120 111111
944 2097 966 2120 a
995 2082 1226 2121 Christianis
1246 2082 1467 2120 auctoribus
1482 2083 1706 2130 memorati,

262 2138 312 2177 de
344 2140 486 2191 quibus
514 2137 709 2177 videndus
737 2139 937 2177 Fabricius
958 2139 1070 2176 Bibl.
1103 2140 1245 2177 Graec.
1272 2138 1349 2175 vol.
1375 2140 1399 2179 6
1419 2153 1465 2188 p.
1487 2140 1591 2187 363,
1622 2139 1705 2190 qui,

263 2202 306 2233 ut
333 2197 454 2244 solet,
483 2194 706 2246 pererudite
736 2194 930 2233 disserens
953 2202 1087 2232 utrmn
1106 2196 1232 2232 Leoni
1253 2195 1432 2245 Sapienti
1453 2207 1578 2231 necne
1601 2201 1706 2231 recte

263 2252 482 2289 tribuantur
501 2252 658 2288 oracula
675 2263 776 2302 quae
795 2252 867 2288 sub
889 2253 973 2289 eius
991 2252 1151 2289 nomine
1168 2251 1503 2299 circumferuntur,
1533 2251 1705 2301 plurima

261 2307 490 2346 huiusmodi
507 2307 650 2357 scripta
666 2314 856 2344 recenset.
912 2309 994 2345 Leo
1012 2309 1131 2344 etiam
1145 2308 1315 2345 Allatius
1325 2306 1501 2344 Diatrc'b.
1517 2307 1565 2343 de
1579 2307 1705 2344 Geor—

259 2366 341 2415 gicls
353 2379 399 2415 p.
414 2363 494 2405 351
518 2363 643 2400 obiter
657 2363 868 2401 nonnullos
886 2364 1159 2401 vaticiniorum
1176 2364 1296 2401 libros
1315 2370 1520 2412 memorat,
1541 2376 1593 2400 ex
1612 2363 1703 2414 qui-

265 2421 338 2458 bus
357 2421 476 2457 etiam
495 2426 656 2470 apparet
675 2421 871 2457 exstitisse
888 2420 985 2457 olim
1005 2419 1201 2472 quaedam
1219 2420 1375 2458 oracula
1393 2418 1586 2457 Chosroae
1604 2420 1703 2456 Per-

263 2489 397 2514 sarum
424 2477 526 2526 regis
554 2477 712 2513 nomine
736 2477 944 2526 inscripta,
975 2488 1165 2527 quorum,
1195 2478 1236 2512 111
1257 2476 1395 2523 fallor,
1426 2476 1622 2526 specimen
1645 2482 1704 2512 est

264 2531 307 2569 id
356 2531 462 2585 quod
502 2530 550 2568 de
591 2533 784 2570 vaticiniis
821 2531 1017 2570 Chosroae
1065 2532 1184 2569 tradit
1220 2530 1449 2582 Theophyl.
1489 2532 1704 2569 Simocatta

257 2603 289 2639 P
374 2646 443 2686 63.
499 2642 766 2696 Theophanes
790 2658 837 2695 p.
861 2645 940 2685 271
968 2651 1100 2681 narrat
1126 2644 1280 2683 Siroam
1308 2641 1495 2680 suadente
1520 2644 1701 2681 Heraclio

264 2702 307 2738 in
332 2698 547 2738 chosroam
573 2699 810 2751 parricidam
835 2713 945 2737 arma
966 2702 1157 2748 movisse,
1194 2702 1402 2751 ipsumque
1429 2701 1576 2737 catenis
1601 2713 1702 2738 onu-

267 2763 370 2794 stum
386 2759 428 2794 in
446 2769 641 2794 carcerem
660 2756 891 2804 detrusisset,
921 2757 975 2793 ibi
993 2764 1126 2793 autem
1144 2762 1318 2806 satrapas
1337 2756 1604 2805 constituisse,
1634 2756 1702 2807 qui

268 2826 358 2850 eum
388 2826 488 2865 pane
520 2820 558 2851 et
586 2826 688 2866 aqua
715 2826 830 2865 parce
849 2819 1110 2852 sustentatum
1129 2813 1281 2850 iniuriis
1297 2812 1534 2850 lacesserent
1549 2819 1588 2850 et
1607 2823 1702 2850 con-
