1890 3224
257 175 322 221 76
741 156 976 222 GEORGiI
1004 178 1216 243 PISIDAE

474 290 546 334 οὐκ
569 288 803 346 εὖλαβήθης
824 292 897 342 τὰς
919 290 1163 347 ε’νοχλούσας
1182 289 1338 346 νόσους,

363 361 442 400 170
476 359 522 400 οὐ
542 359 615 408 τὰς
639 359 696 400 δι’
721 357 830 414 ἡμᾶς
852 359 1197 418 ἀντιπραττούσας
1218 360 1356 416 τύχας,

474 428 507 468 εἶ
526 426 609 483 χρὴ
633 431 766 469 καλεΐν
785 445 836 482 με
858 428 932 479 τὰς
954 427 1155 486 ἁμαρτίας
1178 427 1316 484 τύχας.

474 493 568 535 ἀλλ’
593 492 648 545 ὡς
669 494 847 553 ἄσαρκος
855 529 869 548 ,
905 499 971 539 καὶ
988 496 1112 551 μόνος
1131 499 1260 541 δοκῶν
1282 497 1382 553 ἔχειν

471 560 498 615 ἢ
521 566 639 616 σῶμα
657 567 838 617 χαλκοῦν
857 564 885 620 ἢ
907 567 1076 623 σιδηρᾶν
1097 567 1280 623 καρδίαν,

393 679 396 682 ⁴
473 629 655 685 ἀπῆλθες
665 663 677 682 ,
710 630 996 690 ἒστράτευσας,
1033 632 1195 676 ὥπλίσω
1217 633 1336 676 πάλιν

359 697 438 739 175
474 695 530 747 εἷς
552 698 640 741 ἀντὶ
658 698 831 742 πάντων.
900 701 933 744 ὦ
956 700 1248 759 φιλάνθρωπος
1265 703 1366 754 ζέσις

472 763 604 821 πάσης
628 766 802 823 ἀνάγκης
822 771 1038 826 δραστικῆς
1057 768 1268 828 ὓπερτὲρα.

524 836 680 887 Ποίαν,
707 838 924 893 στρατηγέ,
947 838 1082 895 χειρὸς
1104 838 1263 881 ἔκτασιν
1288 838 1433 895 φέρων,

473 903 591 944 ποίαν
614 905 657 946 δὲ
677 905 796 961 μέχρι
818 910 899 948 τῶν
917 911 1050 963 νεφῶν
1071 903 1198 963 εὑρών
1222 905 1358 960 βάσιν,

471 971 640 1013 σεαυτὸν
662 972 855 1023 ἐξέτεινας
864 1006 878 1025 ,
905 973 1011 1017 ὥστε
1029 992 1072 1017 σε
1099 972 1263 1031 φθάσαι

359 1040 438 1079 180
472 1041 538 1080 καὶ
559 1039 631 1093 τὴν
652 1040 754 1096 πρὸς
776 1040 900 1098 ἄκρον
916 1041 1191 1099 ὗπερῃρμένην
1212 1041 1337 1096 τύχην

468 1111 541 1148 τοῦ
561 1106 843 1165 πυρσολάτρου
860 1109 1054 1166 Χοσρόου
1075 1108 1359 1162 κατασπάσαι,·

468 1172 494 1227 ἢ
517 1176 639 1228 δῆλον
662 1173 717 1224 ὥς
740 1173 766 1226 ἦ
786 1177 874 1231 χεὶρ
897 1177 970 1229 μὲν
991 1177 1034 1217 ἐκ
1056 1180 1137 1218 τῶν
1160 1174 1341 1230 ἲκμάδων

469 1246 542 1295 τῆς
563 1241 765 1295 εὐσεβείας
785 1241 958 1293 εὐκόλως
979 1244 1158 1295 ἓτείνετο,

470 1310 596 1365 πέτρα
618 1309 664 1351 δέ
684 1310 753 1351 σοι’
770 1327 831 1360 τις
853 1311 1034 1368 οὐρανῶν
1056 1310 1256 1368 ὖπερτέρα

359 1375 438 1419 185
474 1375 495 1418 ὅ
515 1377 698 1434 Χριστὸς
719 1378 833 1434 ἔγγὺς
855 1381 911 1429 εἷς
929 1378 1052 1433 βάσιν
1075 1381 1312 1437 παρίστατο,

471 1445 531 1486 δι’
559 1439 608 1486 οὗ
628 1445 698 1487 τὸν
719 1446 870 1503 ἐχθρὸν
893 1448 934 1490 ἓν
955 1454 1093 1498 κακοῖς
1115 1449 1335 1505 ἐπῃρμένον

471 1514 514 1555 ἐκ
535 1517 616 1555 τῶν
636 1518 770 1571 νεφῶν
791 1519 982 1566 καθεῖλες
1002 1517 1043 1557 ἓν
1063 1520 1121 1573 τῷ
1143 1515 1362 1572 Ταρτάρῳ.

525 1582 662 1623 Ποίαν
682 1586 893 1639 παρῆλθες
909 1584 967 1638 μὴ
989 1584 1255 1637 τεθλιμμένος
1271 1585 1409 1641 τρίβον

471 1651 543 1702 τῆς
565 1654 638 1704 γῆς
657 1648 818 1704 ἁπάσης
835 1652 1042 1705 δυσσεβῶς
1065 1652 1362 1707 πεφλεγμένηςς

362 1719 440 1758 190
474 1716 520 1758 τὸ
545 1721 625 1774 πῦρ
649 1718 727 1774 γὰρ
751 1720 836 1774 εἰκῇ
858 1723 1094 1775 προσκυνῶν
1117 1717 1138 1760 ὃ
1155 1717 1348 1775 Χοσρόης

471 1784 543 1825 οὐκ
565 1787 620 1834 εἷς
642 1785 687 1827 τὸ
711 1784 848 1837 σώζειν
869 1785 969 1840 εἶχεν
994 1787 1087 1828 ἀλλ’
1118 1788 1174 1836 εἷς
1198 1786 1243 1828 τὸ
1272 1787 1439 1843 φλέγειν.

471 1851 557 1901 πῶς
576 1847 646 1894 οὖν
668 1858 879 1910 παρῆλθες
899 1855 973 1904 τὰς
992 1852 1167 1911 ἐρήμους
1189 1852 1244 1904 ὥς
1265 1853 1411 1906 πόλεις,

477 1922 511 1961 εἰ
530 1919 587 1974 μὴ
611 1921 669 1962 δι’
695 1922 820 1976 αὐτῆς
839 1926 911 1976 τῆς
931 1923 1149 1976 νοουμένης
1169 1921 1297 1977 πύλης

476 1988 609 2030 ἐλθών
631 1989 818 2045 ἔδείχθης
843 1990 1024 2045 ἀπλανὴς
1046 1989 1281 2048 ὅδοιπόροςς

350 2117 383 2139 v.
413 2106 475 2142 171
501 2117 555 2141 om
579 2106 714 2143 codices

259 2210 348 2239 ctum
371 2206 601 2243 retardarunt.
646 2220 714 2242 non
738 2209 960 2244 reformidasti
980 2210 1224 2245 tumultuantes
1250 2210 1406 2251 morbos,
1440 2211 1545 2255 (170)
1569 2222 1635 2245 non
1656 2211 1717 2245 tibi

259 2256 495 2286 nostr-acausa
511 2253 726 2288 obsistentem
742 2256 912 2289 fortunam
924 2281 935 2298 ,
968 2256 996 2289 si
1011 2256 1089 2289 mihi
1106 2257 1158 2289 fas
1175 2260 1227 2289 est
1240 2267 1366 2289 vocare
1381 2259 1521 2302 peccata
1535 2257 1715 2292 fortunam.

258 2296 320 2329 sed
335 2297 441 2330 veluti
455 2308 523 2330 non
539 2303 712 2333 constares
729 2310 831 2334 carne
841 2326 851 2343 ,
889 2306 925 2334 et
939 2301 1031 2335 solus
1056 2302 1200 2335 haberes
1214 2306 1273 2335 aut
1290 2313 1413 2347 corpus
1428 2313 1568 2336 aeneum
1581 2306 1642 2336 aut
1656 2313 1717 2336 cor

257 2341 425 2386 ferreum,
459 2342 662 2386 discessisti,
696 2356 828 2390 unaque
843 2345 939 2380 simul
953 2347 1064 2381 sactus
1080 2358 1116 2380 es
1133 2346 1203 2380 dux
1219 2350 1253 2380 et
1269 2347 1382 2388 miles,
1416 2347 1521 2392 (175)
1547 2358 1632 2382 unus
1654 2359 1717 2392 pro

261 2386 421 2420 omnibus.
478 2399 498 2420 o
515 2389 652 2424 fervens
667 2390 882 2425 humanitatis
898 2392 951 2426 vis
967 2392 1055 2425 omni
1071 2392 1276 2426 necessitate
1299 2393 1434 2426 fortiori
1449 2393 1594 2426 fortior!
1629 2403 1717 2438 qua-

258 2431 320 2474 les,
345 2443 365 2466 o
382 2431 461 2474 dux,
484 2433 620 2477 supinas
636 2437 751 2479 serens
767 2447 894 2478 manus,
909 2448 1073 2482 quamque
1088 2449 1195 2482 usque
1212 2438 1256 2472 ad
1272 2439 1378 2472 nubes
1391 2438 1596 2483 protendens
1610 2438 1717 2472 basim

259 2480 296 2509 te
310 2477 419 2521 ipsum
436 2479 602 2520 extulisti,
639 2485 678 2514 ut
691 2486 929 2526 praeverteres
950 2483 1053 2527 (180)
1076 2488 1111 2517 et
1127 2483 1171 2516 ad
1186 2483 1356 2527 fastigium
1373 2489 1528 2517 evectam
1548 2485 1718 2518 fortunam

259 2521 423 2565 ignicolae
439 2523 613 2558 chosroae
627 2528 887 2571 prosterneres?
919 2533 956 2562 at
980 2529 1080 2573 plane
1103 2532 1238 2563 constat
1261 2529 1350 2574 quod
1364 2540 1480 2562 manus
1496 2540 1516 2563 a
1533 2529 1718 2573 vaporibus

258 2571 339 2600 tuae
355 2567 490 2611 pietatis
506 2570 604 2605 facile
618 2571 902 2614 intendebantur;
938 2581 1036 2618 petra
1051 2585 1135 2607 vero
1158 2574 1220 2608 tibi
1236 2574 1336 2608 caelis
1351 2574 1522 2608 sublimior
1538 2575 1639 2618 (185)
1655 2574 1717 2608 ad-

262 2615 337 2646 erat
351 2624 460 2658 prope
475 2615 519 2648 ad
535 2615 641 2651 basim
658 2618 836 2662 Christus,
870 2619 964 2653 cuius
989 2632 1054 2665 ope
1075 2619 1239 2653 inimicum
1261 2620 1297 2653 in
1320 2619 1413 2653 malis
1432 2620 1679 2664 superbientem
1696 2630 1718 2653 a
1736 2647 1739 2652 .

260 2657 404 2692 nubibus
429 2659 582 2695 deiecisti
605 2662 639 2696 in
662 2664 857 2698 Tartarum.
920 2666 1018 2710 quale
1042 2665 1217 2710 perfecisti
1243 2676 1309 2699 non
1333 2665 1538 2709 defatigatus
1563 2665 1631 2699 iter
1656 2676 1718 2710 per

261 2713 393 2737 omnem
407 2708 532 2739 terram
548 2706 650 2752 impie
665 2710 900 2744 combustam?
946 2711 1052 2754 (190)
1069 2710 1178 2755 ignem
1195 2710 1300 2752 enim,
1323 2721 1423 2755 quem
1440 2716 1568 2744 temere
1581 2710 1717 2745 colebat

215 2777 218 2778 γ
262 2749 456 2793 Chosroes,
490 2762 555 2785 non
580 2754 622 2787 ad
646 2756 830 2790 servandas
852 2756 914 2790 sed
933 2756 976 2789 ad
1000 2757 1143 2790 urendas
1158 2768 1214 2790 res
1230 2755 1393 2791 adhibuit.
1440 2756 1598 2801 quidnam
1610 2755 1717 2799 ,igitur

261 2792 399 2831 deserta'
409 2790 598 2842 peragrasti
616 2802 653 2833 ut
670 2800 783 2844 urbes,
801 2801 866 2835 nisi
879 2801 959 2846 quia
973 2813 1035 2847 per
1051 2813 1136 2846 eam,
1153 2812 1241 2847 quae
1255 2805 1367 2836 mente
1382 2801 1569 2848 concipitur
1582 2804 1715 2847 portam
