1838 3210
257 204 322 253 68
834 202 915 246 DU
949 200 1133 245 CANGH

370 316 409 357 8.
466 315 512 352 In
540 326 587 351 ea
619 318 752 350 autem
783 309 1046 361 aedificanda,
1074 310 1187 348 nulla
1217 313 1447 361 sumptuum
1477 308 1614 348 habita
1643 322 1709 348 ra-

258 372 390 420 tione,
438 365 758 424 ἄφροντιστήσας
794 383 1005 422 χρηματων
1046 362 1236 407 ἁπάντων
1251 394 1265 417 ,
1297 367 1439 432 ’inquit
1478 367 1709 418 Procopius,

258 435 411 466 tantam
439 427 693 478 pecuniarum
725 425 810 462 vim
840 423 1051 476 expendit,
1088 429 1133 461 ut
1162 435 1253 460 cum
1280 423 1330 460 iis
1364 421 1525 461 demum
1563 430 1710 474 egeret,

257 485 415 522 tributis
434 490 472 520 et
493 482 748 531 vectigalibus
769 480 944 520 subditos
965 494 1048 519 non
1067 480 1222 518 vexarit
1244 478 1384 526 modo,
1414 478 1484 517 sed
1511 478 1710 531 stipendia

259 542 379 581 etiam
401 537 686 590 professoribus
709 538 877 589 publicis
900 539 1109 576 constituta
1130 536 1320 587 praefecti
1337 536 1444 572 urbis
1465 538 1619 574 monitu
1639 549 1710 573 su-

259 596 431 643 stulerit⁷
460 601 504 632 ut
529 601 665 632 auctor
692 601 751 632 est
773 595 971 641 Zona-ras3
1002 605 1055 630 ex
1075 605 1154 644 quo
1173 594 1253 631 τῶν
1271 591 1314 631 ἐν
1332 595 1419 638 ταῖς
1437 588 1574 631 πόλεσι
1595 593 1712 631 διδα-

260 652 452 693 σκαλείων
474 645 766 703 ἐσχολακότων,
794 649 1017 701 ignorantia
1043 655 1081 686 et
1107 649 1303 685 rusticitas
1326 648 1371 684 in
1393 648 1442 685 iis
1467 649 1712 686 successerit.

259 709 392 745 nescio
414 720 464 744 an
484 708 518 744 is
539 719 659 758 quem
679 705 849 758 ἔπαρχον
867 712 981 744 vocat
1000 703 1075 742 hoc
1096 705 1183 742 loco
1205 706 1398 752 Zonaras,
1431 705 1481 742 sit
1507 704 1575 741 ille
1598 704 1713 743 Stra-

118 771 146 805 P
169 769 238 806 530
259 766 389 815 tegius
415 764 484 815 qui
507 761 657 800 Codino
681 768 719 799 et
736 763 945 830 Anonymo
965 756 1096 811 φυλαξ
1112 761 1191 800 τῶν
1209 760 1427 812 βασιλικῶν
1443 756 1652 812 χρημάτων
1673 765 1713 796 et

260 820 468 859 Iustiniani
493 819 614 856 frater
638 817 866 868 adoptivus,
897 813 1230 867 ἆδελφοποίητος,
1264 816 1386 853 fuisse
1410 822 1449 853 et
1473 816 1643 867 templi'
1632 828 1713 852 1111-

258 888 403 928 pensas
434 875 575 913 fecisse
607 873 761 911 dicitur.
827 874 871 912 in
901 874 1008 911 illius
1036 885 1152 924 porro
1185 872 1450 923 atriorumque
1479 885 1525 909 ac
1553 871 1714 909 aedium

261 932 622 970 circumiacentium
651 936 908 978 structuram,
941 936 1097 980 praeter
1124 941 1234 966 sacra
1260 940 1355 965 vasa
1383 941 1429 965 ac
1451 929 1622 980 reliquos
1647 940 1714 965 or-

260 995 400 1036 natus,
430 993 469 1023 et
487 999 589 1038 quae
611 998 663 1022 ex
683 987 866 1024 universo
890 986 983 1023 orbe
1002 985 1218 1022 liberaliter
1237 991 1395 1035 erogata
1416 991 1529 1032 sunt,
1560 997 1715 1035 expen-

262 1057 326 1082 sas
357 1043 530 1093 octogies
560 1048 766 1090 centenas,
800 1055 871 1079 seu
894 1048 938 1080 ut
961 1039 1110 1078 habent
1132 1040 1231 1077 aliae
1254 1039 1468 1089 editiones,
1497 1047 1558 1077 ter
1582 1040 1714 1077 milies

261 1101 402 1152 bisque
424 1099 569 1136 centies
588 1105 771 1135 centenas
790 1098 932 1146 libras,
960 1096 1085 1134 iidem
1104 1095 1278 1134 tradunt.

374 1156 415 1195 9.
472 1153 593 1193 Aedis
634 1155 803 1204 parietes
846 1160 887 1191 et
921 1165 1099 1191 camerae
1137 1153 1257 1189 coctis
1288 1151 1475 1189 lateribus
1505 1151 1715 1189 constructi

264 1218 378 1259 sunt,
425 1211 555 1263 inquit
598 1210 769 1262 Gyllius.
838 1210 895 1248 ita
929 1212 1053 1248 etiam
1089 1209 1237 1247 Paulus
1273 1208 1520 1246 silentiarius
1551 1213 1655 1259 part.
1675 1207 1716 1246 -2

264 1281 305 1306 v.
332 1267 410 1309 58:

483 1318 606 1388 μέσσα
628 1318 701 1373 μὲν
724 1334 804 1361 ατ..
813 1348 840 1358 -·
870 1316 946 1362 οσα
964 1316 1132 1361 κύκλιον
1156 1316 1306 1386 ὄέντυγα
1327 1333 1472 1371 τευχει,

482 1372 688 1425 ὄπταλέαις
710 1377 943 1418 πλίνθοισιν
963 1372 1136 1430 ἀρηρότα
1155 1371 1305 1428 δήσατο
1322 1374 1454 1427 τέχνη.

264 1430 371 1470 idem
389 1445 428 1471 v.
446 1433 523 1473 97·

456 1538 458 1540 ,
922 1500 1033 1534 οπως
1046 1483 1244 1553 δομήτορι
1262 1482 1404 1541 μόχθῳ

486 1537 627 1595 ανέρες
644 1537 883 1592 ευτέχνοισιν
897 1538 1222 1607 ὖποδρήσσαντες
1241 1527 1434 1590 ἐδέθλοις,

482 1598 670 1650 πλίνθοις
689 1593 940 1637 ὄπταλέοισιν
958 1594 1227 1665 ἀνεστήσαντο
1247 1598 1431 1644 δεθείσας
1449 1602 1524 1634 etc.

267 1659 307 1691 et
324 1650 515 1719 Agathias
533 1653 603 1690 lib.
621 1653 670 1694 5:
695 1649 824 1705 ἤρεψε
849 1651 893 1693 δὲ
915 1648 1038 1694 αυτὸν
1067 1650 1162 1703 (τον
1185 1651 1310 1702 ναον)
1330 1651 1384 1693 ἐκ
1403 1646 1617 1692 πλίνθου’
1597 1653 1721 1702 οπτῆς

265 1709 335 1749 καὶ
363 1723 547 1756 τιτανου,
575 1711 775 1758 πολλαχοῦ
799 1708 867 1748 καὶ
891 1706 1043 1773 σιδήρῳ
1073 1704 1288 1760 συνδήσας.
1339 1710 1538 1758 parietum
1562 1708 1721 1744 interior

261 1778 361 1815 pars
363 1793 379 1810 ,
407 1763 541 1802 subdit
556 1763 665 1801 idem
685 1765 853 1815 Gyllius,
879 1766 1020 1802 crustis
1040 1766 1267 1802 marmoreis
1286 1766 1427 1802 vestita
1446 1763 1721 1801 excellentibus

268 1828 304 1857 et
330 1821 453 1858 variis
469 1819 684 1871 fulgurat,
714 1827 750 1856 et
773 1822 984 1870 permiscet
1002 1834 1093 1857 eum
1110 1834 1286 1858 summas
1302 1827 1470 1866 naturae
1488 1821 1607 1866 vires,
1637 1826 1721 1856 tum

266 1883 410 1914 mentes
432 1877 708 1926 spectantium.

382 1933 447 1971 10.
505 1932 708 1969 Columnis
735 1937 937 1982 praeterea
961 1931 1191 1970 marmoreis
1210 1931 1437 1981 ingentibus
1459 1944 1505 1968 ac
1523 1929 1630 1969 mole
1651 1943 1723 1968 sua

268 1985 495 2039 stupendis,
526 1988 693 2039 aliisque
722 1988 884 2024 mmoris
919 1987 1135 2025 altitudinis
1161 2000 1206 2024 ac
1224 1987 1341 2024 molis
1359 1987 1506 2038 ubique
1523 1993 1722 2024 sustenta-

269 2051 335 2081 tur
355 2056 400 2079 ac
423 2050 648 2091 exornatur,
676 2050 761 2079 tam
780 2038 951 2093 eleganti
972 2050 1011 2079 et
1029 2050 1139 2093 grata
1157 2043 1334 2080 colorum
1356 2044 1543 2080 varietate
1560 2049 1605 2080 ut
1619 2044 1722 2080 Pro-

271 2100 409 2163 copius
437 2100 480 2134 111
505 2096 605 2135 haec
621 2098 741 2136 verba
760 2105 1013 2149 prorumpat:
1048 2099 1108 2146 τίς
1127 2113 1208 2137 των
1230 2095 1380 2138 κιόνων
1401 2097 1467 2138 καὶ
1487 2099 1617 2139 λίθων
1634 2099 1723 2139 ’δια-

271 2149 514 2220 ριθμήσαιτο
540 2168 616 2205 την
647 2148 900 2204 ευπρέπειαν,
930 2149 991 2200 οἷς
1014 2151 1057 2194 τὸ
1060 2149 1183 2222 ἱερὸν
1201 2150 1532 2205 κεκαλλοὶπισταις
1559 2154 1723 2207 λειμῶνί

270 2225 331 2257 τις
354 2205 406 2250 ἂν
428 2207 666 2277 ἔντετυχέναι
687 2205 839 2256 δόξειεν
865 2208 998 2263 οὖραίω
1024 2225 1068 2249 το
1099 2207 1247 2257 ἄνθος·
1277 2207 1500 2262 θαυμάσειε
1520 2209 1595 2281 γὰρ
1615 2210 1723 2252 εἰκό-

271 2280 348 2312 τως
373 2279 455 2304 των
481 2261 554 2315 μὲν
578 2260 619 2304 vd
644 2260 865 2333 αλουργόν,
892 2279 973 2304 των
1003 2262 1046 2332 δ’ἐ-
1072 2262 1115 2305 τό
1141 2261 1326 2316 χλοαζον,
1357 2266 1425 2306 καὶ
1445 2263 1506 2314 οἷς
1523 2265 1569 2308 ‘to'
1587 2282 1724 2318 φοινι-

271 2323 374 2362 κοῦν
392 2319 582 2369 ἐπανθεῖ,
611 2318 681 2359 καὶ
706 2334 764 2359 ων
786 2317 828 2360 τό
845 2317 988 2360 λευκον
1006 2316 1276 2388 απαστρᾶπτει
1286 2350 1299 2369 ,
1331 2321 1387 2362 ἔτι
1406 2321 1540 2374 μέντοι
1559 2322 1626 2363 καὶ
1650 2338 1722 2371 ους

270 2380 358 2423 ταῖς
397 2372 697 2422 ἐναντιωτάταις
724 2375 926 2415 ποικίλλει
960 2376 1132 2428 χροίαις,
1174 2389 1304 2430 ωσπερ
1334 2393 1393 2425 τις
1427 2375 1651 2445 ζωγραφος,
1692 2377 1723 2431 ἦ

275 2444 411 2483 φυσις.
465 2432 585 2469 istam
613 2432 732 2468 etiam
757 2443 1000 2469 marmorum
1023 2433 1251 2470 varietatem
1268 2434 1447 2485 pluribus
1464 2436 1660 2488 variisque
1679 2435 1722 2471 111

273 2489 370 2526 10013
393 2485 643 2524 commendat
660 2486 808 2525 Paulus
826 2487 1096 2537 silentiarius,
1128 2496 1167 2527 et
1189 2501 1431 2527 marmorum
1453 2491 1631 2557 ipsorum
1648 2502 1722 2541 ge-

275 2556 371 2596 nera
398 2556 444 2580 ac
474 2543 622 2580 colores
646 2548 821 2580 recenset
842 2550 944 2593 part.
964 2545 991 2583 2
1020 2557 1058 2582 v.
1077 2547 1159 2585 200
1188 2551 1228 2582 et
1249 2557 1363 2597 seqq.
1419 2547 1600 2596 inprimis
1628 2559 1722 2586 vero

272 2590 518 2650 Aegyptium
555 2611 626 2636 seu
665 2597 912 2636 Thebaicum
945 2612 1194 2650 purpureum
1233 2602 1402 2639 stellulis
1431 2603 1723 2641 interstinctum

271 2654 429 2703 laudat,
457 2661 558 2706 part.
583 2657 600 2694 1
624 2666 662 2690 v.
681 2652 786 2702 246,
814 2661 914 2705 part.
933 2657 960 2695 2
983 2668 1021 2693 v.
1041 2658 1135 2697 208.
1193 2654 1243 2693 de
1267 2670 1344 2709 quo
1369 2665 1524 2708 praeter
1545 2660 1721 2698 Plinium

273 2711 328 2753 36
355 2713 382 2754 7
411 2717 451 2749 et
478 2712 504 2752 8
532 2710 710 2748 Statius·
699 2723 742 2746 111
757 2709 1000 2762 Epithalam.
1057 2712 1204 2750 Stellae
1223 2719 1262 2750 et
1278 2714 1554 2753 Violantillae:

571 2778 763 2817 rupesque
785 2768 924 2813 nitent,
954 2769 1062 2818 queis
1076 2782 1263 2819 purpura
1280 2783 1395 2821 saepe

488 2820 646 2860 orbibus
667 2830 705 2860 et
735 2823 845 2875 Tyrii
863 2823 1082 2863 moderator
1103 2824 1198 2863 livet
1218 2825 1348 2864 aheni.
