1890 3224
277 195 345 240 90
891 196 1113 241 PETAVII

278 303 474 344 eiusmodi
505 303 613 342 enim
639 309 731 343 sunt
762 310 805 343 ut
837 305 920 344 sine
949 306 997 344 iis
1022 306 1064 343 in
1086 318 1280 345 annorum
1303 303 1571 358 designatione
1595 308 1722 360 pluri-

277 374 391 400 mum
413 362 588 409 aberres,
619 361 699 399 imo
721 362 841 400 etiam
857 363 1074 414 pugnantia
1090 376 1226 402 secum
1244 363 1487 416 minimeque
1508 362 1723 402 cohaeren-

278 420 334 456 tia
361 420 546 470 loquare3
581 424 650 456 aut
672 419 707 456 si
724 425 859 457 tamen
877 426 982 458 recte
1002 419 1136 473 aliqua
1155 419 1384 472 digesseris,
1418 422 1462 458 in
1491 433 1538 458 ea
1561 420 1724 460 fortuito

278 476 511 522 incurrisse,
539 487 621 512 non
646 481 751 513 certo
784 477 907 513 animi
929 475 1075 514 iudicio
1112 476 1305 528 delegisse
1336 475 1509 515 videare.
1565 489 1610 514 ae
1634 489 1725 514 cum

280 530 446 568 diversis
479 543 532 567 ex
558 531 680 569 initiis
705 532 990 583 imperatorum
1010 534 1053 570 in
1074 534 1201 572 Fastis
1227 532 1420 584 descripta
1442 533 1519 570 sint
1534 539 1725 584 tempora,

279 600 354 623 nec
380 587 428 624 ab
453 585 593 624 eodem
614 599 693 638 quo
714 589 808 625 anni
827 590 973 626 Iuliani
993 586 1119 640 capite
1139 591 1377 628 Graecorum
1395 588 1631 626 Indictiones
1653 601 1727 626 an-

279 644 398 695 nique
431 649 677 694 repetantur,
721 657 882 683 neoesse
913 652 972 683 est
999 644 1170 683 eundem
1197 659 1323 683 unum
1353 658 1500 683 annum
1529 643 1682 697 aliquid
1705 658 1728 682 e

281 697 433 737 duobus
462 700 625 738 Iulianis
653 699 877 753 decerpere.
931 700 1116 754 quodnisi
1137 715 1261 741 annos
1283 702 1395 750 illos,
1432 700 1483 739 ad
1501 713 1600 753 quos
1619 702 1729 738 velut

279 754 332 792 ad
362 756 540 806 regulam
567 755 769 809 quandam
799 756 1007 796 historiam
1041 759 1187 810 exigis,
1218 759 1464 797 certis.notis
1485 770 1532 795 ac
1552 758 1728 808 vestigiis

280 811 530 860 distinxeris,
559 825 715 861 nonne,
744 820 789 851 ut
808 816 928 866 paulo
948 821 1038 852 ante
1058 813 1162 864 dixi,
1191 815 1347 853 ariolari
1373 827 1420 852 ac
1443 812 1619 851 divinare
1638 826 1728 851 sae-

277 869 369 919 pius
401 867 624 919 oportebit?
683 868 763 907 dici
788 871 860 908 vix
887 876 1017 922 potest
1046 872 1199 923 quoties
1227 870 1346 909 huius
1369 884 1422 908 ex
1443 868 1642 908 doctrinae
1662 869 1730 907 vel

278 931 509 976 contemptu
525 925 592 962 vel
610 924 925 965 dissimulatione
942 934 1150 979 peccatum
1170 928 1221 965 sit
1238 928 1286 965 ab
1307 925 1534 965 hominibus
1550 924 1728 975 eruditis,

279 987 325 1018 ut
352 982 419 1018 vel
449 994 586 1019 eorum
609 995 722 1021 casus
753 981 968 1021 admonere
992 997 1070 1022 nos
1094 983 1236 1021 debeat
1262 990 1306 1021 ut
1327 985 1370 1021 in
1386 981 1602 1020 tractandis
1622 982 1729 1019 anti-

279 1050 450 1089 quorum
476 1039 721 1089 temporibus
749 1038 801 1076 ad
829 1053 922 1076 eum
939 1041 1072 1077 omnia
1090 1040 1215 1078 veluti
1233 1038 1284 1076 ad
1303 1052 1484 1076 normam
1504 1039 1728 1088 exigantur.

278 1092 387 1145 quod
405 1106 456 1130 ne
476 1095 564 1145 quis
587 1096 709 1144 gratis
729 1107 754 1131 a
772 1095 886 1133 nobis
905 1095 1092 1132 affirmari
1109 1102 1234 1147 putet,
1253 1108 1333 1132 uno
1346 1094 1388 1131 id
1400 1096 1443 1131 in
1461 1095 1649 1145 exemplo
1667 1094 1730 1131 al-

277 1156 413 1187 terove
440 1148 747 1200 periclitandum
780 1157 859 1198 est,
889 1163 943 1187 ex
971 1152 1021 1187 iis
1052 1151 1283 1202 praesertim
1310 1162 1411 1202 quae
1440 1162 1532 1186 cum
1549 1150 1729 1187 instituto

277 1211 411 1243 nostro
439 1206 660 1242 necessario
694 1206 903 1243 coniuncta
922 1212 1027 1249 sunt.
1085 1219 1130 1244 ac
1148 1207 1323 1258 primum
1342 1203 1450 1258 quod
1468 1204 1520 1242 ad
1539 1203 1732 1243 Indictio-

277 1274 349 1300 nes
382 1262 542 1310 attinet,
575 1261 721 1314 quibus
745 1259 845 1298 haec
870 1267 1006 1305 nostra
1026 1269 1071 1300 ut
1090 1268 1130 1300 et
1147 1263 1383 1300 recentiores
1405 1275 1542 1300 omnes
1559 1262 1731 1299 Graeco-

279 1330 369 1355 rum
383 1316 569 1355 historiae
591 1323 749 1355 notatae
767 1324 870 1366 sunt,
898 1316 1103 1356 videamus
1122 1317 1220 1370 quid
1235 1317 1283 1355 de
1297 1319 1459 1356 illarum
1476 1316 1626 1369 epocha
1641 1330 1732 1355 ma-

281 1375 369 1426 gnis
384 1374 464 1411 illis
485 1380 603 1426 atque
622 1374 732 1411 omni
749 1371 947 1412 doctrinae
963 1387 1108 1426 genere
1126 1375 1280 1412 refertis
1297 1376 1339 1411 iu
1353 1375 1573 1412 Annalibus
1593 1372 1733 1425 dispu-

277 1437 396 1468 tetur.
454 1431 512 1468 sic
539 1431 661 1481 igitur
691 1442 797 1468 anno
825 1429 972 1469 Chri-sti
993 1430 1094 1481 562,
1123 1432 1331 1470 Iustiniani
1350 1432 1426 1480 36,
1455 1430 1591 1469 scribit
1605 1431 1733 1468 Baro-

277 1488 391 1535 nius,
421 1487 577 1525 omissis
609 1485 795 1538 deinceps
830 1487 1080 1537 consulibus,
1115 1488 1184 1540 qui
1211 1487 1315 1525 nulli
1342 1487 1431 1525 sere
1451 1493 1660 1536 notantur,
1688 1498 1733 1524 se

277 1541 564 1581 Indictionibus
594 1555 761 1581 usurum
794 1556 847 1581 ex
874 1542 1065 1582 methodo
1097 1544 1363 1596 exemploque
1395 1541 1633 1581 cassiodori.
1689 1542 1734 1580 in

279 1613 356 1650 quo
376 1599 484 1636 illud
498 1599 762 1645 monendam,
792 1601 869 1648 ait,
899 1599 1008 1650 quod
1027 1600 1100 1636 etsi
1120 1606 1294 1636 numeret
1323 1598 1578 1638 Cassiodorus
1596 1597 1649 1635 ab
1668 1598 1733 1635 in-

280 1656 527 1701 carnatione,
558 1668 629 1692 nos
655 1667 746 1692 vero
770 1668 798 1691 a
826 1655 958 1692 natali
985 1654 1152 1700 domini,
1181 1668 1286 1692 unus
1312 1654 1492 1705 idemque
1509 1665 1642 1691 annus
1661 1653 1734 1691 ὼ-

279 1713 382 1748 mini
397 1718 471 1757 est,
499 1724 591 1748 cum
614 1723 753 1748 novem
772 1716 929 1748 tantum
949 1723 1098 1748 menses
1115 1709 1361 1748 intercedant
1377 1709 1434 1747 ab
1449 1709 1736 1747 incarnationis

280 1775 450 1818 tempore
478 1779 602 1819 usque
627 1766 686 1804 ad
711 1766 889 1804 natalem
914 1767 1039 1817 ipsius
1068 1766 1172 1804 diem
1201 1773 1277 1804 etc.
1333 1779 1471 1804 verum
1499 1766 1535 1803 si
1557 1779 1586 1803 a
1605 1777 1737 1803 mense

287 1822 510 1874 Septembri
540 1835 648 1860 more
677 1826 872 1860 maiorum
906 1835 1113 1860 numerare
1143 1823 1316 1874 coeperis
1340 1822 1605 1868 Indictiones,
1641 1828 1738 1859 tune

270 1881 353 1928 fiet
379 1887 425 1917 ut
453 1893 533 1917 non
561 1879 699 1917 eadem
726 1880 780 1916 sit
808 1879 979 1917 Indis-tio
1000 1880 1102 1917 anni
1119 1879 1172 1916 ab
1190 1879 1461 1916 incarnatione
1482 1879 1682 1915 numerati
1699 1884 1738 1914 et

281 1938 366 1974 eius
387 1937 459 1988 qui
475 1935 674 1974 exorditur
689 1949 717 1973 a
734 1937 913 1987 sequenti
929 1936 1061 1980 natali
1076 1935 1239 1973 domini.
1296 1948 1414 1986 saepe
1430 1935 1534 1973 enim
1547 1947 1648 1985 opus
1665 1934 1740 1971 eric

281 2001 329 2031 ut
352 1994 471 2030 unius
490 2005 652 2030 numero
674 1999 822 2029 crescat
846 2006 978 2029 annus
998 2006 1026 2030 a
1049 1992 1181 2030 natali
1201 1991 1354 2030 domini
1371 1997 1542 2030 notatus.
1601 1990 1738 2041 sicque

281 2050 349 2087 hic
362 2051 445 2099 ipse
461 2063 592 2087 annus
611 2048 764 2087 domini
781 2049 1117 2101 quingentesimus
1134 2048 1399 2100 sexagesimus
1417 2046 1631 2091 secundus,
1660 2044 1736 2083 sub

283 2105 494 2144 consulatu
523 2106 675 2143 Basilii
705 2106 825 2144 vicies
851 2104 986 2151 semel,
1017 2106 1253 2143 Indictionis
1278 2103 1451 2142 decimae
1470 2102 1524 2139 ab
1543 2103 1735 2139 incarna-

283 2164 389 2199 tione
415 2162 582 2207 domini,
612 2162 717 2199 idem
743 2163 796 2199 sit
822 2162 1054 2199 indictionis·
1077 2161 1307 2199 undecimae
1325 2173 1353 2196 a
1370 2157 1519 2197 natalie
1548 2164 1729 2207 tempore.

285 2218 539 2270 quamobrem
560 2231 651 2254 cum
667 2217 745 2254 Ιιοο
759 2231 866 2254 anno
897 2216 1067 2270 (Christi
1083 2217 1190 2268 562)
1221 2215 1392 2253 Indictio
1412 2215 1565 2252 decim
1584 2219 1612 2251 a
1636 2214 1737 2251 Cas—⁴

284 2275 438 2312 siodoro
455 2281 647 2325 ponatur,
676 2273 885 2310 undecima
893 2273 1082 2324 ponenda
1100 2286 1127 2309 a
1146 2271 1257 2310 nobis
1278 2279 1391 2317 esset,
1419 2272 1509 2322 ipsa
1525 2269 1737 2319 incipiente

284 2345 312 2367 a
330 2343 458 2368 mense
478 2328 696 2380 Septembri
712 2329 883 2366 eiusdem
896 2330 998 2366 anni
1012 2329 1315 2380 quingentesimi
1328 2326 1561 2379 sexagesimi
1574 2325 1739 2363 secundi

282 2387 569 2424 incarnationis
587 2386 753 2432 domini,
782 2386 852 2436 qui
867 2384 1074 2423 deducitur
1093 2398 1216 2437 usque
1233 2385 1291 2422 ad
1303 2385 1536 2436 vigesimam
1554 2382 1736 2433 quintam

283 2445 428 2479 mensis
448 2443 594 2480 Martii
614 2442 716 2479 anni
731 2441 868 2486 huius,
896 2455 923 2478 a
942 2455 1019 2492 quo
1038 2449 1208 2492 tempore
1218 2449 1358 2492 postea
1375 2439 1640 2490 sexagesimus
1657 2445 1736 2474 ter-

283 2500 363 2535 tius
395 2501 537 2550 incipit
565 2499 777 2536 numerari.
837 2496 935 2534 haec
960 2499 1029 2535 ille
1051 2499 1241 2549 perplexa
1261 2510 1359 2536 sane*
1373 2509 1418 2534 ac
1437 2506 1600 2546 prorsus
1615 2494 1736 2531 inex-

283 2555 491 2592 tricabilia.
550 2556 619 2607 qui
648 2567 771 2592 annos
797 2552 944 2591 Christi
976 2555 1024 2592 ab
1055 2555 1322 2592 incarnatione
1353 2559 1491 2604 putare
1510 2551 1736 2597 instituunt,

283 2611 316 2648 ii
338 2609 574 2648 numerandi
593 2611 641 2648 ab
662 2624 712 2649 eo
731 2622 832 2647 anno
852 2617 1013 2648 sumunt
1033 2609 1243 2648 exordium
1264 2610 1333 2662 qui
1355 2621 1468 2646 aerae
1491 2604 1738 2644 Christianae

287 2668 441 2718 primus
470 2673 529 2704 est
554 2673 593 2704 et
623 2668 733 2719 cyclo
759 2672 915 2705 notatur
936 2668 1029 2705 solis
1049 2667 1099 2715 9,
1128 2667 1246 2704 lunae
1266 2668 1314 2715 2,
1343 2663 1562 2703 Indictione
1582 2660 1623 2702 4.
1680 2662 1737 2699 ita

292 2725 401 2760 enim
431 2722 686 2762 Cassiodorus
718 2721 771 2760 ad
800 2735 923 2760 annos
953 2724 1001 2760 ab
1029 2724 1299 2760 incarnatione
1319 2721 1429 2759 iubet
1451 2717 1596 2757 addere
1615 2717 1664 2766 3,
1691 2721 1739 2754 ut

292 2779 460 2818 Indictio
494 2781 665 2818 cuiusvis
696 2780 790 2817 anni
815 2781 1043 2830 reperiatur.
1099 2780 1221 2830 igitur
1241 2790 1365 2816 annus
1383 2776 1535 2829 primus
1552 2775 1739 2812 incarna-

293 2836 412 2874 tionis
439 2834 638 2875 notandus
667 2842 726 2875 est
752 2834 972 2875 Indictione
994 2842 1156 2889 quarta,
1181 2847 1259 2888 qua
1286 2841 1326 2873 et
1354 2845 1468 2872 aerae
1493 2829 1739 2870 Christianae
