1890 3224
308 163 404 211 106
918 165 1143 210 PETAVII

310 275 607 313 Chalcedonam.
670 288 762 314 eum
786 282 920 314 autem
938 276 1098 315 divinus
1113 275 1330 314 Heraclius
1349 276 1728 328 irruptionesaeta
1712 291 1755 315 m

305 332 510 370 Persidem
537 338 674 369 contra
698 333 800 370 Sain
826 334 1066 380 retraxisset,
1094 347 1231 371 rursus
1253 334 1379 370 Persa
1401 333 1571 370 reditum
1591 347 1756 386 aggres-

305 403 374 426 sus
395 395 449 424 eet
468 394 506 423 et
522 389 565 425 in
582 402 697 425 suam
714 391 912 441 regionem
933 390 1150 427 vehementi
1162 389 1291 427 studio
1320 396 1376 427 est
1398 402 1587 427 reversus.
1648 402 1756 427 exer-

306 447 428 482 citam
445 450 576 480 autem
593 446 797 483 Persicam
814 446 974 498 reliquit
989 447 1236 484 Anastasius
1252 453 1324 484 etc.
1356 447 1475 497 paulo
1494 458 1588 483 vero
1606 452 1756 496 postea,

307 503 360 541 10
382 499 488 537 hunc
510 502 683 538 Heraclii
703 515 853 540 anuum
872 503 994 541 fuisse
1012 509 1226 551 memorat,
1255 515 1332 555 quo
1352 503 1420 539 ille
1441 502 1758 554 Hierosolymam

306 557 505 607 profectus
538 559 582 594 in
615 561 899 596 monasterium
931 566 1111 611 receptus
1146 566 1225 608 est,
1268 559 1337 596 ubi
1365 561 1391 600 7
1418 559 1530 596 aunis
1554 559 1758 596 transactis

309 612 472 649 demum
492 626 527 650 a.
547 615 720 652 Heraclii
739 616 791 655 17
807 628 945 667 passus
965 622 1037 654 est.
1095 628 1196 667 quae
1226 614 1389 667 quidem
1412 627 1542 666 neque
1563 627 1654 652 cum
1671 615 1760 651 An-

307 669 466 706 nalibus
488 683 620 722 neque
639 684 731 708 cum
747 674 805 709 rei
824 673 988 710 veritate
1007 673 1268 710 consentiunt.
1330 672 1509 722 inprimis
1526 684 1616 708 cum
1633 683 1758 708 almus

306 732 550 763 numeretur-
566 728 739 765 Heraclii
765 729 839 777 10,
880 741 958 780 quo
991 730 1026 767 is
1057 729 1100 765 iu
1131 729 1415 766 monasterium
1451 726 1645 765 admissus
1685 733 1759 774 est,

306 783 412 819 male
433 795 524 819 cum
541 796 576 820 a.
598 784 641 821 C.
661 785 740 824 621
761 786 1027 836 componitur:
1056 785 1230 822 Heraclii
1251 786 1395 836 quippe
1415 786 1467 825 10
1486 785 1613 834 coepit
1629 795 1664 820 a.
1677 784 1759 824 619

307 837 451 875 Iudict.
473 842 523 887 7,
558 842 817 893 pervenitque
848 840 900 878 ad
929 842 1137 879 Octobrem
1165 853 1202 878 a.
1232 842 1334 889 620,
1363 841 1521 878 biennio
1548 846 1760 892 autequam

309 896 516 932 Heraclius
542 897 584 932 iu
612 898 812 934 Orientem
835 905 1017 949 pergeret
1039 905 1106 935 aut
1125 911 1216 935 cum
1235 897 1317 934 ullo
1340 895 1523 935 Chosrois
1545 895 1643 933 duce
1664 908 1761 933 con-

307 952 483 1002 fligeret,
515 951 695 1004 adeoque
725 953 752 994 4
783 956 895 992 annis
926 961 1016 1006 post
1041 955 1142 992 Saae
1172 952 1415 1004 digressum,
1445 955 1526 990 imo
1557 959 1646 1003 post
1677 953 1761 989 eius

309 1008 476 1045 obitum.
534 1016 655 1046 restat
668 1016 712 1047 ut
730 1011 802 1048 sub
823 1012 946 1048 altero
966 1024 1067 1061 pene
1085 1007 1286 1064 ὁμωνύμῳ
1304 1010 1374 1047 Sai
1395 1008 1591 1060 stipendia
1609 1009 1760 1055 fecerit,

308 1076 400 1100 cum
420 1067 653 1114 praesertim
672 1067 773 1114 Sais,
802 1080 884 1104 11011
902 1067 999 1105 Sues
1019 1074 1086 1103 aut
1107 1067 1239 1103 Saitus
1257 1078 1278 1102 a
1295 1064 1560 1114 Metaphraste
1578 1066 1760 1101 nomine-

307 1126 386 1156 tur.
425 1132 563 1156 verum
582 1121 711 1158 obstat
729 1122 838 1171 quod
857 1129 947 1171 post
966 1123 1067 1160 Saae
1085 1133 1225 1157 necem
1243 1117 1324 1156 nou
1347 1120 1448 1167 Sais,
1479 1119 1551 1157 sed
1569 1119 1760 1158 Sarbarus

307 1175 375 1212 vel
406 1175 640 1213 Sarbarazas
668 1177 711 1212 in
739 1175 972 1228 Bithyniam
999 1177 1218 1213 exercitum
1239 1176 1382 1226 egerit,
1411 1173 1519 1213 unde
1542 1188 1565 1212 a
1589 1173 1763 1213 chosroe

308 1238 514 1270 revocatus
545 1245 636 1268 cmn
663 1233 847 1270 Heraclio
877 1233 1060 1280 certavit,
1090 1231 1308 1284 siquidem,
1338 1238 1495 1270 auctore
1514 1230 1763 1283 Theophane

308 1294 348 1325 et
365 1288 489 1325 Paulo
507 1289 697 1337 Diacono,
725 1287 918 1327 chosroes
939 1302 975 1326 3.
995 1291 1045 1330 13
1063 1289 1237 1325 Heraclii
1251 1288 1515 1326 Sarbanazam
1531 1301 1622 1325 cum
1639 1289 1763 1339 copiis

306 1345 350 1381 iu
385 1346 644 1393 Romaniam,
674 1351 718 1382 ut
745 1346 801 1382 ait
829 1343 1052 1391 cedrenus,
1081 1346 1259 1382 immisit.
1317 1343 1389 1383 sed
1411 1359 1432 1382 e
1455 1346 1621 1395 vestigio
1646 1357 1764 1382 revo-

307 1407 418 1438 catus
438 1407 515 1449 est,
547 1414 638 1438 cum
656 1402 861 1440 Heraclius
879 1403 923 1439 in
943 1400 1148 1439 Persidem
1165 1402 1390 1452 irrupisset,
1421 1402 1485 1438 cui
1502 1414 1589 1439 sese
1605 1402 1763 1438 interim

307 1457 397 1494 Sais
430 1458 586 1495 obiecit.
654 1471 786 1496 rursus
820 1471 856 1496 3.
887 1461 939 1500 16
969 1459 1143 1495 Heraclii
1172 1456 1364 1496 chosroes
1396 1458 1580 1495 bifariam
1609 1457 1762 1508 partitis

308 1514 432 1564 copiis
453 1514 669 1552 Sarbarum
689 1528 782 1552 cmn
801 1514 856 1556 50
875 1515 1037 1552 milibus
1058 1515 1214 1565 Cpolim
1232 1515 1362 1562 misit,
1393 1521 1541 1552 ceteros
1570 1513 1668 1551 duce
1693 1513 1763 1551 Sai

307 1569 495 1608 adversus
529 1572 758 1608 Heraclium
788 1572 992 1622 opposuit,
1023 1583 1046 1607 a
1078 1584 1156 1622 quo
1190 1572 1316 1608 victus
1348 1571 1436 1608 Sais
1464 1584 1509 1607 ac
1531 1570 1762 1620 profligatus
1802 1604 1805 1609 .

308 1631 392 1672 est,
424 1639 514 1663 cum
532 1627 692 1663 interim
713 1627 902 1665 sarbaras
920 1626 1213 1663 Chalcedonem
1233 1632 1500 1675 oppugnaret,
1531 1638 1608 1676 qua
1626 1627 1669 1662 in
1688 1625 1763 1662 ob-

309 1655 465 1719 sidioue
503 1682 696 1732 perstitit,
741 1694 816 1718 nec
853 1694 945 1718 cum
977 1682 1160 1718 Heraclio
1201 1679 1388 1731 deinceps
1430 1693 1660 1731 congressus
1688 1687 1761 1719 est.

308 1736 571 1788 Theophanis
600 1750 646 1775 ac
673 1736 842 1775 cedreni
871 1737 993 1775 verba
1020 1737 1185 1774 mirifice
1211 1750 1302 1774 cum
1325 1735 1591 1789 Metaphraste
1615 1750 1762 1775 conve-

306 1795 438 1832 niunt.
494 1789 621 1849 τούτω
641 1796 698 1849 τῷ
716 1792 812 1843 ἔτει,
841 1794 897 1831 ait
924 1792 1214 1845 Theophanes,
1247 1790 1472 1845 Χοσρόης
1451 1810 1472 1834 o
1489 1795 1570 1833 τοῖν
1591 1795 1763 1846 Περσων

309 1847 495 1902 βασιλευς
517 1849 614 1891 νέαν
636 1835 848 1903 ἐποιήσατο
871 1851 1095 1903 στρατείαν,
1124 1846 1361 1919 στρατεέσας
1381 1849 1518 1899 ξένους
1537 1864 1579 1890 τε
1599 1849 1666 1889 καὶ
1689 1865 1763 1890 πο-

310 1907 422 1955 λίτας
461 1905 531 1947 καὶ
564 1906 737 1956 οἰκέτας,
781 1905 825 1947 ἐκ
854 1922 1004 1955 παντος
1030 1905 1173 1975 γένους
1201 1903 1369 1959 ἐκλογὴν
1396 1903 1654 1957 ποιούμενος,
1691 1904 1763 1946 καὶ

307 1978 460 2015 ταυτην
488 1978 563 2015 την
594 1961 762 2016 ἐκλογήν
782 1966 837 2017 τῷ
859 1959 965 2003 Σαϊν
983 1961 1189 2017 παραδους
1207 1965 1422 2018 στρατηγῷ.
1477 1961 1762 2014 Metaphrastes

308 2033 427 2068 vero,
457 2034 549 2057 cum
574 2020 876 2066 adolescentiae,
903 2021 1055 2072 inquit,
1085 2027 1252 2057 aetatem
1271 2020 1353 2056 iam
1376 2019 1603 2070 attingeret,
1631 2025 1669 2055 et
1692 2032 1761 2055 rex

313 2076 503 2113 Chosroe's·
523 2090 670 2115 novam
685 2078 894 2114 exercitam
911 2078 955 2114 in
970 2076 1134 2114 Perside
1151 2076 1369 2127 colligeret,
1395 2076 1478 2126 ipse
1497 2088 1652 2126 quoque
1669 2088 1761 2111 cam

306 2132 402 2170 aliis
428 2132 597 2184 refertur
627 2134 672 2170 in
701 2147 909 2171 numeram
943 2135 1126 2171 tironum.
1188 2145 1314 2170 annus
1350 2133 1399 2171 16
1431 2131 1604 2168 Heraclii
1633 2132 1761 2182 coepit

307 2188 455 2226 Christi
489 2190 584 2231 625.
608 2195 614 2203 ‘
643 2188 786 2241 quodsi
817 2202 854 2226 3.
885 2191 937 2230 17
968 2188 1146 2227 eiusdem
1172 2189 1420 2239 imperatoris
1446 2200 1586 2238 passus
1612 2194 1692 2235 est,
1722 2199 1762 2224 a.

306 2247 352 2283 C.
387 2244 431 2282 id
463 2244 606 2282 accidit
640 2247 721 2285 626
755 2251 822 2282 aut
855 2247 949 2286 627.
1006 2247 1062 2283 ita
1098 2257 1180 2282 non
1219 2257 1342 2282 anuos
1376 2245 1402 2284 7
1441 2242 1512 2281 sed
1539 2257 1661 2281 uuum
1691 2250 1760 2281 aut

306 2303 478 2339 alterum
509 2301 645 2352 exegit
674 2301 718 2337 in
745 2302 998 2338 monasterio.
1057 2307 1125 2338 aut
1155 2302 1190 2338 si
1221 2302 1383 2338 omnino
1415 2313 1505 2337 cum
1535 2301 1663 2351 priore
1687 2300 1759 2337 illo

306 2359 385 2396 sae
415 2355 706 2395 chalcedonem
733 2358 928 2408 perrexit,
957 2370 994 2394 3.
1021 2359 1123 2405 616,
1154 2357 1326 2394 Heraclii
1352 2359 1398 2404 6,
1428 2355 1582 2394 Christo
1611 2368 1759 2394 nomen

307 2412 429 2462 dedit,
460 2427 505 2452 ac
523 2414 603 2456 621
616 2442 627 2462 ,
656 2414 829 2451 Heraclii
849 2414 914 2460 11,
944 2420 1011 2451 aut
1027 2414 1252 2465 insequenti
1269 2426 1292 2450 a
1313 2411 1484 2451 chosroe
1501 2413 1759 2463 interemptus

307 2477 389 2517 est3
418 2470 463 2507 id
488 2465 596 2522 quod
621 2483 695 2521 ego
720 2470 973 2508 verisimilius
999 2471 1177 2507 arbitror.
1234 2476 1431 2521 postremo
1454 2469 1618 2506 minime
1642 2481 1760 2518 prae-

307 2526 546 2564 tereundum
566 2525 782 2564 Lutherani
806 2524 1035 2577 chronologi
1056 2525 1169 2564 Sethi
1188 2526 1348 2563 Calvisii
1375 2526 1531 2576 insigne
1558 2523 1758 2590 delirium,

186 2587 217 2620 P
241 2586 288 2622 64
310 2583 380 2648 (1111
415 2581 466 2619 ad
499 2596 535 2619 a.
566 2584 610 2620 C.
639 2585 719 2624 621
747 2588 857 2620 notat
887 2581 1088 2621 chosroen
1130 2583 1383 2620 Anastasium
1423 2583 1466 2618 iu
1493 2582 1640 2620 Asiam
1678 2581 1758 2617 mi-

309 2640 427 2686 sisse,
459 2640 529 2690 qui
550 2638 840 2677 Chalcedouem
858 2645 1122 2690 oppugnaret:
1152 2637 1224 2676 sed
1241 2639 1493 2675 Anastasium
1515 2649 1660 2687 magno
1677 2637 1758 2673 im-

309 2696 500 2746 peratorIS
538 2695 666 2744 bono,
709 2696 845 2733 relicta
871 2696 1148 2746 superstitione
1176 2695 1338 2745 gentili,
1380 2695 1499 2732 sacris
1507 2689 1758 2731 Christianis

307 2752 530 2799 initiatum,
562 2757 601 2789 et
617 2758 754 2803 postea
774 2753 892 2790 etiam
909 2753 1098 2803 martyrio
1119 2757 1358 2789 coronatum.
1417 2751 1527 2788 cuius
1543 2749 1600 2787 rei
1615 2755 1757 2787 testem

310 2807 423 2846 affert
450 2780 684 2847 cedrenum.
744 2822 823 2862 quo
850 2806 952 2846 nihil
982 2808 1078 2860 fingi
1105 2813 1233 2860 potest
1258 2807 1450 2859 ineptius,
1479 2818 1569 2845 cum
1585 2806 1755 2844 Anasta-
