1890 3224
536 173 609 216 AD
643 170 1009 216 NICEPHORUM
1040 169 1244 215 NOTAE.
1524 169 1617 216 123

167 283 230 322 nis
250 288 334 320 tam
352 279 510 321 turbida
530 276 792 333 descriptione
810 278 954 333 liquidi
971 286 1172 333 utcunque
1189 277 1342 332 aliquid
1362 280 1627 332 exprimatur,

166 353 357 392 magnam
388 340 458 378 ille
479 340 712 390 Bulgariam
742 337 794 376 ad
812 335 1021 376 Maeotidis
1053 336 1220 389 paludes
1254 338 1310 375 cis
1337 338 1496 375 Tanain
1525 351 1624 376 con-

168 398 316 445 stituit,
351 397 422 434 ubi
448 398 568 448 Iazyg
570 409 612 433 es
644 402 683 434 et
709 396 908 434 Roxolani
937 395 1085 446 aliique
1117 391 1290 445 Scythae
1320 393 1523 446 quondam
1555 395 1622 433 vel

168 454 373 492 Sarmatae
386 482 397 502 ,
426 466 532 491 nunc
552 451 820 491 Moschovitae
842 452 909 489 vel
929 452 1102 488 minores
1126 451 1286 488 Tartari
1305 453 1538 503 nuncupati.

280 523 322 561 p.
343 511 397 551 38
416 522 457 548 v.
479 510 545 550 15.
573 506 773 557 Βασιανός
793 505 908 559 υἱός]
939 509 1047 545 varie
1070 506 1193 545 huius
1219 520 1368 545 nomen
1391 509 1623 559 concipitur,

167 572 212 603 ut
235 572 274 603 et
289 566 432 617 patris,
471 567 540 618 qui
561 566 751 604 Crobatus
772 577 796 603 a
814 563 1064 617 Theophane
1087 563 1251 613 dicitur,
1290 563 1397 602 filius
1414 577 1508 603 vero
1526 565 1626 602 Bat-

167 623 312 674 gaigan
330 623 397 660 vel
415 624 623 673 Batgaian.

279 677 334 716 ib.
369 691 408 716 v.
428 680 497 720 23.
553 693 624 719 τον
654 674 865 731 Animum
893 675 963 717 καὶ
992 672 1246 728 Δαναστριν]
1285 675 1486 715 Cedrenus
1513 677 1558 714 in
1586 690 1626 715 a.

168 735 412 787 Copronymi
428 738 482 777 23
502 735 643 773 fluvios
664 735 756 772 illos
774 734 1018 772 coniunctim
1033 734 1227 782 nominat,
1246 734 1488 782 Danubium,
1510 729 1628 773 Κού-

171 807 280 844 φην,
308 793 522 830 Danastrin
548 799 588 830 et
615 792 834 843 Danaprin.
894 787 1070 843 Κούφην
1095 790 1310 828 verisimile
1330 797 1389 828 est
1404 788 1627 842 Cophinem

154 861 281 897 0330,
312 847 362 886 de
383 861 463 901 quo
483 849 603 901 paulo
625 855 754 886 antea.
810 846 1027 885 Iornaudes
1056 845 1106 885 de
1134 846 1251 884 rebus
1276 847 1423 885 Geticis
1444 846 1627 897 Scythia,

166 905 318 957 inquit,
355 906 580 943 Germanae
601 912 727 942 terrae
745 904 912 953 confinis
932 917 974 941 eo
993 910 1106 941 tenus
1124 902 1196 941 ubi
1213 904 1316 941 Ister
1333 905 1459 941 oritur
1476 904 1628 950 amnis,

167 962 235 999 vel
249 969 438 1014 stagnum
456 961 651 999 dilatatur
668 962 923 1012 Mysianum,
958 960 1119 998 tendens
1139 973 1264 1012 usque
1282 960 1525 1010 adflurnina
1549 961 1628 1011 Ty-

169 1031 258 1054 ram
284 1019 537 1056 Danastrum
569 1024 606 1054 et
638 1018 685 1055 V
675 1017 880 1068 agosolam
917 1030 1188 1068 magnumque
1217 1017 1334 1053 illum
1363 1017 1623 1067 Danaprum.

166 1074 287 1126 paulo
304 1080 414 1125 post:
453 1080 566 1111 antes
588 1086 696 1120 vero,
727 1074 798 1125 qui
822 1079 917 1110 sunt
936 1087 1069 1110 eoram
1081 1073 1301 1124 sortis-simi
1320 1074 1391 1124 qui
1408 1073 1468 1110 ad
1483 1073 1628 1110 Ponti-

168 1144 260 1167 cum
287 1144 397 1167 mare
420 1137 656 1176 curvantur,
685 1143 712 1166 a
728 1130 934 1167 Danastro
962 1129 1226 1166 extenduntur
1253 1143 1379 1180 usque
1404 1129 1463 1166 ad
1477 1130 1628 1167 Dana-

164 1200 304 1236 prum;
334 1199 436 1236 quae
444 1187 627 1236 flumina
647 1185 783 1221 multis
802 1185 1074 1220 mansionibus
1097 1183 1149 1220 ab
1164 1185 1333 1221 invicem
1351 1185 1511 1222 absunt.
1547 1187 1631 1222 iam

169 1244 388 1280 Danastrus
411 1242 459 1279 ab
484 1242 625 1279 incolis
647 1239 916 1292 Borysthenes
942 1238 1108 1288 dicitur,
1150 1246 1195 1277 ut
1225 1239 1334 1277 idem
1359 1247 1546 1290 testatur,
1591 1248 1631 1278 et

168 1297 290 1337 hodie
308 1299 490 1349 Dnieper
517 1298 740 1350 appellatur
753 1326 763 1345 ,
804 1309 977 1348 quocum
996 1297 1097 1334 falso
1120 1309 1143 1333 a
1165 1296 1403 1348 quibusdam
1421 1299 1631 1349 Danaprus

171 1355 446 1403 confunditur,
488 1355 593 1392 inter
617 1366 739 1406 quem
761 1360 800 1390 et
815 1355 960 1390 Istrum
978 1354 1196 1390 Danastrus
1219 1360 1299 1402 est,
1329 1361 1375 1391 ut
1395 1355 1631 1391 Ammianus

169 1411 302 1463 prodit
320 1413 350 1450 l.
369 1414 420 1452 31
436 1424 447 1459 ς
477 1410 522 1448 id
541 1410 650 1463 quod
671 1416 761 1447 ante
778 1423 850 1447 1103
870 1410 1040 1448 Ortelius
1061 1410 1299 1448 observavit.
1357 1409 1429 1448 sed
1446 1412 1633 1463 quisnam

169 1470 388 1506 Danastrus
417 1468 487 1505 ille
516 1469 567 1505 sit
594 1465 773 1506 nondum
792 1467 932 1518 liquet.
988 1467 1155 1504 forsitan
1181 1465 1291 1504 idem
1316 1473 1376 1506 est
1406 1480 1497 1505 cum
1520 1469 1633 1520 Tyra

170 1525 307 1574 fluvio,
339 1523 489 1576 Cuphis
506 1536 600 1562 vero
622 1537 713 1561 cum
728 1525 892 1571 Axiam,
921 1523 989 1561 vel
1007 1530 1157 1560 contra.

281 1596 323 1633 p.
347 1582 400 1623 39
420 1594 459 1618 v.
479 1583 520 1622 7.
576 1583 648 1631 τῆς
663 1578 878 1631 Βερυλίας]
908 1577 1013 1616 hanc
1032 1579 1255 1617 Berzeliam
1277 1585 1392 1616 vocat
1409 1577 1634 1631 Theopha-

170 1650 264 1687 nes,
295 1638 364 1675 alii
382 1638 610 1675 Berzitiam.
647 1635 719 1674 sed
736 1642 916 1687 corrupta
938 1642 1030 1673 sunt
1055 1648 1157 1687 quae
1180 1642 1413 1688 sequuntur.

283 1693 338 1731 ib.
363 1706 402 1730 v.
423 1697 491 1734 22.
549 1691 615 1733 ἐπὶ
645 1691 937 1744 Μεσημβρίαν]
977 1694 1024 1729 Ρ.
1046 1693 1244 1729 Diaconus
1273 1693 1315 1728 in
1331 1692 1512 1730 Miscella
1536 1705 1632 1743 per-

170 1763 309 1802 peram
328 1749 531 1787 meridiem
548 1749 678 1797 vertit,
708 1762 799 1786 cum
816 1750 866 1786 sit
883 1749 1088 1799 proprium
1106 1749 1215 1785 urbis
1236 1761 1398 1785 nomen.

285 1820 327 1858 p.
339 1805 393 1847 40
404 1819 442 1844 v.
456 1809 498 1848 7.
527 1803 709 1858 Βαρνᾶν]
725 1806 855 1842 Barna
868 1812 906 1842 et
915 1804 1092 1856 Odyssus
1102 1805 1275 1842 Moesiae
1287 1804 1486 1842 inferioris
1498 1804 1631 1842 urbes.

285 1862 339 1900 ib.
371 1875 410 1899 v.
440 1864 507 1902 20.
563 1864 687 1901 ταῦτα
719 1858 908 1913 διαγνοῦς
934 1860 1265 1912 Κωνσταντῖνος]
1306 1868 1421 1898 sexta
1443 1859 1632 1912 Synodus

173 1925 308 1958 coacta
335 1919 407 1957 sub
430 1916 640 1969 Agathone
666 1916 802 1955 habita
829 1924 888 1956 est
912 1930 950 1955 a.
976 1921 1026 1959 13
1053 1919 1212 1969 imperii
1233 1918 1480 1955 Constantini
1496 1919 1632 1969 Pogo-

171 1977 277 2024 nati,
307 1982 352 2012 ut
376 1981 512 2013 auctor
539 1980 598 2012 est
618 1973 840 2022 Cedrenus,
880 1972 1127 2025 Nicephorus
1153 1975 1197 2011 in
1226 1971 1443 2022 Chronico,
1478 1980 1518 2011 et
1547 1975 1633 2012 alii.

172 2030 444 2083 Theophanes
472 2030 524 2068 ad
546 2044 583 2068 a.
609 2031 662 2071 12
684 2030 818 2067 refert.
877 2030 947 2082 qui
975 2031 1138 2081 insuper
1164 2043 1206 2080 p.
1226 2032 1407 2072 301—2
1429 2031 1570 2069 ultimo
1593 2043 1632 2067 a.

172 2089 370 2140 Pogonati
394 2089 550 2139 prolixe
579 2085 628 2124 de
656 2085 799 2138 synodi
824 2085 942 2124 huius
973 2093 1152 2137 tempore
1181 2085 1376 2137 disputat,
1421 2099 1522 2139 quae
1553 2086 1630 2126 hoc
1653 2092 1682 2126 P
1707 2092 1752 2127 78

173 2146 262 2183 1000
296 2144 489 2182 (113011ῐοΓο
514 2145 680 2181 minime
705 2156 867 2181 necesse
898 2150 969 2180 est.
1027 2151 1071 2180 ut
1101 2142 1153 2179 ad
1179 2146 1205 2184 6
1233 2142 1433 2194 synodum
1457 2143 1633 2193 redeam,

174 2200 286 2239 haud
306 2200 471 2238 dubium
490 2207 550 2239 est
568 2201 664 2253 quin
683 2212 719 2237 a.
741 2201 786 2237 C.
808 2202 889 2241 680
909 2198 1093 2237 inchoata
1112 2201 1175 2247 sit,
1204 2199 1293 2236 Ind.
1313 2202 1352 2248 9,
1382 2202 1483 2237 Nov.
1505 2203 1531 2240 7
1552 2200 1631 2250 die,

175 2258 364 2309 finitaque
388 2259 439 2294 sit
458 2269 560 2295 anno
584 2258 779 2309 sequenti.
840 2269 942 2309 quo,
982 2263 1027 2294 ut
1049 2257 1170 2294 refert
1190 2257 1448 2304 Anastasius,
1481 2257 1534 2298 17
1554 2259 1634 2295 Fe-

176 2315 325 2353 bruarii
352 2312 551 2350 dominica
578 2314 676 2360 fuit,
717 2314 828 2365 cyclo
852 2314 948 2352 solis
974 2314 1048 2361 18,
1092 2314 1153 2351 lit.
1187 2311 1295 2350 dom.
1319 2314 1366 2350 F.
1423 2314 1466 2350 in
1491 2315 1587 2351 actis
1608 2316 1636 2355 6

178 2369 323 2423 synodi
339 2376 500 2407 notatur
516 2367 582 2406 hic
604 2382 730 2407 annus
747 2371 996 2408 Constantini
1013 2372 1089 2419 27,
1121 2368 1230 2422 quod
1251 2369 1425 2422 reliquos
1451 2383 1542 2407 cum
1562 2383 1639 2422 pa-

180 2435 237 2465 tre
260 2425 390 2464 adhuc
419 2426 627 2477 superstite
649 2427 868 2476 imperarit.
926 2434 1068 2480 quotus
1090 2439 1184 2463 vero
1206 2424 1272 2462 hic
1299 2433 1390 2477 post
1413 2427 1640 2465 Constantis

179 2485 334 2522 obitum
359 2483 480 2520 fuerit
501 2489 605 2520 certo
637 2480 792 2519 definiri
817 2490 974 2535 posset,
1013 2485 1049 2522 si
1069 2482 1118 2521 de
1138 2495 1275 2520 mense
1297 2495 1343 2520 ac
1362 2481 1426 2522 die
1446 2490 1642 2522 constaret

180 2553 259 2593 quo
279 2541 472 2578 Constans
490 2541 624 2577 vivere
646 2537 777 2576 desiit.

132 2589 133 2594 ¹
279 2610 332 2647 p-
351 2595 402 2637 41
429 2596 559 2636 v-15.
588 2597 661 2636 τοῦ
686 2591 896 2646 Ὀψικίου]
945 2593 995 2634 de
1028 2596 1239 2647 Opsiciano
1270 2592 1445 2633 themate
1479 2593 1638 2637 abunde

183 2651 358 2703 disputat
377 2653 656 2691 Constantinus
675 2650 1016 2703 Porphyrogenita
1032 2665 1055 2689 a
1072 2652 1265 2691 Vulcanio
1285 2651 1437 2701 editus3
1467 2652 1540 2690 sub
1557 2664 1638 2702 quo

183 2707 460 2761 comprehensi
474 2708 653 2761 Bithyni,
683 2710 801 2760 Mysi,
830 2707 1022 2760 Phryges,
1052 2707 1240 2758 Dardani,
1267 2710 1409 2747 Troes.
1450 2704 1640 2773 Ὀψίκιον

182 2767 326 2803 Latina
343 2779 426 2803 vox
446 2772 517 2815 est,
537 2779 660 2818 quare
681 2764 944 2817 Obsequium}-
958 2778 1261 2832 nonnunquam-
1266 2765 1492 2803 reddimus:
1512 2764 1641 2814 signi-

184 2822 274 2860 ficat
294 2823 402 2860 enim
421 2819 516 2872 τούς
533 2821 909 2877 προπορευομένους
933 2822 1163 2877 ἔμπροσθεν
1189 2824 1261 2864 τοῦ
1281 2820 1504 2876 βασιλέως’
1487 2836 1554 2862 επι
1577 2815 1642 2861 εὕ-
