1890 3224
594 190 853 235 PERSIGAE
884 189 1155 235 AGROASIN
1187 189 1222 234 Ι,
1295 196 1300 200 “
1565 190 1632 236 97

291 304 359 344 88.
415 299 525 339 idem
543 299 699 339 iambus
722 300 887 339 occurrit
903 301 948 338 in
966 300 1164 338 Hexagm.
1189 298 1311 343 1658·

284 360 357 399 90.
413 358 548 396 confer
574 356 649 396 hos
678 370 815 396 versus
846 371 936 395 cum
960 357 1158 395 Hexae'im.
1179 355 1261 398 453
1280 362 1318 393 et
1333 368 1415 407 seq.
1443 355 1502 393 ibi
1523 355 1631 393 enim

179 413 357 454 divinam
375 415 629 452 clementiam
646 413 789 452 eodem
807 414 890 451 fere
908 412 1028 452 modo
1051 413 1248 452 describit.

292 470 360 512 95.
417 484 501 510 vox
525 466 736 523 δραστικόν
759 483 842 508 11011
858 472 902 507 111
919 476 1059 508 neutro
1079 477 1235 508 tantum
1254 467 1327 507 sed
1343 467 1462 507 etiam
1479 468 1523 504 in
1543 468 1633 506 aliis

179 527 391 579 generibus
414 541 487 579 pro
518 527 762 565 substantiva
787 534 975 580 usurpata
1002 528 1226 566 invenitur:
1256 527 1313 564 sic
1343 520 1532 579 δραστική
1560 537 1635 576 pro

179 581 371 637 δραστική
391 581 561 636 δύναμις
579 584 646 621 vel
663 581 864 636 συμφορά.

295 642 388 681 102.
446 640 607 691 elegans
623 638 877 691 metaphora,
909 652 988 692 qua
1008 652 1050 678 se
1067 643 1184 706 poeta
1206 644 1407 690 comparat
1424 636 1634 688 agricolae.

179 696 280 734 sulci
316 703 406 735 sunt
439 697 584 745 iambi,
628 703 801 734 aratrum
830 697 965 745 stilus,
1005 698 1158 734 semina
1187 696 1307 734 verba
1333 701 1373 732 et
1401 694 1634 732 sententiae.

178 753 315 791 forsan
333 751 385 790 ad
403 754 607 805 antiquam
623 754 863 791 Graecorum
880 726 1077 791 scribendi
1096 753 1290 790 rationem
1307 751 1502 802 respexit,
1533 762 1638 801 quae

179 805 486 863 βουστροφηδόν
529 809 752 847 dicebatur:
801 817 846 847 ut
882 812 990 847 enim
1028 816 1182 847 arantes
1220 821 1310 846 cum
1339 808 1467 846 bobus
1494 807 1639 854 solent,

178 866 309 916 primo
337 879 361 902 a
388 864 528 902 dextra
547 865 598 902 ad
615 867 815 903 sinistram
834 879 970 904 versus
992 867 1129 903 stilum
1151 864 1346 902 ducebant
1366 870 1518 901 veteres
1531 892 1543 912 ,
1573 869 1639 900 at-

180 933 258 973 que
279 921 349 958 ubi
369 920 421 958 ad
440 923 638 959 sinistram
658 924 828 973 paginae
850 935 960 960 oram
979 921 1243 970 devenissent,
1274 920 1526 958 dextrorsum
1542 932 1636 970 per-

179 977 339 1028 gebant,
368 984 455 1015 tum
472 991 566 1016 vero
583 980 729 1015 iterum
750 978 801 1016 ad
820 980 1021 1016 sinistram
1042 978 1308 1015 recurrebant.
1365 977 1421 1013 ita
1438 989 1532 1013 vere
1552 975 1639 1013 sul-

180 1046 247 1071 cos
275 1035 623 1085 repraesentabant
649 1035 802 1083 lineae,
833 1048 933 1087 quae
953 1032 1122 1081 αὕλακες
1144 1047 1191 1071 ea
1215 1033 1263 1071 de
1286 1045 1404 1070 causa
1425 1030 1554 1069 dictae
1572 1033 1640 1068 ia-

178 1090 404 1127 veniuntur.
460 1092 695 1140 Anonymus
711 1093 782 1140 qui
796 1092 1088 1141 Panegyricum
1102 1091 1333 1141 Berengarii
1350 1090 1447 1138 imp.
1465 1088 1642 1125 conscri-

178 1146 259 1196 psit
287 1146 335 1182 ab
364 1142 567 1182 Hadriano
595 1145 752 1183 valesio
780 1143 954 1195 editum,
986 1144 1090 1182 dixit
1122 1146 1193 1182 lib.
1224 1148 1249 1185 3
1280 1144 1356 1186 55:
1374 1144 1508 1196 sortia
1530 1145 1640 1182 iussa

179 1202 256 1238 cito
277 1199 431 1238 scribae
451 1200 602 1239 sulcate
613 1215 787 1252 papyro.

295 1267 390 1310 104.
448 1268 674 1319 allegorice,
704 1269 856 1319 opinor,
886 1274 1045 1306 noctem
1060 1267 1217 1319 nigram
1231 1274 1346 1305 vocat
1361 1270 1517 1316 Persas,
1539 1281 1640 1320 quos

181 1324 303 1362 etiam
316 1325 360 1361 in
374 1323 454 1361 fine
470 1324 741 1362 Abaricorum
757 1338 796 1363 v.
817 1325 899 1366 526
917 1321 1148 1372 σκοτεινούς
1168 1325 1355 1375 appellat,
1384 1337 1466 1362 non
1484 1331 1641 1362 tantum

178 1380 233 1418 ad
252 1379 398 1418 damna
420 1379 617 1418 abluenda
639 1394 741 1434 quae
763 1383 902 1431 terris,
933 1395 1054 1434 quam
1077 1379 1128 1418 ad
1148 1394 1195 1418 ea
1214 1393 1316 1433 quae
1333 1382 1518 1432 religioni
1532 1381 1641 1418 infe-

179 1437 333 1475 rebant.
392 1438 538 1508 quippe
565 1436 741 1476 Chosroa
767 1439 910 1489 legatis
940 1439 989 1475 ab
1021 1438 1203 1475 Heraclio
1229 1438 1362 1476 missis
1385 1437 1642 1490 responderat

180 1489 232 1534 ου’
263 1493 454 1546 φείσομαι
477 1493 618 1547 υμῶν,
650 1494 724 1543 εως
743 1510 795 1535 αν
816 1490 1052 1561 ἅρνήσησθε
1071 1491 1138 1534 τὸν
1158 1491 1525 1548 ἐσταυρωμένον,
1511 1509 1560 1535 ον
1580 1492 1642 1535 λέ·

177 1563 264 1603 γετε
281 1547 384 1590 θεόν
401 1546 526 1600 εἶναι,
554 1549 621 1591 και
639 1548 942 1603 προσκυνήσητε
959 1566 1013 1591 τω
1030 1549 1144 1603 ἡλίῳ.

292 1618 388 1660 106.
446 1618 591 1655 Persae
616 1619 698 1655 iam
721 1630 745 1655 a
765 1619 1014 1656 Constantini
1030 1617 1275 1669 temporibus
1293 1618 1483 1656 Romanis
1503 1617 1642 1656 infesti

179 1686 317 1711 eorum
351 1674 578 1724 provincias
611 1673 799 1712 invadere
838 1687 1047 1726 nunquam
1089 1673 1338 1712 destiterunt.
1398 1674 1470 1712 sed
1510 1675 1639 1712 multo

179 1731 306 1767 acrius
332 1730 438 1767 inter
468 1743 535 1768 eos
565 1730 718 1768 bellum
745 1731 894 1769 exarsit
918 1731 992 1768 sub
1010 1732 1201 1768 Mauricio
1224 1737 1263 1767 et
1280 1729 1437 1779 Phoca,
1469 1744 1639 1783 quorum

178 1786 385 1823 Heraclius
403 1787 446 1823 in
466 1787 633 1837 imperio
654 1800 857 1825 successor
874 1787 963 1823 fuit.
1021 1799 1124 1824 anno
1146 1788 1254 1823 enim
1273 1786 1354 1827 599
1375 1789 1534 1835 Persae,
1552 1789 1639 1825 Eu-

179 1840 365 1893 phratem
388 1844 642 1893 transgressi,
672 1849 718 1880 ut
743 1844 798 1880 ait
816 1840 1088 1893 Theophanes
1105 1856 1153 1892 p.
1173 1840 1275 1890 247,
1305 1845 1439 1882 πᾶσαν
1460 1840 1535 1892 τήν
1553 1846 1639 1882 Συ-

179 1898 274 1951 ρίαν
301 1896 371 1939 καὶ
397 1899 671 1951 Παλαιστίνην
697 1896 1042 1951 αἰχμαλῶτευσαν,·
1072 1911 1175 1936 anno
1208 1904 1342 1935 autem
1365 1901 1445 1940 617
1473 1897 1642 1937 Chalce-

179 1953 350 2003 donem,
382 1967 485 2007 quae
503 1962 637 1994 contra
657 1956 814 2007 Cpolim
835 1962 939 2004 erat,
970 1961 1181 2007 ceperunt,
1208 1967 1299 1991 cum
1317 1956 1400 1992 iam
1419 1956 1641 2005 innumera,

179 2024 282 2063 quae
302 2012 398 2048 ferri
416 2024 499 2049 non
515 2019 679 2063 possent
697 2012 859 2062 scelera,
881 2018 1119 2081 patrassent.
1177 2009 1270 2050 vide
1289 2009 1433 2051 Chron.
1449 2010 1643 2050 Paschale

177 2080 219 2119 P·
238 2065 322 2109 704
344 2066 408 2105 ed.
425 2069 556 2107 Bonn.

293 2136 388 2176 112.
446 2135 637 2188 expedire
667 2143 712 2175 ut
736 2137 845 2174 bella
873 2150 945 2188 per
963 2150 1006 2175 se
1025 2141 1138 2188 gerat
1153 2134 1360 2187 princeps,
1391 2147 1530 2174 omnes
1556 2136 1642 2174 fere

181 2191 431 2228 consentiunt
454 2191 503 2230 de
525 2194 642 2232 rebus
659 2194 832 2245 politicis
849 2195 1074 2245 scriptores.

297 2257 391 2300 124
448 2260 578 2298 varias
610 2262 848 2311 sententias,
879 2274 978 2314 quas
1006 2262 1108 2299 circa
1134 2259 1232 2297 belli
1263 2257 1430 2310 gerendi
1451 2261 1645 2298 rationem

181 2315 336 2363 retulit,
368 2311 572 2365 ἀναιτίους
589 2319 841 2368 pronuntiat,
871 2319 1031 2367 volens,
1062 2318 1222 2369 opinor,
1253 2317 1405 2382 Crispi,
1435 2318 1505 2369 qui
1523 2330 1646 2368 gener

179 2372 256 2409 fuit
275 2370 456 2421 Phocae,
487 2374 752 2410 temeritatem
772 2387 984 2424 excusare,
1015 2376 1086 2427 qui
1107 2373 1291 2411 Heraclio
1319 2374 1402 2410 eius
1428 2387 1547 2425 opem
1570 2387 1646 2424 pe·-

181 2429 282 2465 tenti
298 2428 526 2480 respondit,
554 2425 628 2470 οὐκ
646 2426 733 2478 ἐξόν
748 2431 904 2482 βασιλεῖ
916 2426 1230 2483 καταλιμπάνειν
1250 2429 1455 2481 βασιλείαν
1471 2429 1539 2470 καὶ
1558 2433 1648 2478 ταῖς

181 2498 321 2578 πΙεΞρρω
338 2482 612 2582 ἐπέχωριάζειν
635 2482 853 2539 δυναμεσιν
873 2500 958 2526 rem
977 2494 1111 2526 narrat
1128 2484 1377 2538 Nicephorus
1394 2493 1498 2537 patr.
1516 2487 1640 2524 Brev.

229 2547 281 2576 crt
311 2555 344 2591 p

298 2610 392 2650 129.
451 2610 719 2648 coniecturam
760 2609 882 2648 modo
930 2609 1143 2649 adductam
1191 2609 1349 2649 videtur
1400 2610 1644 2662 confirmare,

186 2664 301 2714 quasi
336 2666 519 2704 Heraclio
550 2665 813 2705 dubitandum
843 2667 983 2705 fuisset
1014 2667 1064 2706 de
1092 2681 1231 2706 eorum
1257 2666 1335 2704 fide
1365 2668 1435 2718 qui
1467 2669 1504 2704 ei
1534 2672 1644 2703 erant

186 2733 209 2756 a
239 2721 437 2770 consiliis,
475 2722 580 2760 unde
604 2725 690 2774 ipse
721 2724 863 2762 merito
891 2737 1052 2762 omnem
1076 2737 1191 2763 suam
1216 2737 1329 2775 spem
1350 2724 1393 2760 in
1418 2722 1493 2760 deo
1519 2723 1645 2759 collo-

186 2777 313 2842 cavit,
345 2785 384 2816 et
411 2777 460 2816 de
489 2792 562 2818 suo
590 2780 632 2816 in
660 2779 867 2819 Persidem
892 2781 1071 2832 profectu
1100 2793 1236 2819 secum
1265 2780 1467 2818 consultus
1493 2777 1646 2816 delibe-

187 2840 344 2871 raverit.
