1890 3224
407 634 687 693 INDEX
758 637 1462 700 GRAMMATICUS.

198 885 315 946 ἄγαν]
361 888 544 937 ὄλιγοστοὶ
588 892 689 937 μάλα
708 895 910 952 πλείστους
953 895 1161 942 διακειμένη
1184 893 1225 932 ἐν
1245 895 1420 954 γειτόνων
1442 898 1477 941 9,
1494 899 1530 934 3
1583 897 1663 933 ἐπί-

244 932 340 981 ἄγαν
363 939 421 992 71,
445 940 478 974 5.
525 940 677 975 πλεῖστα
700 938 796 986 ἄγαν
818 943 908 990 βρα-

233 984 322 1036 χεία
343 966 445 1018 πάνυ
468 984 602 1026 85,15.

194 1025 317 1070 μέχρις
341 1028 499 1072 αιματος
521 1027 722 1066 ἀνελέσθαι
740 1031 810 1068 τὸν
830 1033 906 1069 κίν-

240 1073 355 1106 δυνον
379 1075 435 1116 67,
458 1075 513 1109 16.

195 1113 361 1172 ἀμφίνον
383 1120 418 1160 9,
440 1120 474 1154 7.

193 1159 423 1218 ἀνευφημεῖν
446 1162 598 1219 βασιλέα
621 1167 657 1210 4,
675 1168 734 1203 21.
758 1169 815 1214 32,
838 1171 873 1205 8.

191 1206 264 1253 τὴν
297 1206 406 1250 ἀξίαν
437 1209 634 1255 μάγιστρος
664 1215 722 1256 29,
753 1215 788 1249 6.
832 1227 903 1249 πα-

237 1254 387 1310 τ’(ρίκιος
389 1256 433 1310 6,
453 1255 506 1291 14.
535 1258 589 1299 10,
607 1259 641 1293 9.
666 1259 724 1302 67,
744 1261 799 1295 11.
833 1259 903 1305 τὴν

239 1297 350 1341 ἀξίαν
373 1296 421 1344 ἣν
443 1302 669 1339 κανδίδατον
699 1303 903 1362 κικλήσκειν

237 1343 330 1385 ἔθος
360 1348 460 1388 9,1.
508 1346 579 1392 τὴν
621 1347 730 1392 ἀξίαν
767 1349 817 1396 ἣν
852 1351 900 1397 δὴ

236 1392 447 1446 ᾒυαίστωρα
463 1395 616 1429 καλοῦσι
635 1398 690 1438 14,
707 1397 765 1432 23.
810 1365 902 1444 α’ξίᾳ

234 1432 285 1492 ἢν
307 1438 462 1472 καλοῦσι
479 1437 621 1495 κόμητα
638 1442 696 1486 36,
718 1443 751 1477 6.
796 1445 900 1499 λογο-

232 1480 353 1527 θέτην
388 1484 457 1519 τοῦ
501 1485 644 1530 δρομου
685 1485 756 1532 τὴν
790 1485 900 1532 ἀξίαν

233 1529 388 1563 καλοῦσι
410 1531 550 1584 83,12.

187 1570 482 1674 ἀπηὲορέυμέέἔι
495 1573 565 1655 {²312
585 1575 741 1623 θανάτῳ
763 1581 899 1621 81,18.

186 1630 258 1652 απι
283 1631 323 1652 ια
350 1630 394 1658 ας

183 1660 404 1707 ἀπογνῶναι
419 1662 487 1699 τὸν
501 1665 624 1708 πόρον
638 1667 694 1709 60,
703 1666 760 1702 24.
776 1668 832 1711 61,
841 1668 896 1704 12.

231 1710 299 1752 τῆς
322 1710 504 1765 σωτηρίας
525 1712 583 1753 65,
606 1711 642 1747 5.

184 1749 386 1810 ἀποτεμειν
408 1738 584 1798 Αρτέμιον
606 1756 633 1791 i.
653 1770 690 1803 q.
711 1754 894 1802 ’Λρτεμίου

229 1798 298 1844 τὴν
316 1799 482 1845 κεφαλὴν
504 1799 664 1847 ἐκτεμεῖν
686 1804 824 1848 63,16.

184 1843 361 1900 ἀρχοντία
383 1847 521 1888 50,15.

182 1888 382 1945 ἀσηκρῆτις
404 1871 541 1933 55,19.

180 1932 384 1978 ἀσπάζεται
418 1937 471 1971 τῶ
504 1938 647 1983 βασιλεῖ
676 1940 733 1982 18,
764 1940 798 1975 8.
843 1939 892 1975 τὰ

221 1980 308 2037 ,ἱεροὶ
331 1972 469 2025 35,14.

179 2025 422 2083 αὐτοκράτωρ
449 2029 517 2072 τῆς
539 2029 725 2076 βασιλείας
749 2031 889 2074 33,13.

180 2071 358 2129 ἀφνίδιος
378 2075 515 2118 39,17.

179 2117 224 2153 τὸ
251 2101 439 2174 ἀχυρώδες
460 2121 529 2155 τοῦ
554 2120 648 2156 λαοῦ
671 2121 729 2164 35,
752 2123 787 2158 7.

180 2163 386 2249 βαὲἒλεέῖειν
426 2166 455 2200 i.
494 2178 530 2212 q.
574 2147 729 2213 βασιλέα
767 2168 890 2203 ποιεῖν

178 2254 375 2310 genitivus]
408 2255 484 2290 τῶν
517 2255 740 2302 δορυφόρων
762 2255 890 2294 ἐπιόν-

223 2312 284 2340 τες
304 2297 503 2356 ἠπείγοντο
527 2303 640 2344 9,13.
686 2316 762 2338 των
783 2306 888 2339 πολι-

222 2348 299 2380 τῶν
322 2345 541 2400 αἰσθόμενοι
564 2346 763 2383 διεκωλυον
782 2350 836 2394 14,
852 2351 886 2405 4.

219 2390 290 2434 τὴν
312 2390 422 2427 πόλιν
443 2393 637 2437 Χερσιόνος
659 2395 715 2436 52,
737 2394 791 2430 14.
833 2396 884 2441 τῇ

218 2435 326 2472 πόλει
359 2438 521 2479 Νικαίας
538 2439 642 2494 ’,τῆς
648 2451 745 2474 κατα
768 2441 884 2475 Βιθυ-

217 2483 304 2519 νίαν
325 2483 458 2528 57,16.
505 2482 574 2524 τὰς
595 2482 732 2528 νήσους
753 2485 823 2528 τῆς
843 2498 883 2521 τε

220 2526 365 2617 Θήρέᾓ
373 2512 444 2610 ’gal
482 2530 671 2576 Θηρασίας
704 2530 883 2575 καλουμέ-

217 2585 285 2613 νας

171 2619 352 2674 γλυφαῖος
373 2620 464 2655 κίων
487 2622 619 2665 66,14

171 2663 422 2749 δαὲιὸανέματα
443 2666 501 2710 49,
524 2670 584 2705 21.
605 2668 662 2712 56,
681 2669 735 2706 12.
753 2668 810 2712 60,
824 2669 882 2705 21.

170 2753 330 2799 δημόται
349 2755 550 2813 χρωμάτων
566 2762 600 2803 4,
614 2761 668 2794 14.
678 2761 736 2795 20.
755 2760 810 2804 16,
821 2761 879 2797 22.

214 2799 254 2836 ἐκ
267 2814 352 2835 των
372 2814 574 2847 χρωματων
597 2805 653 2849 78,
677 2806 710 2841 6

264 2854 408 2900 Niceph.
439 2855 553 2893 const.

997 955 1098 979 νειον
1128 942 1225 987 πρὸς
1246 944 1291 989 τῇ
1313 924 1482 978 ’Λσιάτιδι
1508 944 1553 989 γῇ
1581 945 1661 978 δια-

995 988 1143 1046 κειμένη
1167 991 1224 1031 68,
1237 991 1272 1024 9.
1321 986 1360 1023 ἐν
1384 992 1591 1034 συμφοραῖς
1612 1002 1661 1025 τα

995 1002 1182 1079 Ῥωμαίων
1205 1015 1359 1070 διέκειτο
1384 1037 1440 1077 69,
1462 1039 1495 1072 1.

950 1080 1236 1119 διιππεύσαντος
1263 1077 1401 1134 χρόνου
1428 1061 1466 1122 8,
1492 1082 1526 1116 7.
1572 1077 1661 1124 ἠμέ-

996 1136 1079 1168 ραις
1100 1124 1174 1159 τισὶ
1196 1105 1477 1165 διιππευούσαις
1499 1126 1555 1166 76,
1573 1127 1606 1160 9.
1647 1150 1649 1152 -

949 1170 1176 1205 διωθεῖσθαι
1211 1170 1280 1214 τῆς
1317 1169 1503 1215 βασιλείας
1537 1152 1595 1212 33,
1623 1172 1661 1207 3.

994 1214 1034 1249 ἐκ
1065 1227 1142 1249 των
1173 1214 1367 1295 βασιλείων
1389 1216 1525 1257 32,16.
1572 1216 1659 1250 διω-

991 1262 1100 1296 θεῖτο
1123 1273 1171 1295 κα
1210 1258 1442 1305 ἀπηλαυνετο
1467 1261 1600 1304 80,13.

947 1307 1038 1351 δοχη
1030 1304 1123 1351 ’15
1144 1308 1177 1342 7.
1201 1307 1258 1349 59,
1282 1308 1317 1342 7.

947 1318 1150 1397 ἐγκλειστός
1171 1351 1472 1393 42,15.48,14.

947 1395 1129 1443 ἐγχειρίζει
1172 1397 1302 1432 Βωνον
1346 1408 1415 1437 τας
1460 1395 1657 1453 διοικήσεις

992 1444 1135 1499 17,18.
1183 1440 1478 1488 ἐγκεχειρισμένοι
1509 1441 1554 1478 τὸ
1588 1443 1656 1488 τῆς

990 1485 1110 1532 α’ρκῆς
1131 1489 1243 1530 3,13-

946 1534 1055 1575 εἰςὶ.
1067 1547 1120 1590 q.
1151 1514 1280 1576 ἐν20,
1312 1535 1368 1569 19.
1397 1533 1455 1574 67,
1485 1534 1542 1568 22.
1601 1528 1655 1573 εἰς

989 1577 1106 1612 ἀσκὸν
1139 1577 1333 1621 ἀπέδειρεν
1362 1575 1467 1632 αὐτῷ
1498 1576 1568 1622 τὴν
1590 1578 1654 1612 δο-

989 1620 1063 1667 ράν
1088 1624 1222 1665 13,12.
1268 1623 1321 1664 εἰς
1351 1619 1534 1668 ἄρχοντας
1562 1635 1653 1665 προ-

987 1636 1211 1723 βαλλόμενος
1233 1668 1367 1710 48,17.
1422 1668 1476 1708 εἰς
1498 1667 1654 1723 βασιλέα

984 1711 1277 1757 ἀναγορεύουσιν
1315 1713 1465 1755 55,18.
1535 1711 1653 1758 εὐφή-

983 1770 1080 1803 μουν
1095 1760 1151 1800 52,
1166 1761 1201 1794 8.
1247 1756 1373 1802 στέφει
1389 1758 1446 1799 48,
1461 1758 1518 1794 23.
1541 1760 1597 1802 64,
1613 1761 1648 1794 2.

984 1804 1038 1844 εἰς
1059 1803 1221 1849 γαμετὴν
1243 1802 1490 1848 κατηγγύησεν
1515 1806 1569 1847 10,
1587 1786 1649 1842 ’.10

984 1850 1038 1890 εἰς
1081 1853 1239 1905 γυναῖκα
1286 1849 1436 1883 δίδωσιν
1484 1850 1545 1892 18,
1593 1850 1649 1885 19.

981 1895 1038 1938 47,
1066 1896 1122 1931 13.
1179 1893 1326 1938 ἐξέδοτο
1349 1894 1409 1938 46,
1437 1895 1470 1930 8.
1517 1906 1648 1939 κατηγ-

981 1939 1114 1996 γύησεν
1140 1941 1198 1984 66,
1220 1941 1254 1978 5.
1306 1921 1432 1981 ἕτερον
1462 1939 1515 1980 εἰς
1525 1940 1646 1996 βασι-

980 1985 1047 2020 λέα
1076 1986 1127 2043 μὴ
1159 1967 1332 2042 δέχεσθαι
1355 1986 1412 2029 67,
1438 1985 1472 2020 5.
1517 1981 1648 2030 ἄγεται

981 2031 1035 2072 εἰς
1053 2030 1140 2067 υἱὸν
1157 2029 1318 2076 γαμετὴν
1336 2013 1501 2076 Εἰρήνην
1520 2032 1648 2075 86,16.

935 2074 1234 2133 ἐκστρατεύματα
1255 2079 1291 2119 6,
1314 2079 1350 2112 2.
1373 2078 1430 2120 28,
1452 2077 1487 2114 4.
1511 2078 1566 2118 62,
1589 2079 1622 2113 7.

934 2120 1105 2167 ἔμπειρος
1137 2120 1210 2167 τὴν
1244 2120 1392 2167 τοξικήν
1416 2123 1474 2165 21,
1495 2123 1582 2157 22.
1596 2121 1646 2157 τὰ

979 2168 1137 2213 πολέμια
1168 2169 1308 2212 36,19.
1354 2168 1430 2202 τῶν
1462 2167 1646 2211 πολεμίων

979 2215 1115 2256 44,18.
1168 2214 1221 2254 εἰς
1244 2211 1446 2268 οἰκοδομήν
1469 2214 1526 2253 85,
1549 2214 1584 2249 7.

933 2257 1132 2314 ἐμπολαῖος
1155 2269 1380 2302 συνεισφορα
1403 2260 1542 2301 28,12.

931 2303 972 2342 ἐν
994 2318 1040 2352 τη
1062 2303 1169 2340 πόλει
1192 2305 1371 2340 εἰσελθεῖν
1390 2306 1495 2346 29,1.
1543 2301 1644 2349 ἐξέρ-

975 2353 1108 2396 χεσθαι
1129 2350 1266 2393 57,16.
1312 2347 1352 2384 ἐν
1373 2361 1495 2395 τουτω
1518 2346 1643 2384 ἐλθεῖν

974 2399 1032 2442 32,
1056 2399 1090 2433 7.
1138 2394 1177 2430 ἐν
1210 2392 1327 2449 Ροόμῃ
1358 2384 1559 2450 ἐξέπεμψεν
1580 2395 1639 2439 48,

976 2445 1029 2480 12.
1099 2439 1139 2476 ἐν
1183 2440 1235 2487 τῷ
1281 2441 1391 2487 βυθῷ
1437 2438 1640 2486 ἀπέρριπτε

927 2487 1105 2578 ἓῖνὲξῗένῇ9
1113 2530 1198 2575 περὶ
1240 2530 1316 2565 τῶν
1347 2531 1484 2566 κοινῶν
1517 2528 1638 2566 ἕνεκεν

972 2580 1007 2622 6,
1021 2580 1054 2614 6.
1092 2573 1392 2633 περιυβρισμένος
1413 2577 1491 2622 τῆς
1503 2578 1639 2610 καθαι-

971 2622 1104 2667 ρέσεως
1148 2620 1268 2657 ἕνεκεν
1310 2623 1362 2666 (i.
1396 2634 1429 2658 e.
1471 2621 1535 2656 δια
1568 2621 1639 2664 τῆς

969 2666 1244 2712 καθαιρέσεως)
1267 2667 1302 2711 4,
1328 2668 1381 2703 13.
1437 2680 1514 2701 των
1540 2664 1636 2701 ἐκτε-

968 2713 1115 2749 θέντων
1139 2711 1259 2748 ἕνεκεν
1281 2725 1358 2748 των
1378 2711 1448 2748 δύο
1469 2710 1636 2756 θελημά-

969 2772 1042 2795 των
1067 2760 1124 2802 35,
1146 2761 1206 2795 21.

923 2803 1150 2844 ἐπεισπίπτει
1170 2802 1261 2849 τοὺς
1286 2803 1484 2895 cingimus
1503 2801 1561 2848 54,
1576 2804 1633 2842 17.
