1838 3210
507 175 845 230 DESCRIPTIO
878 175 924 221 S.
957 171 1208 225 SOPmAE.
1521 167 1581 212 15

262 302 310 346 οὗ
328 301 487 358 χρυσῆν
503 296 594 341 τινὰ
613 291 812 354 ράβδον’
787 293 849 335 αεὶ
874 289 1146 349 πρυκέλευθον
1169 283 1366 341 ἀνάκτων,

142 377 229 419 260
262 371 310 414 οὗ
332 367 506 428 στρατὸν
521 365 708 422 ἦνορέῃσι
727 361 969 415 κεκασμένον
986 357 1156 407 εἷίποὸος
1171 354 1291 412 ἥβης,

262 437 490 494 σύνδρομον
508 433 689 479 εὗόπλοιο
708 425 1014 487 μελαγκρήπιδα
1032 425 1245 470 κελεύθου.

263 507 449 561 ἐξαπίνης
464 503 505 548 ‹5'
528 501 720 560 ἑκάτερθε
738 500 949 556 συνέρρεον
967 495 1143 538 ἄλλοθεν
1163 493 1280 537 α’λλοι

198 628 202 632 ,
261 573 558 633 προφθαμένου
579 573 798 626 βασιλῆος·
834 563 1071 610 ἔπεκτυπεον
1088 564 1132 606 δὲ
1147 567 1280 617 βοεῒαι
1522 566 1589 600 130

264 645 424 701 ἀνδρῶν
444 641 717 695 στεινομένων,
752 635 938 691 κανάχιζε
957 635 1002 677 δὲ
1024 633 1220 690 συμμιγὲς
1239 629 1343 687 ἠχώ.

144 713 230 758 265
265 712 358 755 ἀλλ’
381 710 445 754 ὅτε
464 710 516 765 δὴ
536 708 641 768 κατὰ
659 706 756 762 νηὸν
774 705 946 748 εδύσατο
969 704 1037 746 καὶ
1054 700 1214 757 βάσιν
1200 701 1299 757 ε’γνω

267 780 455 834 δώματος
476 765 780 834 ἄστυφέλικτον,
813 772 912 827 ὅλην
933 771 1076 828 ἔτρεψε
1097 770 1283 824 μενοινὴν

266 850 308 900 ἐς
327 846 511 905 κορυφὴν
530 846 782 903 περίμετρον,
815 838 1074 898 ἐπευφήμησε
1100 840 1143 880 δὲ
1163 840 1304 894 τέχνην

265 918 333 960 καὶ
355 915 448 959 νόον
459 915 700 968 Ἀνθεμιόιο,
734 910 977 965 κεκασμένον
998 907 1170 965 ἔμφρονι
1188 910 1334 963 βουλῇ.
1527 909 1590 944 135

265 992 392 1035 κεῖνος
412 984 513 1040 ἀνὴρ
531 983 585 1026 τὰ
603 986 745 1039 πρῶτα
761 981 948 1034 θεμείλια
966 976 1120 1032 πήξατο
1138 979 1257 1030 νηοῦ,

149 1057 234 1099 270
268 1051 504 1108 εὖκαμάτων
521 1055 716 1108 βουλῇσιν
732 1046 1001 1106 ὑποδρήσσων
1016 1042 1240 1100 βασιλήων,

273 1123 401 1172 δεινὸς
421 1121 524 1178 ἀνὴρ
545 1121 612 1164 καὶ
633 1119 794 1175 κέντρον
813 1116 915 1159 ἑλεῖν
933 1117 1004 1158 καὶ
1024 1119 1162 1170 σχῆμα
1176 1111 1370 1171 χαράξαι,

267 1191 314 1241 ὃς
330 1191 477 1245 τοίχοις
497 1189 627 1244 ἐνέηκε
646 1187 765 1231 τόσον
783 1187 929 1236 σθένος
949 1185 1070 1228 ὅσσον
1087 1184 1226 1240 ἐρίζειν

268 1261 460 1314 δαίμονος
473 1257 668 1312 ἀντιβίοιο
688 1253 1009 1314 βαρυτλήτοισιν.
1020 1254 1180 1310 ε’ρωαΐς.
1528 1255 1593 1290 140

268 1328 317 1371 οὗ
338 1327 417 1385 γὰρ
437 1326 733 1383 ἄποτμηγέντος
754 1322 982 1383 ἓρικνήμοιο
1002 1320 1182 1380 καρήνου

148 1398 234 1440 275
269 1396 462 1448 ὤκλασεν,
491 1394 586 1438 ἀλλ’
611 1393 807 1449 ἇδόνητον
831 1390 1040 1451 ἐϋκρήπιδι
1061 1391 1242 1446 θεμείλῳ

269 1464 379 1519 ἴχνος
400 1461 667 1520 ἓπεστήριξεν,
702 1464 766 1505 ἐπὶ
782 1462 1013 1519 προτέροισι
1031 1459 1075 1502 δὲ
1093 1459 1244 1511 τοίχοις

269 1530 444 1587 iamim
464 1529 657 1585 μεγάλοιο
678 1531 781 1585 παρ’
806 1530 1046 1580 Αὐσονίοισι
1058 1524 1225 1567 θοώκου

271 1594 386 1650 αὖτις
403 1595 640 1653 ἀμωμήτοιο
655 1595 779 1654 χάριν
796 1593 1016 1651 δωμήσατο
1036 1591 1202 1651 κόρσης.
1534 1596 1598 1632 145

331 1667 456 1710 Ἀλλὰ
474 1668 535 1717 τίς
559 1665 608 1709 ἂν
625 1666 814 1721 μέλψειεν
834 1664 946 1715 ὅπως
961 1661 1163 1719 ὗψαῦχενι
1182 1657 1325 1720 κόσμῳ

153 1738 239 1779 280
270 1735 368 1792 νηὸν
389 1734 661 1791 ἅνεζῶγρησες
695 1735 757 1785 τίς
777 1731 917 1790 ἄρκιός
936 1734 1020 1775 ἐστι
1040 1729 1221 1788 χαράξαι

270 1809 394 1859 μῆτιν
416 1802 661 1860 ἇριστώδινα
679 1799 990 1858 πολυσκήπτρου
1007 1804 1228 1854 „Sami-5709,-

230 1897 299 1933 259
320 1896 456 1943 χρυσῆς
478 1896 603 1932 codex.
801 1895 1045 1941 rhomphaeas,
1082 1895 1126 1930 de
1150 1894 1276 1941 quibus
1299 1895 1374 1929 dixi
1395 1895 1440 1930 ad
1457 1893 1599 1929 Alexia-

229 1943 286 1977 dis
309 1955 346 1989 p.
368 1944 425 1978 13.
471 1942 568 1977 Duc.
706 1942 775 1978 273
797 1942 955 1976 Daemon
978 1942 1174 1977 contrarius
1198 1941 1328 1976 dicitur
1357 1941 1395 1975 in
1413 1941 1534 1986 Epist.
1558 1942 1599 1974 S.

230 1988 415 2025 Barnabae
438 1992 474 2024 et
496 1988 630 2034 aliquot
653 1987 858 2023 Glossariis.
881 1988 978 2022 Duc.
1140 1989 1210 2024 277
1231 1984 1398 2027 θοώκοις
1419 1998 1553 2031 margo.

140 2078 221 2103 reas
248 2066 325 2102 illas
356 2079 498 2103 secures
524 2078 614 2113 quae
635 2067 866 2121 imperatores
886 2078 1026 2111 semper
1049 2067 1286 2120 praecedunt,
1316 2077 1387 2100 non
1410 2067 1601 2102 exercitum

139 2114 236 2149 illum
264 2125 309 2148 ex
330 2117 474 2149 strenua
499 2119 536 2148 et
564 2113 672 2148 alacri
692 2112 876 2147 iuventute
898 2113 1109 2157 conflatum,
1138 2111 1251 2156 nigris
1273 2112 1444 2157 insignem
1467 2113 1602 2158 caligis,

141 2159 206 2205 qui
226 2159 419 2205 principem
439 2171 505 2206 per
526 2158 603 2194 vias
625 2158 784 2194 comitari
805 2158 896 2193 solet
917 2163 1082 2193 armatus.
1130 2159 1323 2203 derepente
1343 2158 1498 2202 undique
1517 2171 1601 2193 con-

141 2206 278 2241 fluxere
299 2205 361 2240 alii
383 2205 532 2250 aliunde,
557 2206 658 2250 (130)
682 2210 875 2251 praeeunte
890 2205 1114 2250 imperatore.
1160 2205 1337 2248 fragorem
1358 2204 1502 2239 edidere
1517 2217 1602 2240 con-

141 2252 312 2286 sertorum
334 2252 490 2287 virorum
510 2251 636 2306 clipei,
670 2252 849 2285 confusum
869 2261 992 2285 sonum
1015 2250 1100 2284 echo
1121 2251 1307 2286 reddebat.
1354 2256 1393 2285 at
1415 2262 1492 2285 cum
1513 2258 1604 2287 tem-

141 2297 238 2343 plum
263 2297 373 2332 subiit
395 2303 432 2333 et
452 2297 522 2332 ima
542 2297 640 2332 aedis
661 2297 761 2332 firma
779 2297 942 2341 agnovit,
980 2307 1114 2331 omnem
1142 2308 1259 2331 curam
1282 2297 1459 2332 convertit
1481 2298 1526 2333 ad
1547 2310 1608 2332 ro-

142 2343 287 2378 tundum
305 2343 498 2389 fastigium.
519 2342 679 2379 laudavit
693 2354 780 2378 vero
801 2343 902 2387 (135)
927 2346 1037 2378 artem
1059 2347 1095 2378 et
1112 2343 1278 2388 prudenti
1294 2343 1501 2379 instructam
1523 2356 1608 2379 con-

143 2388 224 2424 silio
245 2394 394 2424 mentem
415 2389 604 2424 Anthemii.
627 2389 685 2423 vir
706 2389 766 2423 ille
784 2389 934 2434 primum
953 2388 1087 2424 iecerat
1107 2394 1202 2434 temp
1203 2389 1229 2424 li
1246 2390 1486 2434 fundamenta,
1507 2390 1610 2425 labo-

143 2435 316 2470 riosorum
345 2435 592 2490 imperatorum
624 2436 810 2470 obsecutus
841 2435 1036 2480 mandatis,
1076 2435 1131 2470 vir
1152 2436 1334 2470 admodum
1355 2435 1548 2470 industrius
1572 2436 1609 2470 in

145 2480 308 2524 eligendo
332 2487 452 2516 centro
477 2487 515 2517 et
535 2482 574 2516 in
599 2481 720 2516 formis
745 2481 982 2516 aedificiorum
1004 2481 1243 2525 delineandis3
1267 2482 1328 2527 qui
1350 2482 1457 2516 muris
1475 2487 1609 2516 tantum

144 2526 272 2561 tribuit
292 2527 467 2562 firmitatis
490 2533 656 2582 quantum
676 2528 764 2563 satis
787 2531 876 2572 erat,
899 2532 939 2562 ut
960 2539 1037 2562 cum
1058 2528 1227 2562 contrarii
1251 2533 1286 2562 et
1307 2528 1498 2562 obnitentis
1522 2529 1608 2562 dae-

146 2571 258 2606 monis
288 2573 507 2608 intolerando
535 2574 669 2628 impetu
702 2575 915 2614 contendere
937 2579 1096 2620 possent.
1144 2573 1245 2618 (140)
1270 2585 1385 2619 neque
1408 2574 1499 2607 enim
1523 2586 1609 2619 pro-

147 2617 364 2671 cubuerunt,
399 2620 536 2655 excelso
559 2620 694 2655 vertice
720 2619 873 2654 avulso·
886 2621 949 2655 sed
972 2631 1173 2654 concussam
1196 2619 1298 2654 imam
1320 2624 1455 2665 partem
1479 2620 1607 2654 firmis-

147 2663 234 2701 simo
256 2646 480 2700 fundamento
503 2666 715 2701 sustentavit
738 2665 853 2711 magni
875 2666 1110 2701 Romanorum
1132 2666 1270 2720 imperii
1291 2671 1421 2710 rector,
1446 2666 1548 2710 (145)
1574 2670 1611 2697 et

146 2719 290 2789 sapert
293 2711 400 2746 muris
440 2712 618 2757 prioribus
663 2724 797 2748 rursum
834 2712 1126 2759 praestantissimi
1162 2711 1306 2747 verticis
1346 2713 1508 2746 decorem
1546 2722 1608 2744 ex-

147 2766 164 2789 s
200 2766 260 2789 uxi

240 2800 313 2835 Sed
336 2801 415 2846 quis
437 2809 576 2839 enarret
598 2809 637 2839 ut
660 2803 846 2839 ambitioso
866 2808 992 2839 ornatu
1018 2803 1181 2848 templum
1203 2801 1484 2837 instauraverit?
1530 2799 1608 2844 quis

148 2856 214 2891 par
238 2852 294 2883 est
325 2847 571 2895 exprimendae
604 2850 725 2887 verbis
758 2861 959 2896 magnorum
990 2861 1134 2896 operum
1166 2848 1338 2885 effectrici
1375 2845 1608 2894 potentissimi
