1838 3210
515 189 849 241 DESCRIPTIO
882 195 926 240 S.
959 194 1207 242 SOPHIAE.
1499 193 1593 241 139

142 309 215 349 τοῦ
233 306 352 348 θείου
368 306 658 359 θυσιαστηρίου
680 304 918 360 ἷδρυμένων,·
947 307 1017 345 ubi
1035 309 1164 346 soleas
1182 319 1348 345 numero
1365 305 1594 344 multitudi-

141 367 205 403 nis
228 364 395 402 efferunt
414 365 622 414 scriptores
639 365 727 412 isti,
759 377 849 401 cum
867 365 974 401 solea
991 378 1071 402 non
1094 363 1184 402 aedi
1204 363 1398 411 duntaxat
1416 362 1592 416 Sophia-

141 434 218 458 nae
237 422 397 473 propria
415 421 554 469 fuerit,
585 419 656 458 sed
674 419 791 458 aedes
811 433 949 459 omnes
971 433 1103 458 sacrae
1128 433 1219 459 suas
1240 421 1366 459 soleas
1386 418 1593 458 haberent.

141 476 264 530 idque
294 479 388 515 satis
413 484 615 529 praeterea
645 478 843 528 colligitur
871 491 922 514 ex
950 479 1084 515 Leone
1106 478 1372 514 Grammatico
1392 491 1433 528 p.
1453 477 1536 518 450
1555 483 1595 514 et

143 532 248 583 451,
287 535 358 571 ubi
384 535 566 571 meminit
595 535 793 572 solearmn
817 533 977 571 aedium
1000 532 1303 571 Blachernensis
1327 540 1365 570 et
1395 534 1436 571 S.
1460 535 1594 571 Mocii.

142 597 182 627 at
202 603 303 642 quae
323 604 412 642 pars
433 591 501 628 illa
520 593 570 628 sit
589 591 750 642 templi,
785 591 990 641 ambigunt
1010 590 1202 628 doctiores
1223 604 1296 627 nec
1315 591 1417 627 inter
1435 603 1476 627 se
1497 603 1596 627 con—

143 650 339 694 sentiunt3
379 660 473 698 prae
504 649 641 684 ceteris
667 661 760 685 vero
789 646 1059 685 doctissimam
1089 655 1127 685 et
1155 648 1399 684 luculentam
1419 659 1464 683 ea
1485 645 1534 683 de
1553 660 1597 683 re

135 702 459 741 dissertationem
479 705 647 741 instituit
663 706 745 742 Leo
765 705 936 742 Allatius
954 705 982 741 l.
1009 706 1027 743 1
1050 705 1290 756 συμμίκτων,
1318 704 1388 740 ubi
1410 702 1597 741 discussis

142 761 377 812 scriptorum
401 762 605 798 sententiis
631 773 744 798 suam
765 762 850 811 ipse
880 760 1093 808 stabilivit,
1138 759 1320 812 dixitque
1341 761 1492 797 soleam
1511 773 1597 797 esse

142 817 293 866 basim,
331 817 563 854 fulcimenta
589 829 635 854 ac
661 824 794 868 partes
815 817 1020 854 inferiores
1038 817 1206 854 tabulati
1225 817 1452 864 cancellati,
1493 829 1596 868 quae

143 873 293 911 solidae
317 870 401 910 fieri
428 874 577 920 solent3
622 886 674 910 ex
692 886 794 925 quo,
828 875 981 925 inquit,
1020 873 1170 910 factum
1197 880 1335 924 postea
1354 880 1399 910 ut
1423 875 1597 924 spatium

142 929 243 966 illud
262 928 369 981 quod
389 935 478 966 ante
505 930 634 980 ipsam
653 931 803 968 soleam
826 928 1124 978 effundebatur,
1165 930 1273 967 solea
1303 928 1381 966 dici
1411 931 1599 980 coeperit.

144 987 208 1023 cui
226 985 390 1038 quidem
410 987 626 1023 sententiae
646 987 781 1024 favere
796 985 954 1024 videtur
974 987 1133 1023 lexicon
1156 986 1224 1023 Gr.
1243 999 1305 1023 ms
1322 987 1364 1023 in
1382 985 1481 1023 bibl.
1497 987 1598 1036 Reg.

144 1042 232 1080 cod·
252 1043 386 1082 2062:
424 1041 575 1096 κιγκλὶς
601 1040 646 1083 τό
666 1045 740 1083 τοῦ
762 1044 1017 1094 δικαστηρίου
1036 1039 1230 1095 κάγκελον
1252 1039 1283 1094 ἢ
1301 1041 1331 1094 ἦ
1349 1041 1494 1091 σωλὲα,
1526 1055 1599 1079 seu

143 1105 188 1136 ut
207 1098 327 1136 habet
347 1098 455 1135 aliud
473 1100 633 1136 lexicon
645 1129 656 1148 ‚
701 1099 808 1151 quod
833 1100 1060 1137 inscribitur
1079 1099 1286 1147 Στέφανος
1303 1097 1466 1147 λέξεων,
1509 1097 1599 1136 cod.

145 1157 265 1203 1688,
297 1151 327 1207 ἦ
343 1154 374 1207 ἦ
393 1157 467 1195 τοῦ
487 1155 596 1206 ἱεροῦ
615 1158 784 1205 σωλαῖα,
813 1157 868 1193 ita
887 1163 932 1192 ut
951 1169 1075 1192 unum
1094 1154 1277 1192 videatur
1294 1168 1379 1193 esse
1399 1156 1598 1192 cancellus

144 1218 184 1248 et
201 1212 324 1249 solea.
382 1225 520 1248 verum
539 1212 612 1249 etsi
631 1219 780 1249 certum
801 1214 852 1250 sit
871 1213 1021 1249 soleam
1043 1212 1289 1263 appellatum
1307 1213 1479 1262 spatium
1495 1210 1600 1248 illud

144 1267 252 1320 quod
273 1269 460 1306 cancellis
481 1269 650 1311 bematis
671 1269 970 1317 obversabatur,
1009 1281 1089 1305 non
1108 1267 1199 1305 ideo
1220 1275 1356 1305 tamen
1378 1281 1400 1305 a
1421 1268 1503 1304 solo
1522 1269 1598 1305 isto

144 1337 216 1362 seu
234 1325 320 1362 basi
339 1325 603 1362 cancellorum
618 1339 764 1363 nomen
787 1326 976 1376 sumpsit,
1007 1324 1077 1362 sed
1097 1327 1228 1376 potius
1251 1337 1273 1361 a
1294 1324 1375 1361 solo
1395 1325 1461 1366 vel
1484 1325 1601 1375 pavi-

143 1387 278 1418 mento
300 1380 476 1429 editiori,
512 1381 618 1433 quod
639 1380 821 1419 hocloco
840 1383 958 1419 altius
981 1382 1192 1418 eminebat.
1251 1380 1358 1418 unde
1383 1387 1486 1418 recte
1511 1382 1603 1418 Me-

143 1436 292 1474 nardus
310 1436 362 1474 ad
383 1438 530 1474 librum
547 1438 790 1475 Sacrament.
810 1439 990 1488 Gregorii
1010 1445 1048 1475 et
1069 1439 1220 1475 Goarus
1242 1436 1293 1474 ad
1307 1436 1603 1489 Euchologium

144 1506 225 1531 non
241 1507 320 1531 uno
338 1494 426 1531 loco
449 1494 599 1531 soleam
620 1494 806 1532 dixerunt
825 1508 910 1532 esse
929 1496 1202 1545 pavimentum
1215 1496 1452 1531 eminentius
1472 1495 1603 1532 eccle-
1628 1493 1659 1528 P
1684 1494 1754 1531 585

145 1552 249 1599 siae,
280 1549 388 1602 quod
408 1558 467 1588 est
487 1557 576 1588 ante
592 1551 698 1589 fores
719 1553 899 1599 sacrarii,
927 1553 1032 1588 inter
1049 1549 1213 1588 chorum
1233 1558 1272 1588 et
1291 1552 1506 1588 sacrarium
1519 1580 1530 1599 ,
1560 1553 1604 1589 in

145 1619 224 1659 quo
245 1614 303 1644 est
319 1608 456 1655 altare,
484 1606 705 1645 cuiusmodi
725 1607 893 1645 describi
912 1606 1070 1644 videtur
1089 1620 1111 1644 a
1131 1609 1266 1645 Leone
1286 1609 1456 1645 Ostiens.
1477 1610 1502 1649 3
1527 1610 1603 1649 27:

143 1663 216 1700 sed
234 1663 342 1700 illud
359 1665 574 1714 praecipue
609 1664 717 1715 quod
739 1678 849 1701 secu-s·
876 1663 1005 1700 altare
1033 1670 1091 1700 est
1115 1670 1154 1700 et
1180 1665 1224 1701 in
1244 1663 1360 1701 choro
1362 1693 1379 1710 ,
1405 1664 1606 1715 gradibus·

144 1719 229 1756 illis
254 1719 398 1771 quibus
425 1720 484 1757 ad
507 1721 610 1757 idem
626 1721 755 1757 altare
770 1720 1014 1766 ascenditur,
1054 1721 1195 1757 crustis
1210 1722 1472 1770 pretiosorum
1495 1734 1607 1757 mar-

145 1789 300 1813 morum
328 1777 480 1813 decenti
508 1777 696 1813 varietate
720 1777 913 1813 distinxit.
973 1776 1016 1813 id
1045 1789 1140 1813 sane
1168 1779 1353 1814 evincunt
1375 1790 1456 1814 non
1483 1776 1604 1815 modo

147 1833 277 1870 simile
296 1834 569 1883 pavimentum
588 1834 791 1884 aliquanto
812 1832 956 1869 editius
969 1861 979 1880 ,
1019 1831 1127 1884 quod
1149 1833 1192 1868 in
1211 1834 1452 1870 nostratibus
1473 1834 1605 1870 eccle-

147 1890 217 1927 siis
237 1887 402 1940 perinde
423 1887 486 1926 his
503 1889 600 1927 locis
622 1884 882 1940 conspicitur,
922 1887 994 1926 sed
1022 1890 1143 1925 etiam
1170 1901 1288 1926 voces
1305 1890 1605 1927 Graecobarba-

147 1958 236 1993 rae,
271 1943 296 1986 ὁ
317 1944 472 1994 σολέας,
511 1949 681 1993 σολεῖος,
722 1944 752 1995 ἠ’
772 1944 906 1993 σολέα,
937 1943 962 1985 o‘
991 1945 1128 1992 σολέας
1158 1951 1197 1982 et
1223 1944 1252 1997 ἦ
1283 1946 1427 1994 σωλία,
1458 1946 1603 1997 quibus

146 2008 312 2039 utuntur
332 2004 481 2053 passim
508 2003 716 2054 scriptores
738 2002 966 2054 BYzantini,
1005 2003 1072 2053 qui
1101 2014 1166 2039 eas
1193 2001 1356 2039 indubie
1390 2000 1603 2039 hauserant

146 2058 214 2096 vel
240 2071 263 2095 a
277 2060 429 2096 Latinis
457 2060 649 2111 sequioris
672 2060 760 2096 aevi
779 2059 844 2096 vel
862 2059 910 2095 ab
928 2059 1052 2106 Italis,
1083 2058 1319 2110 quibuscum
1338 2071 1495 2110 semper
1514 2071 1604 2095 ma-

149 2127 275 2165 gnum
295 2114 468 2152 habuere
487 2117 782 2153 commercium.
840 2116 987 2167 quippe
1009 2114 1115 2166 apud
1134 2116 1255 2152 Italos
1275 2115 1464 2167 quicquid
1484 2127 1604 2166 supra

146 2172 420 2222 paviinentum
440 2174 629 2223 tantisper
647 2173 808 2220 eminet,
837 2172 985 2223 soglia,
1014 2178 1059 2208 ut
1080 2170 1185 2223 apud
1203 2173 1374 2210 Francos
1393 2172 1512 2216 send,
1532 2185 1604 2209 seu

149 2227 293 2264 solium
319 2227 484 2266 dicitur:
522 2228 628 2266 uude
654 2231 829 2280 primum
857 2236 993 2280 portae
1018 2228 1184 2279 gradum
1213 2242 1284 2266 seu
1306 2228 1446 2266 domus
1477 2230 1605 2266 limen

150 2283 188 2320 le
208 2284 311 2321 senil
330 2285 378 2322 de
406 2285 448 2321 la
465 2293 580 2335 porte
601 2298 899 2336 nuncupamus,
936 2287 1108 2336 primam
1132 2298 1278 2336 nempe
1308 2292 1346 2323 et
1373 2287 1604 2323 inferiorem

148 2341 315 2389 trabem,
346 2343 409 2379 cui
426 2348 552 2379 totum
571 2342 796 2379 aedificium
812 2343 991 2393 ligneum
1007 2343 1164 2390 insistit,
1197 2349 1235 2378 et
1255 2354 1375 2393 quam
1397 2348 1606 2379 transcen-

152 2396 244 2434 dere
267 2405 423 2435 tenetur
452 2400 521 2450 qui
550 2398 714 2436 domum
743 2399 829 2435 vult
857 2398 1035 2449 ingredi,
1067 2411 1168 2450 quae
1189 2399 1352 2450 quidem
1369 2400 1476 2436 trabs
1501 2398 1608 2435 seule

150 2461 313 2491 vocatur
337 2457 378 2491 in
413 2455 696 2493 consuetudine
723 2456 956 2506 municipali
974 2456 1251 2492 Aurelianensi
1271 2461 1343 2491 art.
1363 2455 1445 2495 238
1475 2461 1514 2491 et
1534 2456 1608 2492 Ni-

149 2512 334 2548 vernensi
355 2524 440 2562 cap.
456 2513 508 2552 26
530 2519 600 2549 art.
621 2514 646 2553 8
668 2519 705 2550 et
727 2513 793 2559 11,
814 2512 961 2549 soulier
978 2513 1019 2549 in
1042 2511 1182 2549 eadem
1200 2512 1435 2549 Nivernensi
1454 2524 1539 2562 cap.
1557 2512 1611 2551 10

153 2572 225 2602 art.
251 2570 320 2614 10,
360 2574 404 2604 ut
424 2569 661 2606 Florentinis
683 2567 855 2619 sogliare
866 2583 881 2616 ;
911 2568 971 2605 sol
988 2570 1029 2605 in
1048 2569 1237 2605 Remensi
1255 2574 1327 2604 art.
1346 2569 1448 2616 377,
1486 2568 1611 2603 soline

153 2623 194 2658 in
213 2623 471 2661 Ambianensi
490 2632 562 2662 art.
590 2627 681 2666 198.
718 2623 790 2662 sed
810 2632 848 2662 et
871 2623 977 2676 apud
997 2626 1168 2662 Graecos
1187 2625 1424 2661 recentiores
1442 2625 1612 2663 σωλείαν

153 2677 312 2715 aedium
336 2683 563 2731 quarumvis
586 2682 710 2719 fuisse
732 2689 887 2732 partem
905 2681 1019 2719 docet
1036 2683 1215 2719 Lexicon
1234 2682 1302 2717 Gr.
1320 2693 1383 2717 ms
1401 2693 1500 2717 mox
1519 2681 1611 2717 lau-

155 2734 312 2772 datum:
352 2738 484 2782 σολία,
520 2734 651 2789 χώρα·
695 2738 839 2778 σωλεία
869 2736 912 2778 δὲ
936 2736 966 2788 ’ἡ
990 2741 1063 2777 τοῦ
1086 2737 1220 2785 οἴκου,
1249 2749 1395 2788 nempe
1415 2732 1514 2787 φλιοὶ
1540 2747 1610 2772 seu

153 2792 301 2829 limen:
347 2798 406 2828 est
433 2794 539 2829 enim
565 2793 802 2832 academicis
826 2795 1035 2832 Cruscanis
1067 2793 1198 2844 soglia
1221 2794 1357 2843 pietra
1384 2806 1406 2828 ο
1435 2791 1611 2834 scalone,

154 2849 252 2885 dove
263 2861 416 2899 posano
432 2847 497 2899 gli
511 2849 637 2899 stipiti
657 2850 724 2887 del
737 2851 858 2888 nscio.
918 2852 1053 2903 itaque
1067 2879 1078 2900 ,
1109 2851 1143 2887 si
1166 2850 1266 2887 bene
1286 2861 1475 2900 auguror,
1505 2846 1612 2884 solea
