1890 3224
275 165 338 213 54
751 170 985 214 GEORGII
1017 170 1228 216 PISID‘AE

492 284 557 325 καὶ
580 282 671 339 πρὶν
694 281 879 337 γενέσθαι
900 283 994 333 τοὺς
1017 281 1206 338 συνήθεις
1229 282 1430 341 ὅμφακας,

488 350 666 407 καρποὺς
688 351 850 405 ἐνεγκεῖν
873 349 1048 408 ὥρίμους
1067 350 1277 407 ἠνάγκασε.

319 452 335 465 .
377 421 454 460 16.)
561 418 677 459 Θέλω
698 419 741 459 δὲ
762 417 914 461 τούτων
934 419 1008 469 τὰς
1029 419 1219 476 ἀφορμὰς
1239 424 1318 462 τῶν
1339 417 1466 476 λόγων

488 484 543 535 ὡς
564 485 636 539 τὴν
655 483 819 541 ἔναγχος
840 487 1053 543 ἱστορῆσαί
1071 503 1134 530 σοι
1154 486 1301 542 μάχην.

488 553 579 595 ἀλλ’
608 553 650 603 ἐξ
675 553 842 595 ἒναύλου
863 559 936 596 τοῦ
959 552 1090 611 φόβου
1119 557 1398 610 συστέλλομαι,

488 622 554 663 καὶ
577 622 702 676 μηδὲν
724 624 843 664 εἷπεῖν
865 621 919 672 ὥς
936 623 1045 665 θέλω
1065 621 1270 677 βιάζομαι.
1295 647 1300 653 -

490 688 599 742 ὅμως
619 687 639 730 ὃ
661 687 821 732 πάντων
841 689 1124 747 εἷκονογράφος
1145 689 1260 747 λόγος

378 757 458 797 170
491 758 558 799 καὶ
581 761 708 799 ταῦτα
730 758 890 814 μέτροις
912 765 1102 813 τεχνικοῖς
1120 756 1379 816 συναρμόσοι,

492 823 548 875 ῶς
570 825 718 874 παντὸς
739 825 854 882 ἔργον
880 826 1095 882 πρακτικὸς
1116 825 1401 883 καλλιγράᾳος.

541 890 604 933 ‘H
622 893 694 946 μὲν
721 892 818 948 ζάλη
841 893 1049 950 σφύζουσα
1071 899 1150 936 τῶν
1172 895 1358 936 ἐναντίων

492 958 666 1013 ἐπῆλθεν
690 959 807 1015 ἡμῖν,
843 960 898 1012 ῶς
922 961 1076 1019 ἄμετρα
1098 961 1272 1016 κύματα,
1394 959 1397 961 ,

491 1026 565 1080 τὴν
586 1026 761 1082 ψάμμον
783 1027 1013 1072 ἕκπτύσασα
1035 1029 1107 1084 τὴν
1129 1034 1209 1072 τῶν
1231 1027 1469 1086 βαρβάρων.

378 1095 458 1138 175
493 1094 538 1136 τὸ
558 1095 634 1151 γὰρ
656 1095 777 1138 κακὸν
800 1095 969 1152 φύσημα
988 1102 1060 1151 τῆς
1082 1096 1248 1156 Θρᾴκης
1268 1098 1363 1152 ὅλης

487 1167 665 1215 χειμῶνα
685 1167 844 1205 πολλῶν
865 1165 907 1206 ἔκ
928 1169 1060 1221 νεφῶν
1083 1165 1324 1220 συνηγμένον

490 1228 643 1286 ἤγειρεν
661 1229 756 1285 ἡμῖν
778 1232 820 1281 ἐξ
844 1229 1017 1287 ἀνάγκης
1038 1233 1079 1274 ἓν
1099 1233 1234 1288 θέρει·

491 1297 571 1338 ἐπεὶ
596 1299 639 1339 δὲ
660 1298 799 1340 λοιπὸν
818 1301 985 1354 πλησίον
1005 1303 1077 1354 τῆς
1097 1298 1269 1349 ὁλκάδος

490 1368 561 1418 τῆς
583 1369 658 1419 σῆς
680 1370 885 1422 προῆλθεν
909 1365 935 1421 ἦ
961 1367 1062 1419 ζέσις
1081 1372 1154 1410 τοῦ
1173 1366 1397 1422 πνεύματος

379 1435 459 1475 180
494 1434 560 1473 καὶ
582 1438 790 1487 πανταχοῦ
811 1436 992 1485 κίνδυνος
1011 1430 1061 1490 ἦν
1080 1435 1300 1492 ἠρτημένος

493 1501 602 1553 (πᾶν
622 1501 699 1557 γὰρ
723 1502 767 1543 τὸ
790 1500 934 1544 κύκλον
955 1507 1028 1544 τοῦ
1048 1502 1231 1560 σκάφους
1255 1501 1446 1556 ε’βάπτετο
1456 1506 1491 1557 ),

493 1567 616 1617 αὐτὸς
636 1569 847 1625 παραστὰς
865 1577 948 1619 τοῖς
969 1571 1209 1620 ἓπιπλωταῒς
1230 1570 1350 1622 ὅλοις.

492 1633 575 1676 ἅνω
598 1652 639 1677 τε
663 1640 789 1678 ποιῶν
811 1638 976 1687 ἐκτενῶς
994 1637 1064 1679 τὸν
1086 1638 1247 1691 αὐχένα,

494 1706 593 1744 πᾶσι
614 1701 802 1760 παρῄνεις
823 1703 922 1747 ὥστε
943 1709 1015 1760 τῆς
1036 1703 1236 1762 ἁμαρτίας

380 1771 457 1813 185
493 1768 694 1825 ἄχρηστον
712 1770 809 1813 ὄντα
830 1772 887 1826 μὴ
907 1774 1116 1829 παρέλκειν
1135 1773 1205 1815 τὸν
1229 1770 1384 1823 στόλον,

493 1837 587 1878 ἀλλ’
617 1839 797 1892 ἐκβαλεῖν
820 1840 987 1882 ἕκαστον
1007 1841 1051 1882 ἐκ
1073 1845 1145 1895 τῆς
1168 1842 1337 1898 καρδίας

496 1904 549 1947 τὰ
569 1910 649 1949 τῶν
670 1912 864 1965 περιττῶν
884 1909 1060 1966 φορτίων
1079 1907 1315 1966 βαρήματα,

372 2031 437 2067 174
459 2030 668 2069 ἓκπτῦουσα
696 2034 754 2070 ed.
875 2037 941 2072 176
962 2034 1190 2080 συνημμένον
1215 2036 1258 2071 ed
1388 2037 1454 2072 180
1475 2033 1676 2080 ἠρτυμένος
1699 2035 1728 2068 Ρ

371 2079 436 2113 181
460 2076 578 2124 κύκλῳ
591 2080 611 2113 ’.7
749 2081 814 2116 182
836 2080 998 2127 παριςὰς
1020 2082 1154 2118 codices
1178 2087 1213 2117 et
1235 2081 1279 2117 ed

278 2190 388 2222 autem
410 2190 492 2224 tuae
517 2189 598 2224 fidei
623 2191 764 2232 fervor,
789 2192 981 2237 priusquam
997 2193 1096 2228 etiam
1111 2194 1199 2228 sueti
1218 2193 1421 2240 pullularent
1435 2193 1633 2239 omphaces‚
1656 2192 1731 2226 fru-

276 2239 351 2267 ctus
369 2234 494 2268 efferre
508 2240 656 2270 maturos
673 2237 794 2280 coegit.
842 2239 943 2282 (165)
963 2239 1114 2283 equidem
1131 2240 1227 2273 velim
1243 2251 1354 2273 rerum
1371 2239 1558 2273 huiusmodi
1571 2239 1732 2280 rationes,

278 2289 388 2322 aeque
405 2290 445 2312 ac
464 2285 635 2324 peractum
660 2285 767 2326 nuper
789 2282 980 2317 describere
1005 2284 1143 2327 bellum;
1165 2285 1225 2318 sed
1241 2285 1370 2319 recenti
1388 2285 1498 2318 adhuc
1511 2285 1650 2318 horrore
1668 2283 1733 2316 de·-

278 2326 433 2365 terreor,
464 2329 499 2357 et
516 2325 560 2358 ad
576 2326 771 2369 dicendum,
794 2332 833 2361 ut
861 2328 1003 2369 vellem,
1027 2330 1154 2363 animus
1169 2330 1298 2365 deficit.
1345 2334 1492 2364 attamen
1507 2339 1732 2374 quarumcun-

279 2379 346 2413 que
359 2380 469 2402 rerum
486 2369 597 2414 pictor
613 2382 722 2405 sermo
747 2373 847 2417 (170)
873 2373 956 2407 haec
971 2374 1070 2408 etiam
1087 2375 1259 2410 industriis
1273 2375 1487 2409 concinnabit
1504 2374 1664 2415 modulis,
1691 2378 1732 2408 ut

277 2424 389 2448 rerum
414 2415 556 2449 omnium
584 2416 730 2462 scriptor
755 2418 894 2471 peritus,
941 2419 1074 2453 horrida
1099 2421 1232 2465 quidem
1249 2422 1409 2465 ingruens
1423 2421 1630 2454 inimicorum
1643 2423 1732 2454 tem-

276 2463 394 2504 pestus
420 2471 482 2494 nos
511 2471 612 2506 super
637 2462 806 2505 incubuit,
827 2464 925 2497 velut
941 2465 1030 2498 unda
1045 2465 1221 2507 immensa,
1246 2471 1403 2500 eructans
1424 2467 1638 2500 barbarorum
1654 2475 1733 2498 are-

279 2515 367 2538 nam.
414 2505 516 2549 (175)
541 2507 702 2550 malignus
728 2508 814 2542 enim
840 2514 961 2543 ventus
985 2511 1029 2543 ab
1051 2511 1208 2546 universa
1231 2511 1382 2545 Thracia
1397 2523 1439 2546 ex
1453 2510 1565 2545 multis
1588 2510 1733 2544 nubibus

280 2549 460 2584 conflatam
476 2551 612 2585 hiemem
627 2553 662 2586 in
676 2564 736 2586 nos
750 2553 916 2588 violenter
932 2556 1112 2590 concitavit
1128 2557 1268 2590 aestatis
1282 2560 1444 2601 tempore.
1490 2556 1547 2589 ubi
1560 2566 1644 2589 vero
1656 2560 1734 2590 tan-

282 2595 358 2628 dem
372 2595 406 2628 in
421 2596 531 2630 navim
548 2598 685 2642 propius
699 2602 792 2632 tuam
806 2599 929 2644 irrupit
943 2601 1036 2634 venti
1050 2601 1229 2642 violentia,
1254 2603 1354 2645 (180)
1377 2605 1479 2646 atque
1501 2601 1647 2646 undique
1665 2612 1732 2646 pa·-

282 2644 391 2674 ratum
407 2645 481 2674 erat
496 2642 679 2686 periculum
704 2645 817 2689 (totus
834 2645 920 2679 enim
935 2647 1077 2680 ambitus
1093 2647 1188 2681 navis
1203 2647 1268 2681 iam
1283 2646 1540 2690 mergebatur),
1563 2651 1600 2681 tu
1615 2645 1732 2680 statim

283 2685 420 2718 adstans
437 2686 712 2731 aduavigantibus
727 2689 889 2731 omnibus,
914 2701 1113 2737 sursumque
1131 2693 1296 2726 extollens
1310 2692 1468 2726 alacriter
1482 2696 1595 2738 caput,
1619 2699 1734 2726 omnes

284 2730 473 2765 hortabaris
497 2743 540 2766 ne
567 2733 670 2778 siquis
693 2735 737 2769 ob
762 2740 904 2781 peccata
927 2738 1031 2780 (185)
1055 2745 1149 2771 esset
1163 2738 1412 2779 incommodus,
1435 2736 1734 2772 retardaretelus-
1767 2777 1770 2780 Α

285 2786 377 2821 sem,
414 2777 476 2812 sed
515 2779 739 2826 unusquisque
767 2792 789 2817 a
818 2781 923 2817 corde
951 2782 1134 2828 proiiceret
1162 2783 1406 2830 supervacanei
1438 2782 1596 2830 ponderis
1627 2780 1735 2817 sarci-
