1890 3224
255 167 320 214 78
741 166 975 211 GEORGII
1006 166 1218 210 PISIDAE

470 282 511 324 τί
527 285 686 338 πρῶτον
708 278 828 324 εἰπών
833 312 849 333 ,
878 286 975 323 ποῖα
999 278 1242 338 συγγράφων
1262 281 1380 336 μέσα,

470 353 549 391 τῶν
570 346 750 403 ε’σχάτων
769 365 842 392 σου
865 347 1065 406 ὁράξομαι
1087 351 1336 406 προοιμίων;

469 416 719 472 ἇντεμπλοκὴ
743 417 820 474 γὰρ
843 424 1121 474 συγκροτεῖται
1138 420 1206 460 καὶ
1226 417 1339 474 μάχη

469 489 548 527 τῶν
571 490 653 528 σῶν
674 484 839 542 ἀγώνων
857 490 928 528 νῦν
945 484 1050 540 ὅμοῦ
1067 487 1331 542 μεμιγμένων,

353 552 433 595 225
469 555 536 596 καὶ
555 557 669 608 μῖξις
686 553 819 610 ὥσπερ
837 555 989 610 γίνεταί
1004 572 1075 608 μοι
1092 557 1160 597 καὶ
1183 554 1337 608 στάσις,

467 620 600 679 ὥσπερ
624 620 794 680 ῥεόντων
812 627 892 665 τῶν
911 627 1104 677 ποταμῶν
1122 627 1203 666 τῶν
1222 623 1401 682 ὀμβρίων

472 688 493 731 ὅ
518 689 677 741 πόντιος
695 690 792 748 ῥοῦς
804 692 969 734 ἵσταται
989 692 1242 747 μεμιγμένος.

471 757 576 801 οὕτω
595 759 674 816 γὰρ
696 757 963 814 ἕκβλύσαντες
980 760 1022 810 ἐξ
1044 759 1131 810 ἑνὸς
1151 758 1278 818 πόρου

469 831 548 869 τῶν
574 832 656 869 σῶν
676 826 857 885 ἱδρώτων
883 828 922 871 οἳ
942 829 1117 882 ποταμοὶ
1136 829 1370 884 μεμιγμένοι

353 898 436 937 230
472 894 628 937 ὠθοῦσι
645 897 711 938 καὶ
732 894 953 954 σφύζουσιν
974 895 1108 954 ὥσπερ
1131 898 1174 938 ἐκ
1195 899 1291 950 βίας

470 961 593 1013 ἄλλος
609 963 678 1006 τὸν
700 963 845 1016 ἄλλον,
875 965 1088 1022 ἐκδραμεῖν
1107 964 1335 1021 ἦπειγμένοι

468 1033 536 1072 καὶ
556 1038 646 1081 ταῖς
667 1031 862 1086 ἄβύσσοις
882 1033 1093 1088 ἐντεθῆναι
1112 1037 1193 1074 τῶν
1215 1032 1359 1088 λόγων.

470 1100 542 1140 καί
557 1098 635 1141 πού
655 1117 716 1149 τις
741 1100 874 1142 αὐτῶν
896 1101 1004 1156 εἴπερ
1025 1101 1328 1156 ἓμβριθεστέρῳ

467 1165 578 1221 τάχει
598 1164 799 1223 προκύψει
821 1166 923 1222 πρὸς
941 1166 1012 1208 τὸν
1034 1166 1179 1218 ἄλλον,
1209 1167 1360 1218 εὐθέως

355 1237 436 1277 235
472 1233 493 1276 ὃ
515 1238 609 1284 νοῦς
625 1233 830 1287 μεταστὰς
849 1232 978 1288 ἡδέως
994 1235 1220 1291 μερίζεται,

469 1300 524 1352 ὥς
542 1303 584 1352 ἐξ
605 1301 781 1358 ἀνάγκης
803 1301 943 1345 λοιπὸν
961 1302 1224 1356 ἓστενωμένος

472 1370 613 1426 εἴργειν
636 1368 795 1420 ἑαυτοῖς
813 1370 887 1424 τὴν
899 1370 1036 1428 Υφορὰν
1054 1374 1128 1425 τῆς
1147 1369 1302 1421 ἐξόδου,

473 1438 548 1489 ἕως
570 1436 591 1480 ὅ
612 1437 683 1488 σὸς
702 1442 796 1488 νοῦς
817 1439 884 1480 καὶ
903 1438 949 1481 τὸ
971 1445 1142 1494 πηγαῖον
1163 1436 1297 1492 στόμα

473 1504 583 1548 λύσει
606 1506 658 1548 τὰ
681 1506 813 1548 πολλὰ
834 1510 914 1549 τῶν
934 1505 1063 1563 λόγων
1085 1505 1377 1563 ἕμφράγματα.

355 1572 438 1616 240
472 1572 581 1626 ὅμως
599 1571 792 1624 ἇπλώσας
811 1573 1081 1632 ριψοκινδύνῳ
1099 1573 1250 1631 θράσει

472 1641 542 1683 τὸν
562 1645 678 1692 νοῦν,
706 1641 770 1682 ἐπ’
795 1641 931 1685 αὐτῶν
951 1641 1127 1697 νήχομαι
1149 1646 1230 1685 τῶν
1250 1637 1513 1698 πραγμάτων.

346 1793 416 1828 226
452 1787 602 1838 ὄμβρων
640 1793 775 1827 codices
943 1795 1009 1830 231
1043 1792 1124 1829 miv«
1151 1790 1266 1829 ἄλλον
1305 1793 1356 1837 Ρ,
1401 1792 1479 1828 τῶν
1521 1788 1639 1828 ἄλλων
1677 1795 1741 1833 ed,

347 1839 416 1873 239
440 1837 529 1883 λύσῃ
554 1837 618 1872 cod

257 1973 554 2020 inexplebilitatem
569 1986 771 2022 prosequor.
817 1978 855 2009 at
869 1974 951 2020 quid
967 1977 1111 2021 primum
1127 1975 1244 2018 dicam,
1268 1987 1356 2022 quae
1371 1975 1514 2010 scribam
1529 1974 1565 2007 in
1581 1974 1719 2008 medio‘e

258 2032 302 2054 an
331 2032 375 2054 ex
397 2021 521 2055 ultimis
544 2022 612 2056 tuis
636 2032 763 2056 sumam
777 2020 932 2054 initium?
977 2021 1054 2055 hinc
1077 2022 1163 2056 enim
1189 2023 1268 2056 inde
1292 2021 1460 2056 conflatur
1482 2019 1656 2053 conflictus
1683 2025 1720 2054 et

258 2077 374 2111 pugna
388 2077 432 2099 ex
447 2066 514 2100 tuis
530 2067 694 2111 agonibus
709 2078 776 2100 una
791 2066 887 2100 simul
902 2067 1098 2100 commixtis.
1157 2067 1259 2111 (225)
1283 2078 1324 2100 ac
1338 2067 1418 2100 mihi
1432 2065 1596 2111 quaedam
1613 2065 1720 2099 veluti

259 2111 367 2144 cietur
381 2112 483 2145 turba
499 2117 534 2146 et
545 2113 666 2146 seditio
677 2139 688 2156 ‚
721 2112 820 2145 sicuti
844 2123 888 2145 ex
903 2112 1086 2145 fluentibus
1101 2113 1208 2146 imbre
1223 2112 1374 2146 adauctis
1390 2111 1501 2146 fluviis
1515 2110 1616 2144 maris
1629 2111 1721 2144 unda

258 2161 411 2190 remanet
425 2157 582 2191 immixta.
628 2158 677 2191 ita
702 2157 788 2190 enim
814 2156 927 2190 educti
943 2168 986 2190 ex
1002 2168 1067 2190 una
1083 2157 1286 2201 scaturigine
1301 2158 1457 2191 sudorum
1475 2161 1610 2190 tuorum
1624 2156 1720 2189 fluvii

258 2201 416 2246 permixti
441 2202 545 2245 (230)
568 2202 782 2236 subsilientes
796 2202 943 2244 instant,
978 2206 1136 2247 tanquam
1152 2215 1196 2236 ex
1210 2204 1336 2247 impete
1351 2203 1437 2237 alius
1453 2206 1532 2247 post
1545 2202 1645 2236 alium
1660 2202 1720 2235 ad-

259 2247 329 2280 acti
345 2257 492 2288 currere,
517 2247 603 2281 etin
619 2248 762 2291 abyssos
777 2258 965 2281 sermonum
981 2247 1167 2282 scribentes
1181 2249 1331 2283 trudere.
1379 2261 1420 2282 ac
1438 2249 1466 2282 si
1481 2248 1556 2293 quis
1571 2248 1662 2281 forte
1675 2258 1720 2280 ex

258 2291 341 2336 ipsis
357 2292 462 2336 magis
479 2297 639 2326 contento
657 2303 756 2326 cursu
771 2292 934 2326 incumbit
948 2292 982 2326 in
998 2293 1138 2328 alterum
1151 2319 1163 2336 ‚
1196 2298 1337 2339 repente
1353 2294 1461 2339 (235)
1471 2304 1565 2327 mens
1578 2294 1720 2337 abrepta

259 2337 404 2371 dulciter
419 2336 591 2378 dividitur,
616 2341 654 2371 ut
668 2349 710 2371 ex
725 2337 929 2372 necessitate
943 2337 1075 2373 demum
1091 2350 1209 2384 pressa
1225 2340 1389 2385 angustiis
1402 2339 1556 2374 inhibeat
1569 2338 1729 2373 omnibus.

260 2382 372 2416 exitus
388 2381 481 2427 vias,
512 2383 620 2416 donec
643 2388 703 2416 tua
725 2394 819 2418 mens
843 2387 879 2417 et
901 2393 940 2417 os
966 2390 1058 2418 tuum
1079 2385 1181 2419 fontis
1201 2385 1310 2420 instar
1333 2397 1482 2432 perenne
1497 2385 1611 2419 solvat
1623 2388 1720 2418 tanta

260 2438 449 2461 sermonum
464 2428 714 2473 impedimenta.
737 2429 838 2472 (240)
853 2432 888 2463 at
903 2440 990 2464 nunc
1005 2430 1125 2466 audaci
1141 2435 1176 2466 et
1191 2436 1392 2478 exporrecta
1406 2430 1594 2478 impavidus
1607 2435 1720 2466 mente

261 2476 378 2507 natare
391 2472 469 2518 ipsa
483 2474 573 2509 inter
587 2478 685 2519 gesta
698 2474 844 2509 instituo.

696 2599 751 2633 'Nx

752 2638 756 2658 )
