1890 3224
733 180 1006 225 ACROASlN
1039 180 1085 224 1.=
1536 176 1631 223 149

176 294 392 347 conscripta
415 301 454 333 et
470 307 492 332 a
508 293 710 332 Bandurio
732 293 944 346 diligenter
964 293 1128 331 collecta
1157 290 1282 344 (Imp.
1316 290 1468 328 Orient.
1491 295 1584 327 tom.
1607 291 1628 330 1

176 352 246 390 lib.
270 356 296 393 7
312 367 361 402 p.
385 351 488 402 135)
518 352 600 388 ulla
627 353 828 389 invenitur
847 352 1050 402 inscriptio
1071 352 1114 386 in
1133 347 1296 385 laudem
1316 347 1491 384 Heraclii
1510 347 1631 383 facta.

176 422 397 460 anonymus
426 409 546 459 plane
575 410 741 459 scriptor
763 407 870 459 apud
893 406 1066 444 eundem
1083 404 1331 443 Bandurium
1348 411 1440 440 tom.
1467 406 1488 443 l
1511 402 1582 440 lib.
1605 405 1632 443 2

168 468 303 516 Ρ.29
330 466 582 516 antiquitates
591 465 758 515 Cpoleos
775 464 1007 514 singulatim
1023 462 1261 509 describens,
1280 461 1400 498 refert
1416 473 1540 511 prope
1549 461 1631 496 Ba-

175 523 330 559 silicam
350 522 473 558 fuisse
493 527 795 558 monumentum
815 521 996 558 Heraclio
1016 519 1212 567 dicatum,
1241 519 1444 554 Examum
1467 515 1630 563 dictum,

176 577 285 630 quod
308 580 447 615 Petrus
476 578 632 628 Gyllius
673 578 830 628 Typogr
834 576 993 626 .οΡοἰ
1021 576 1093 613 lib.
1116 579 1143 616 2
1168 589 1203 612 e.
1226 577 1276 615 19
1305 575 1531 610 Exammon
1561 585 1634 624 ap-

175 635 311 686 pellat.
369 635 558 685 anonymi
581 633 702 671 verba
726 632 825 670 haec
843 641 957 671 sunt:
989 633 1046 680 εἷς
1067 630 1111 672 δὲ
1131 628 1198 672 τὸν
1215 633 1288 681 τῆς
1307 632 1522 678 Βασιλικῆς
1541 644 1636 682 χρυ-

176 687 355 760 σόφορον
382 686 509 730 ὀπίσω
537 692 612 730 τοῦ
633 690 766 741 μιλίου
788 685 842 739 ἦν
859 685 1139 741 ἆνὸροείκελον
1161 686 1317 742 ἄγαλμα
1335 685 1635 739 χουσὲμβαφοτ,

177 741 324 786 ἔνθαΐ
295 762 349 798 ην
370 744 414 786 τό
427 744 606 797 ’Ἐξαμον
623 745 853 798 Ἡρακλείου
873 750 945 787 τοῦ
961 745 1162 797 βασιλέως.
1219 743 1291 782 sed
1317 757 1408 781 cum
1436 741 1535 795 quid
1562 743 1635 780 sub

175 802 252 840 hac
276 816 373 840 voce
403 802 606 839 Examum
636 803 759 840 lateat
783 816 901 841 nemo
934 801 1102 851 dixerit,
1132 799 1235 838 nihil
1258 799 1417 838 definio.
1474 812 1638 836 verum-

175 866 309 896 tamen
325 872 405 896 non
422 860 547 897 semel
564 858 720 896 tantum
745 860 850 896 cives
872 861 915 896 in
936 861 1037 910 grati
1057 859 1182 896 animi
1201 858 1475 895 testimonium
1494 854 1637 893 huius-

175 915 287 953 modi
313 916 492 967 publicos
518 914 690 953 honores
710 916 892 952 Heraclio
910 915 1153 962 decrevisse,
1177 927 1257 951 non
1279 921 1338 951 est
1359 910 1636 959 dubitandum,

177 985 223 1009 ac
251 979 387 1009 noster
413 971 578 1023 quidem
602 973 797 1022 Georgius
827 974 940 1009 testis
972 979 1031 1009 est
1060 973 1139 1008 alia
1158 972 1245 1007 vice
1269 969 1590 1007 curatum.fuisse
1614 981 1638 1005 a

176 1029 392 1080 Cpolitanis
410 1035 454 1065 ut
472 1029 687 1079 imperator
706 1030 949 1079 pingeretur.
1004 1028 1178 1065 Acroas.
1199 1040 1280 1077 seq.
1302 1040 1341 1063 v.
1363 1025 1431 1067 64.

286 1087 354 1126 98.
414 1098 483 1122 cur
501 1085 700 1135 Scipionis
723 1097 945 1135 cognomen
965 1087 1097 1136 potius
1119 1096 1240 1136 quam
1256 1081 1423 1134 quodvis
1445 1080 1555 1119 aliud
1577 1081 1635 1118 ci-

175 1155 244 1179 ves
263 1140 446 1178 Heraclio
467 1142 631 1192 eiusque
650 1141 786 1178 liberis
805 1142 1066 1189 attribuerint,
1095 1148 1141 1178 ut
1162 1153 1215 1176 ex
1232 1138 1309 1176 hoc
1327 1140 1494 1186 senario,
1527 1137 1636 1190 quod

176 1199 350 1235 continet
375 1196 590 1245 decretum,
622 1204 797 1248 apparet,
829 1210 918 1234 eam
938 1204 1034 1248 puto
1059 1210 1144 1235 esse
1166 1209 1338 1243 causam,
1368 1194 1476 1247 quod
1493 1197 1636 1232 merito

176 1253 284 1306 apud
315 1260 468 1292 veteres
495 1266 641 1304 magno
669 1255 712 1290 in
741 1252 893 1291 honore
926 1261 1030 1291 esset
1054 1254 1287 1304 Scipionum
1315 1263 1485 1289 nomen:
1524 1252 1638 1288 nulla

177 1312 286 1348 enim
309 1323 407 1360 gens
425 1316 483 1347 tot
505 1310 620 1346 claris
639 1310 734 1346 viris
753 1310 919 1347 illustris
937 1322 1068 1361 neque
1085 1315 1143 1347 tot
1162 1309 1279 1345 rebus
1294 1308 1495 1359 praeclare
1517 1309 1639 1358 gestis

176 1366 275 1404 adeo
295 1367 465 1417 insignis
482 1372 527 1403 ut
546 1364 779 1417 Scipiadum
800 1378 898 1416 gens
919 1366 1016 1414 fuit,
1046 1364 1289 1416 undejbrtes»¹
1309 1371 1348 1401 et
1370 1364 1464 1401 duri
1481 1364 1582 1401 bello
1601 1370 1641 1400 et

168 1423 358 1476 fitlmina
388 1421 484 1459 belli
505 1423 656 1473 passim
685 1422 733 1459 ab
761 1423 932 1475 antiquis
970 1423 1225 1474 scriptoribus
1261 1421 1463 1472 appellati.
1521 1427 1642 1472 atque

178 1479 280 1518 haec
301 1481 358 1516 ita
379 1492 465 1517 esse
485 1477 736 1530 accipienda,
766 1480 863 1516 facit
884 1480 1006 1516 etiam
1029 1480 1240 1516 auctoritas
1256 1476 1554 1528 Theophylacti
1573 1477 1643 1515 Si-

176 1543 374 1574 mocattae
406 1539 427 1575 1
462 1534 535 1583 14,
580 1537 650 1587 qui
679 1534 952 1586 Philippicum
975 1537 1157 1572 Mauricii
1183 1535 1379 1572 sororium
1404 1541 1443 1570 et
1466 1534 1644 1570 militum

177 1592 322 1630 ducem
353 1592 671 1629 strenuissimum
700 1591 880 1642 Scipioni
906 1593 1054 1643 pariter
1074 1593 1198 1629 fuisse
1217 1596 1490 1641 comparatum
1506 1590 1642 1627 refert.

178 1648 284 1687 unde
315 1653 499 1700 apparet,
527 1646 571 1685 id
599 1646 708 1700 quod
728 1646 939 1686 hominum
956 1649 1142 1700 opinione
1166 1646 1215 1685 de
1236 1645 1463 1698 Philippico
1482 1646 1643 1694 fereba-

177 1713 262 1755 tur,
291 1712 430 1756 postea
449 1705 572 1742 fuisse
594 1705 684 1754 lege
707 1707 904 1742 sancitum
928 1703 977 1742 de
998 1706 1196 1742 Heraclio.

296 1763 389 1802 100.
447 1773 565 1811 saepe
580 1761 811 1798 Heraclium
826 1760 962 1798 Pisida
980 1762 1155 1812 appellat
1172 1761 1394 1810 despotam‚
1425 1771 1545 1811 quem
1563 1756 1642 1796 ho-

178 1818 284 1856 noris
309 1817 473 1854 titulum
502 1817 794 1867 amplissimum
820 1817 944 1854 fuisse
979 1818 1203 1855 observavit
1232 1817 1494 1866 Du-Cangius
1522 1816 1637 1852 Dis-s.

178 1876 228 1913 de
247 1873 365 1925 infir.
385 1874 478 1910 aevi
497 1873 625 1910 Nam.
642 1886 691 1922 Ρ.
713 1872 782 1914 35.
840 1872 913 1910 sed
932 1886 1023 1910 cum
1040 1874 1109 1910 ille
1129 1872 1408 1924 appellationis
1424 1870 1544 1908 huius
1567 1884 1642 1907 an-

178 1933 405 1983 tiquitatem
428 1928 610 1967 videatur
637 1936 814 1980 repetere
840 1942 893 1966 ex
914 1942 1079 1966 nummo
1103 1931 1164 1966 Fl.
1185 1926 1422 1979 Nicephori‚
1451 1929 1520 1979 qui
1539 1929 1642 1964 circa

179 2001 217 2025 a.
236 1986 383 2025 Christi
403 1988 486 2027 800
506 1987 708 2036 regnavit,
738 1984 925 2023 videlicet
944 1987 1056 2023 annis
1077 1987 1162 2028 200
1182 1986 1274 2037 plus
1294 1986 1427 2021 minus
1446 1990 1536 2034 post
1556 1986 1641 2020 He—

179 2045 366 2091 raclium,
407 2041 804 2080 animadvertendum
829 2043 906 2080 fuit
930 2041 1083 2079 iamdiu
1113 2041 1220 2093 apud
1249 2042 1491 2092 Byzantinos
1523 2041 1641 2077 inva-

179 2101 301 2138 luisse
337 2106 383 2137 ut
418 2100 676 2151 imperatores
713 2099 895 2149 despotae
927 2105 1174 2137 vocarentur.
1230 2110 1362 2149 neque
1394 2095 1497 2134 illud
1520 2097 1640 2148 plane

180 2163 356 2205 constat,
387 2155 496 2208 quod
523 2155 632 2194 idem
655 2156 918 2206 Du-Cangius
947 2155 1133 2203 adnotat,
1165 2154 1371 2205 despotam
1389 2155 1554 2190 minoris
1576 2152 1642 2190 di-

181 2215 343 2264 gnitatis
371 2213 534 2250 titulum
555 2213 686 2253 ,fuisse
714 2225 836 2264 quam
865 2214 1158 2264 imperatorem.
1219 2218 1322 2249 certe
1340 2209 1475 2247 Pisida
1490 2211 1640 2261 passim

182 2270 414 2307 Heraclium
431 2268 634 2319 despotam
649 2269 816 2318 salutat,
847 2282 892 2306 ac
912 2271 946 2307 si
964 2268 1061 2321 quid
1077 2267 1194 2306 video
1207 2298 1217 2316 ,
1246 2281 1328 2305 non
1347 2267 1425 2304 alia
1441 2268 1546 2303 inter
1560 2267 1641 2303 im-

182 2327 374 2378 peratoris
397 2331 436 2362 et
454 2323 641 2376 despotae
668 2326 979 2376 appellationem
1005 2325 1228 2363 differentia
1251 2325 1491 2371 intercessit,
1523 2335 1644 2374 quam

184 2390 228 2420 111
246 2383 315 2420 ille
336 2382 488 2432 regiam
510 2380 767 2432 dignitatem,
798 2383 921 2419 altera
940 2389 1179 2434 potestatem
1195 2383 1235 2418 in
1257 2381 1453 2418 subiectos
1473 2380 1644 2431 populos

183 2439 390 2477 indicaret.
447 2440 503 2474 ita
531 2444 666 2475 noster
692 2438 740 2474 de
758 2438 912 2489 Exped.
935 2442 962 2479 2
991 2441 1045 2480 99
1075 2439 1305 2476 Heraclium
1330 2435 1483 2474 inducit
1509 2437 1566 2473 ita
1593 2434 1644 2473 de

185 2494 262 2533 deo
293 2496 546 2547 loquentem:
579 2489 697 2541 οὗτος
724 2491 768 2534 δὲ
795 2492 926 2542 κοινὸς
948 2492 1131 2546 βασιλεύς
1154 2493 1223 2534 καὶ
1245 2489 1452 2545 δεσπότης.
1511 2499 1646 2543 aperte

185 2559 320 2589 autem
338 2550 404 2588 hic
422 2552 507 2588 vim
521 2551 629 2588 vocis
648 2548 841 2601 δεσπότης
861 2549 1046 2599 declarat,
1073 2564 1164 2588 cum
1182 2550 1407 2602 ἐμφατικῶς
1425 2548 1520 2586 dicit
1538 2562 1648 2586 nunc

184 2614 341 2644 tantum
364 2608 483 2645 licere
506 2609 629 2645 servis
650 2607 784 2657 legem
802 2607 904 2644 ferre
922 2609 965 2644 in
989 2606 1195 2659 despotas3
1228 2606 1372 2658 quibus
1393 2606 1524 2643 verbis
1550 2618 1646 2656 pro-

184 2666 313 2714 priam
333 2664 566 2701 relationem
584 2663 747 2702 adnotat
758 2693 768 2712 ‚
800 2675 922 2716 quam
941 2662 1062 2701 habet
1078 2666 1283 2716 princeps,
1312 2669 1358 2700 ut
1375 2661 1560 2700 dominus
1577 2661 1643 2699 vel

185 2719 371 2771 despota,
401 2718 452 2757 ad
470 2733 618 2758 servos.

302 2779 394 2816 101.
451 2783 586 2813 utrum
608 2776 815 2814 Heraclius
837 2774 1040 2814 decretum
1061 2775 1369 2823 confirmaverit,
1398 2788 1480 2812 non
1501 2774 1642 2825 liquet.

185 2827 304 2872 τύποι
335 2830 566 2870 dicebantur
595 2834 822 2885 principum
847 2834 1146 2871 constitutiones
1173 2838 1213 2868 et
1245 2830 1423 2869 decreta:
1472 2828 1543 2867 sed
1578 2827 1644 2866 hic
