<?xml version="1.0" encoding="UTF-8"?>
<!DOCTYPE html PUBLIC "-//W3C//DTD XHTML 1.0 Transitional//EN"
    "http://www.w3.org/TR/xhtml1/DTD/xhtml1-transitional.dtd">
<html xmlns="http://www.w3.org/1999/xhtml" xml:lang="en" lang="en">
 <head>
  <title>
</title>
<meta http-equiv="Content-Type" content="text/html;charset=utf-8" />
  <meta name='ocr-system' content='tesseract 3.04.00' />
  <meta name='ocr-capabilities' content='ocr_page ocr_carea ocr_par ocr_line ocrx_word'/>
</head>
<body>
  <div class='ocr_page' id='page_1' title='image "./corpusscriptorum42niebuoft/corpusscriptorum42niebuoft_0420.png"; bbox 0 0 1890 3224; ppageno 0'>
   <div class='ocr_carea' id='block_1_1' title="bbox 686 810 1291 863">
    <p class='ocr_par' dir='ltr' id='par_1_1' title="bbox 686 810 1291 863">
     <span class='ocr_line' id='line_1_1' title="bbox 686 810 1291 863; baseline 0.002 -4"><span class='ocrx_word' id='word_1_1' title='bbox 686 813 747 859; x_wconf 87' lang='lat' dir='ltr'><strong>D.</strong></span> <span class='ocrx_word' id='word_1_2' title='bbox 814 810 1291 863; x_wconf 86' lang='lat' dir='ltr'><strong>PETAV11</strong></span> 
     </span>
    </p>
   </div>
   <div class='ocr_carea' id='block_1_2' title="bbox 260 963 1720 1064">
    <p class='ocr_par' dir='ltr' id='par_1_2' title="bbox 260 963 1720 1064">
     <span class='ocr_line' id='line_1_2' title="bbox 260 963 1720 1064; baseline -0.001 -31"><span class='ocrx_word' id='word_1_3' title='bbox 260 963 460 1035; x_wconf 89' lang='lat' dir='ltr'><strong>DE</strong></span> <span class='ocrx_word' id='word_1_4' title='bbox 595 964 1720 1064; x_wconf 75' lang='lat' dir='ltr'><strong>NIGEPHoRo</strong></span> 
     </span>
    </p>
   </div>
   <div class='ocr_carea' id='block_1_3' title="bbox 507 1150 1472 1190">
    <p class='ocr_par' dir='ltr' id='par_1_3' title="bbox 507 1150 1472 1190">
     <span class='ocr_line' id='line_1_3' title="bbox 507 1150 1472 1190; baseline 0.001 -3"><span class='ocrx_word' id='word_1_5' title='bbox 507 1151 698 1189; x_wconf 88' lang='lat' dir='ltr'>HUIUS</span> <span class='ocrx_word' id='word_1_6' title='bbox 737 1151 1071 1190; x_wconf 87' lang='lat' dir='ltr'><strong>BREVIARII</strong></span> <span class='ocrx_word' id='word_1_7' title='bbox 1112 1150 1472 1190; x_wconf 85' lang='lat' dir='ltr'>SCRIPTORE</span> 
     </span>
    </p>
   </div>
   <div class='ocr_carea' id='block_1_4' title="bbox 328 1291 1653 1344">
    <p class='ocr_par' dir='ltr' id='par_1_4' title="bbox 328 1291 1653 1344">
     <span class='ocr_line' id='line_1_4' title="bbox 328 1291 1653 1344; baseline 0.002 -4"><span class='ocrx_word' id='word_1_8' title='bbox 328 1292 417 1341; x_wconf 90' lang='lat' dir='ltr'><strong>AD</strong></span> <span class='ocrx_word' id='word_1_9' title='bbox 451 1291 808 1344; x_wconf 88' lang='lat' dir='ltr'>CANDIDUM</span> <span class='ocrx_word' id='word_1_10' title='bbox 839 1292 1219 1343; x_wconf 87' lang='lat' dir='ltr'>LECTOREM</span> <span class='ocrx_word' id='word_1_11' title='bbox 1251 1293 1653 1344; x_wconf 85' lang='lat' dir='ltr'><strong>PRAEFATIO.</strong></span> 
     </span>
    </p>
   </div>
   <div class='ocr_carea' id='block_1_5' title="bbox 257 1648 1720 2719">
    <p class='ocr_par' dir='ltr' id='par_1_5' title="bbox 257 1648 1720 2719">
     <span class='ocr_line' id='line_1_5' title="bbox 257 1648 1720 1728; baseline 0.005 -18"><span class='ocrx_word' id='word_1_12' title='bbox 257 1648 500 1725; x_wconf 83' lang='lat' dir='ltr'><strong>Nicephori</strong></span> <span class='ocrx_word' id='word_1_13' title='bbox 539 1671 758 1724; x_wconf 79' lang='lat' dir='ltr'>epitomen,</span> <span class='ocrx_word' id='word_1_14' title='bbox 802 1687 924 1728; x_wconf 80' lang='lat' dir='ltr'><strong>quam</strong></span> <span class='ocrx_word' id='word_1_15' title='bbox 961 1673 1028 1713; x_wconf 83' lang='lat' dir='ltr'><strong>hic</strong></span> <span class='ocrx_word' id='word_1_16' title='bbox 1055 1674 1128 1713; x_wconf 80' lang='lat' dir='ltr'><strong>tibi</strong></span> <span class='ocrx_word' id='word_1_17' title='bbox 1158 1673 1320 1724; x_wconf 86' lang='lat' dir='ltr'><strong>damus,</strong></span> <span class='ocrx_word' id='word_1_18' title='bbox 1360 1675 1529 1715; x_wconf 79' lang='lat' dir='ltr'><strong>candide</strong></span> <span class='ocrx_word' id='word_1_19' title='bbox 1558 1683 1598 1716; x_wconf 88' lang='lat' dir='ltr'><strong>et</strong></span> <span class='ocrx_word' id='word_1_20' title='bbox 1626 1692 1720 1721; x_wconf 79' lang='lat' dir='ltr'><strong>eru-</strong></span> 
     </span>
     <span class='ocr_line' id='line_1_6' title="bbox 260 1762 1718 1825; baseline 0.003 -24"><span class='ocrx_word' id='word_1_21' title='bbox 260 1762 342 1801; x_wconf 82' lang='lat' dir='ltr'><strong>dite</strong></span> <span class='ocrx_word' id='word_1_22' title='bbox 378 1764 522 1813; x_wconf 89' lang='lat' dir='ltr'><strong>lector,</strong></span> <span class='ocrx_word' id='word_1_23' title='bbox 567 1764 792 1825; x_wconf 84' lang='lat' dir='ltr'><strong>accepimus</strong></span> <span class='ocrx_word' id='word_1_24' title='bbox 830 1778 854 1803; x_wconf 89' lang='lat' dir='ltr'><strong>a</strong></span> <span class='ocrx_word' id='word_1_25' title='bbox 889 1767 939 1804; x_wconf 83' lang='lat' dir='ltr'><strong>R.</strong></span> <span class='ocrx_word' id='word_1_26' title='bbox 978 1767 1025 1804; x_wconf 91' lang='lat' dir='ltr'><strong>P.</strong></span> <span class='ocrx_word' id='word_1_27' title='bbox 1062 1765 1205 1804; x_wconf 82' lang='lat' dir='ltr'><strong>Iacobo</strong></span> <span class='ocrx_word' id='word_1_28' title='bbox 1240 1764 1474 1816; x_wconf 85' lang='lat' dir='ltr'><strong>Sirmondo,</strong></span> <span class='ocrx_word' id='word_1_29' title='bbox 1519 1767 1590 1820; x_wconf 79' lang='lat' dir='ltr'><strong>qui</strong></span> <span class='ocrx_word' id='word_1_30' title='bbox 1614 1781 1718 1806; x_wconf 67' lang='lat' dir='ltr'><strong>eam</strong></span> 
     </span>
     <span class='ocr_line' id='line_1_7' title="bbox 258 1854 1718 1910; baseline 0.003 -18"><span class='ocrx_word' id='word_1_31' title='bbox 258 1856 409 1892; x_wconf 81' lang='lat' dir='ltr'><strong>Romae</strong></span> <span class='ocrx_word' id='word_1_32' title='bbox 438 1866 491 1891; x_wconf 84' lang='lat' dir='ltr'><strong>ex</strong></span> <span class='ocrx_word' id='word_1_33' title='bbox 519 1855 644 1892; x_wconf 84' lang='lat' dir='ltr'><strong>veteri</strong></span> <span class='ocrx_word' id='word_1_34' title='bbox 672 1855 893 1907; x_wconf 83' lang='lat' dir='ltr'><strong>exemplari</strong></span> <span class='ocrx_word' id='word_1_35' title='bbox 922 1854 1142 1908; x_wconf 83' lang='lat' dir='ltr'><strong>descripsit.</strong></span> <span class='ocrx_word' id='word_1_36' title='bbox 1200 1854 1250 1894; x_wconf 85' lang='lat' dir='ltr'><strong>de</strong></span> <span class='ocrx_word' id='word_1_37' title='bbox 1291 1863 1447 1894; x_wconf 83' lang='lat' dir='ltr'><strong>auctore</strong></span> <span class='ocrx_word' id='word_1_38' title='bbox 1484 1870 1600 1910; x_wconf 88' lang='lat' dir='ltr'><strong>porro</strong></span> <span class='ocrx_word' id='word_1_39' title='bbox 1628 1858 1718 1910; x_wconf 81' lang='lat' dir='ltr'><strong>ipso</strong></span> 
     </span>
     <span class='ocr_line' id='line_1_8' title="bbox 259 1942 1718 1998; baseline 0.001 -16"><span class='ocrx_word' id='word_1_40' title='bbox 259 1951 390 1982; x_wconf 78' lang='lat' dir='ltr'><strong>exstat</strong></span> <span class='ocrx_word' id='word_1_41' title='bbox 416 1942 551 1982; x_wconf 74' lang='lat' dir='ltr'><strong>Photii</strong></span> <span class='ocrx_word' id='word_1_42' title='bbox 577 1945 620 1982; x_wconf 85' lang='lat' dir='ltr'><strong>:in</strong></span> <span class='ocrx_word' id='word_1_43' title='bbox 647 1943 897 1984; x_wconf 83' lang='lat' dir='ltr'><strong>Bibliotheca</strong></span> <span class='ocrx_word' id='word_1_44' title='bbox 925 1944 1212 1997; x_wconf 85' lang='lat' dir='ltr'><strong>perhonorifica</strong></span> <span class='ocrx_word' id='word_1_45' title='bbox 1239 1947 1412 1996; x_wconf 83' lang='lat' dir='ltr'><strong>mentio,</strong></span> <span class='ocrx_word' id='word_1_46' title='bbox 1454 1958 1533 1998; x_wconf 93' lang='lat' dir='ltr'><strong>qua</strong></span> <span class='ocrx_word' id='word_1_47' title='bbox 1561 1953 1601 1984; x_wconf 86' lang='lat' dir='ltr'><strong>et</strong></span> <span class='ocrx_word' id='word_1_48' title='bbox 1628 1947 1718 1998; x_wconf 85' lang='lat' dir='ltr'><strong>epi-</strong></span> 
     </span>
     <span class='ocr_line' id='line_1_9' title="bbox 260 2034 1714 2088; baseline 0.001 -17"><span class='ocrx_word' id='word_1_49' title='bbox 260 2041 396 2072; x_wconf 78' lang='lat' dir='ltr'><strong>tomen</strong></span> <span class='ocrx_word' id='word_1_50' title='bbox 424 2036 543 2074; x_wconf 89' lang='lat' dir='ltr'><strong>istam</strong></span> <span class='ocrx_word' id='word_1_51' title='bbox 570 2049 810 2088; x_wconf 84' lang='lat' dir='ltr'>magnopere</span> <span class='ocrx_word' id='word_1_52' title='bbox 839 2034 1109 2086; x_wconf 83' lang='lat' dir='ltr'><strong>commendat,</strong></span> <span class='ocrx_word' id='word_1_53' title='bbox 1154 2042 1194 2073; x_wconf 86' lang='lat' dir='ltr'><strong>et</strong></span> <span class='ocrx_word' id='word_1_54' title='bbox 1227 2034 1303 2073; x_wconf 88' lang='lat' dir='ltr'><strong>hac</strong></span> <span class='ocrx_word' id='word_1_55' title='bbox 1334 2048 1414 2073; x_wconf 87' lang='lat' dir='ltr'><strong>una</strong></span> <span class='ocrx_word' id='word_1_56' title='bbox 1440 2034 1714 2073; x_wconf 81' lang='lat' dir='ltr'><strong>lucubratione</strong></span> 
     </span>
     <span class='ocr_line' id='line_1_10' title="bbox 259 2123 1715 2178; baseline 0.002 -17"><span class='ocrx_word' id='word_1_57' title='bbox 259 2123 410 2163; x_wconf 86' lang='lat' dir='ltr'><strong>iudicat</strong></span> <span class='ocrx_word' id='word_1_58' title='bbox 453 2139 535 2163; x_wconf 90' lang='lat' dir='ltr'><strong>non</strong></span> <span class='ocrx_word' id='word_1_59' title='bbox 579 2140 814 2178; x_wconf 81' lang='lat' dir='ltr'><strong>provocasse</strong></span> <span class='ocrx_word' id='word_1_60' title='bbox 860 2124 980 2164; x_wconf 87' lang='lat' dir='ltr'><strong>modo</strong></span> <span class='ocrx_word' id='word_1_61' title='bbox 1030 2125 1251 2177; x_wconf 83' lang='lat' dir='ltr'><strong>superiores</strong></span> <span class='ocrx_word' id='word_1_62' title='bbox 1293 2124 1606 2176; x_wconf 86' lang='lat' dir='ltr'><strong>quamplurimos</strong></span> <span class='ocrx_word' id='word_1_63' title='bbox 1642 2125 1715 2164; x_wconf 82' lang='lat' dir='ltr'><strong>sed</strong></span> 
     </span>
     <span class='ocr_line' id='line_1_11' title="bbox 258 2213 1715 2267; baseline 0.001 -15"><span class='ocrx_word' id='word_1_64' title='bbox 258 2215 380 2266; x_wconf 87' lang='lat' dir='ltr'><strong>longo</strong></span> <span class='ocrx_word' id='word_1_65' title='bbox 420 2216 539 2252; x_wconf 87' lang='lat' dir='ltr'><strong>etiam</strong></span> <span class='ocrx_word' id='word_1_66' title='bbox 575 2217 784 2255; x_wconf 86' lang='lat' dir='ltr'><strong>intervallo</strong></span> <span class='ocrx_word' id='word_1_67' title='bbox 811 2228 1032 2267; x_wconf 84' lang='lat' dir='ltr'><strong>superasse.</strong></span> <span class='ocrx_word' id='word_1_68' title='bbox 1090 2213 1139 2252; x_wconf 88' lang='lat' dir='ltr'><strong>de</strong></span> <span class='ocrx_word' id='word_1_69' title='bbox 1168 2215 1257 2253; x_wconf 85' lang='lat' dir='ltr'><strong>aliis</strong></span> <span class='ocrx_word' id='word_1_70' title='bbox 1289 2227 1383 2253; x_wconf 81' lang='lat' dir='ltr'><strong>vero</strong></span> <span class='ocrx_word' id='word_1_71' title='bbox 1412 2214 1558 2253; x_wconf 87' lang='lat' dir='ltr'><strong>relictis</strong></span> <span class='ocrx_word' id='word_1_72' title='bbox 1587 2215 1636 2253; x_wconf 86' lang='lat' dir='ltr'><strong>ab</strong></span> <span class='ocrx_word' id='word_1_73' title='bbox 1666 2229 1715 2254; x_wconf 88' lang='lat' dir='ltr'><strong>eo</strong></span> 
     </span>
     <span class='ocr_line' id='line_1_12' title="bbox 259 2302 1713 2358; baseline 0.001 -17"><span class='ocrx_word' id='word_1_74' title='bbox 259 2305 513 2343; x_wconf 85' lang='lat' dir='ltr'><strong>monimentis</strong></span> <span class='ocrx_word' id='word_1_75' title='bbox 547 2318 599 2342; x_wconf 89' lang='lat' dir='ltr'><strong>ne</strong></span> <span class='ocrx_word' id='word_1_76' title='bbox 635 2306 755 2344; x_wconf 82' lang='lat' dir='ltr'><strong>verbo</strong></span> <span class='ocrx_word' id='word_1_77' title='bbox 794 2303 958 2358; x_wconf 88' lang='lat' dir='ltr'><strong>quidem</strong></span> <span class='ocrx_word' id='word_1_78' title='bbox 993 2304 1188 2342; x_wconf 84' lang='lat' dir='ltr'><strong>meminit.</strong></span> <span class='ocrx_word' id='word_1_79' title='bbox 1247 2317 1300 2341; x_wconf 84' lang='lat' dir='ltr'><strong>ex</strong></span> <span class='ocrx_word' id='word_1_80' title='bbox 1332 2317 1409 2357; x_wconf 91' lang='lat' dir='ltr'><strong>quo</strong></span> <span class='ocrx_word' id='word_1_81' title='bbox 1440 2302 1560 2342; x_wconf 81' lang='lat' dir='ltr'><strong>dubia</strong></span> <span class='ocrx_word' id='word_1_82' title='bbox 1587 2303 1713 2343; x_wconf 80' lang='lat' dir='ltr'><strong>videri</strong></span> 
     </span>
     <span class='ocr_line' id='line_1_13' title="bbox 259 2392 1713 2447; baseline 0 -15"><span class='ocrx_word' id='word_1_83' title='bbox 259 2402 389 2446; x_wconf 86' lang='lat' dir='ltr'><strong>potest</strong></span> <span class='ocrx_word' id='word_1_84' title='bbox 418 2395 638 2433; x_wconf 88' lang='lat' dir='ltr'><strong>communis</strong></span> <span class='ocrx_word' id='word_1_85' title='bbox 667 2396 884 2444; x_wconf 83' lang='lat' dir='ltr'><strong>sententia,</strong></span> <span class='ocrx_word' id='word_1_86' title='bbox 928 2407 1030 2447; x_wconf 87' lang='lat' dir='ltr'><strong>quae</strong></span> <span class='ocrx_word' id='word_1_87' title='bbox 1071 2407 1162 2432; x_wconf 86' lang='lat' dir='ltr'><strong>cum</strong></span> <span class='ocrx_word' id='word_1_88' title='bbox 1189 2393 1267 2432; x_wconf 90' lang='lat' dir='ltr'><strong>hoc</strong></span> <span class='ocrx_word' id='word_1_89' title='bbox 1294 2392 1515 2445; x_wconf 88' lang='lat' dir='ltr'><strong>Nicephoro</strong></span> <span class='ocrx_word' id='word_1_90' title='bbox 1545 2395 1713 2445; x_wconf 86' lang='lat' dir='ltr'><strong>scripto-</strong></span> 
     </span>
     <span class='ocr_line' id='line_1_14' title="bbox 260 2481 1712 2534; baseline 0.001 -13"><span class='ocrx_word' id='word_1_91' title='bbox 260 2497 344 2521; x_wconf 89' lang='lat' dir='ltr'><strong>rem</strong></span> <span class='ocrx_word' id='word_1_92' title='bbox 390 2483 570 2523; x_wconf 88' lang='lat' dir='ltr'><strong>eiusdem</strong></span> <span class='ocrx_word' id='word_1_93' title='bbox 611 2485 784 2523; x_wconf 87' lang='lat' dir='ltr'><strong>nominis</strong></span> <span class='ocrx_word' id='word_1_94' title='bbox 824 2486 995 2524; x_wconf 83' lang='lat' dir='ltr'><strong>alterum</strong></span> <span class='ocrx_word' id='word_1_95' title='bbox 1037 2483 1264 2534; x_wconf 87' lang='lat' dir='ltr'><strong>confundit,</strong></span> <span class='ocrx_word' id='word_1_96' title='bbox 1310 2484 1421 2521; x_wconf 87' lang='lat' dir='ltr'><strong>cuius</strong></span> <span class='ocrx_word' id='word_1_97' title='bbox 1461 2481 1612 2520; x_wconf 88' lang='lat' dir='ltr'><strong>editum</strong></span> <span class='ocrx_word' id='word_1_98' title='bbox 1653 2490 1712 2522; x_wconf 85' lang='lat' dir='ltr'><strong>est</strong></span> 
     </span>
     <span class='ocr_line' id='line_1_15' title="bbox 259 2572 1710 2626; baseline 0 -16"><span class='ocrx_word' id='word_1_99' title='bbox 259 2572 482 2612; x_wconf 84' lang='lat' dir='ltr'><strong>Chronicon</strong></span> <span class='ocrx_word' id='word_1_100' title='bbox 520 2576 661 2613; x_wconf 83' lang='lat' dir='ltr'><strong>Latine</strong></span> <span class='ocrx_word' id='word_1_101' title='bbox 699 2575 796 2613; x_wconf 88' lang='lat' dir='ltr'><strong>olim</strong></span> <span class='ocrx_word' id='word_1_102' title='bbox 833 2589 857 2613; x_wconf 85' lang='lat' dir='ltr'><strong>a</strong></span> <span class='ocrx_word' id='word_1_103' title='bbox 890 2577 1045 2626; x_wconf 77' lang='lat' dir='ltr'><strong>multis,</strong></span> <span class='ocrx_word' id='word_1_104' title='bbox 1086 2577 1233 2613; x_wconf 85' lang='lat' dir='ltr'><strong>Graece</strong></span> <span class='ocrx_word' id='word_1_105' title='bbox 1271 2575 1390 2611; x_wconf 82' lang='lat' dir='ltr'><strong>etiam</strong></span> <span class='ocrx_word' id='word_1_106' title='bbox 1429 2586 1452 2610; x_wconf 87' lang='lat' dir='ltr'><strong>a</strong></span> <span class='ocrx_word' id='word_1_107' title='bbox 1494 2572 1710 2624; x_wconf 85' lang='lat' dir='ltr'><strong>Scaligero.</strong></span> 
     </span>
     <span class='ocr_line' id='line_1_16' title="bbox 259 2660 1712 2719; baseline -0.002 -17"><span class='ocrx_word' id='word_1_108' title='bbox 259 2666 406 2703; x_wconf 85' lang='lat' dir='ltr'><strong>etenim</strong></span> <span class='ocrx_word' id='word_1_109' title='bbox 435 2679 525 2703; x_wconf 89' lang='lat' dir='ltr'><strong>cum</strong></span> <span class='ocrx_word' id='word_1_110' title='bbox 552 2667 655 2704; x_wconf 87' lang='lat' dir='ltr'><strong>inter</strong></span> <span class='ocrx_word' id='word_1_111' title='bbox 683 2665 908 2717; x_wconf 86' lang='lat' dir='ltr'><strong>Cpolitanos</strong></span> <span class='ocrx_word' id='word_1_112' title='bbox 935 2666 1139 2719; x_wconf 88' lang='lat' dir='ltr'><strong>pontifices</strong></span> <span class='ocrx_word' id='word_1_113' title='bbox 1166 2663 1332 2703; x_wconf 83' lang='lat' dir='ltr'><strong>Photius</strong></span> <span class='ocrx_word' id='word_1_114' title='bbox 1361 2661 1503 2702; x_wconf 87' lang='lat' dir='ltr'><strong>eodem</strong></span> <span class='ocrx_word' id='word_1_115' title='bbox 1520 2663 1564 2700; x_wconf 91' lang='lat' dir='ltr'><strong>in</strong></span> <span class='ocrx_word' id='word_1_116' title='bbox 1584 2660 1712 2700; x_wconf 86' lang='lat' dir='ltr'><strong>Chro-</strong></span> 
     </span>
    </p>
   </div>
   <div class='ocr_carea' id='block_1_6' title="bbox 259 2749 1710 2809">
    <p class='ocr_par' dir='ltr' id='par_1_6' title="bbox 259 2749 1710 2809">
     <span class='ocr_line' id='line_1_17' title="bbox 259 2749 1710 2809; baseline -0.003 -15"><span class='ocrx_word' id='word_1_117' title='bbox 259 2756 348 2795; x_wconf 85' lang='lat' dir='ltr'><strong>nico</strong></span> <span class='ocrx_word' id='word_1_118' title='bbox 384 2762 630 2807; x_wconf 84' lang='lat' dir='ltr'><strong>numeretur,</strong></span> <span class='ocrx_word' id='word_1_119' title='bbox 671 2754 778 2795; x_wconf 87' lang='lat' dir='ltr'><strong>credi</strong></span> <span class='ocrx_word' id='word_1_120' title='bbox 813 2761 944 2809; x_wconf 82' lang='lat' dir='ltr'><strong>potest</strong></span> <span class='ocrx_word' id='word_1_121' title='bbox 980 2769 1063 2795; x_wconf 86' lang='lat' dir='ltr'><strong>non</strong></span> <span class='ocrx_word' id='word_1_122' title='bbox 1099 2754 1177 2795; x_wconf 93' lang='lat' dir='ltr'><strong>hoc</strong></span> <span class='ocrx_word' id='word_1_123' title='bbox 1212 2768 1298 2795; x_wconf 83' lang='lat' dir='ltr'><strong>esse</strong></span> <span class='ocrx_word' id='word_1_124' title='bbox 1335 2754 1383 2793; x_wconf 81' lang='lat' dir='ltr'><strong>ab</strong></span> <span class='ocrx_word' id='word_1_125' title='bbox 1413 2766 1461 2792; x_wconf 88' lang='lat' dir='ltr'><strong>eo</strong></span> <span class='ocrx_word' id='word_1_126' title='bbox 1488 2749 1710 2805; x_wconf 84' lang='lat' dir='ltr'><strong>Nicephoro</strong></span> 
     </span>
    </p>
   </div>
   <div class='ocr_carea' id='block_1_7' title="bbox 1840 1474 1890 3224">
    <p class='ocr_par' dir='ltr' id='par_1_7' title="bbox 1840 1474 1890 3224">
     <span class='ocr_line' id='line_1_18' title="bbox 1840 1474 1890 3224; baseline 0 0"><span class='ocrx_word' id='word_1_127' title='bbox 1840 1474 1890 3224; x_wconf 95' lang='lat' dir='ltr'><strong> </strong></span> 
     </span>
    </p>
   </div>
  </div>
 </body>
</html>
