1890 3224
303 182 395 227 120
463 183 738 236 QUERCIUS
766 183 822 225 IN
851 183 1110 226 EXPEDIT.
1135 184 1391 228 PERSICAE
1413 185 1531 228 ACR.
1551 184 1623 227 ΠΙ.

299 291 547 344 expandente
568 292 746 330 diabolus
768 299 986 364 super-atus?
991 300 1063 331 est.
1093 291 1367 332 Theodoretus
1385 294 1542 348 Quae-st.
1556 295 1599 331 in
1610 293 1737 331 Exod.

297 349 374 390 34:
402 351 475 389 τοῦ
501 348 798 400 σταυρωθέντος
827 347 929 401 ὑπὲρ
957 349 1076 402 ἡμῶν
1107 346 1279 402 ἐπλήρου
1309 365 1378 392 τον
1406 346 1535 389 τύπον
1555 350 1738 390 ἐκτείνων

297 421 367 452 τας
397 408 544 457 χεῖρας·
594 404 753 458 ἐδείχθη
792 405 927 446 τοίνυν
956 406 1023 446 καὶ
1053 405 1096 446 ἐν
1131 409 1185 460 τῷ
1223 403 1335 446 τύπω
1372 409 1444 458 τῆς
1480 402 1672 458 ἅληθείας
1711 403 1740 456 ’ἡ

297 457 477 512 δύναμις.

407 515 504 556 418.
560 516 688 553 Exocl.
713 518 738 556 8
768 518 807 556 2.
866 515 985 554 deum
1003 531 1044 554 re
1064 530 1156 554 vera
1175 519 1241 554 vel
1266 517 1329 555 dei
1349 517 1488 566 filium,
1517 530 1595 556 non
1615 530 1739 568 ange-

297 573 382 608 hun
400 572 626 622 apparuisse
643 573 745 610 Mosi
763 571 906 610 diserte
924 580 1087 611 testatur
1105 573 1253 622 Pisida,
1282 580 1460 612 veterum
1478 580 1634 625 patrum
1650 574 1737 624 opi-

297 629 408 665 nloni
435 630 702 677 consentiens,
741 641 840 680 quos
865 628 1000 667 laudat
1030 631 1244 668 calmetius
1274 632 1316 668 in
1345 632 1427 668 suis
1449 631 1663 668 Commeat.
1696 631 1738 667 in

296 683 492 722 Exodum.

407 738 503 781 419.
561 738 679 777 deum
699 741 741 777 in
761 741 856 778 rubo
877 742 1108 792 loquentem
1130 742 1252 780 fuisse
1279 744 1444 780 verbum
1462 748 1643 779 constans
1661 742 1738 778 fuit

297 797 547 848 antiquorum
566 798 771 835 sententia.
831 796 976 835 videsis
995 798 1038 836 S.
1061 799 1254 850 cyrillum
1273 799 1426 835 Hieros.
1450 797 1607 835 Cateelz.
1632 800 1683 838 10
1699 804 1738 834 et

298 857 364 894 11.
425 859 464 890 at
488 866 580 890 vero
608 853 750 890 rubum
775 855 1066 891 incombustum
1093 854 1157 889 dei
1173 855 1485 891 incarnationem
1499 853 1737 904 significasse

294 922 412 946 nemo
431 922 512 946 non
533 909 754 946 affirmavit.
785 911 904 946 rubus
927 910 1053 946 carnis
1074 915 1156 946 erat
1177 910 1415 961 symbolum,
1445 917 1484 947 et
1507 911 1611 960 ignis
1634 908 1739 947 divi-

294 966 452 1002 nitatis:
486 965 586 1002 sicut
618 971 750 1001 autem
776 966 881 1016 ignis
914 965 1075 1013 rubum,
1115 967 1170 1002 ita
1198 965 1324 1004 deitas
1350 965 1637 1003 humanitatem
1657 979 1738 1003 non

294 1022 557 1072 consumpsit3
596 1019 701 1058 unde
734 1019 830 1058 duas
855 1023 896 1058 iu
921 1019 1076 1059 Christo
1099 1034 1184 1059 esse
1202 1028 1362 1060 naturas
1386 1024 1559 1073 integras
1579 1023 1738 1059 illaesas

294 1083 334 1113 et
355 1077 581 1115 inconfusas
607 1077 816 1115 manifeste
841 1079 1044 1114 evincitur.
1103 1090 1182 1130 quo
1215 1088 1309 1116 sane
1341 1081 1499 1129 respicit
1527 1077 1662 1116 Pisida
1685 1077 1738 1115 ad

294 1132 553 1171 confutandas
570 1132 753 1170 haereses
771 1135 832 1171 sui
851 1135 1037 1184 temporis
1057 1135 1234 1171 maxime
1255 1136 1442 1172 intentus.
1478 1134 1612 1172 dicens
1630 1136 1738 1172 enim

294 1188 401 1240 quod
419 1191 548 1227 Moses
571 1185 824 1241 ἄπηκρίβωσε
851 1186 926 1241 τήν
955 1187 1084 1242 φλόγα
1106 1189 1149 1230 ἐν
1173 1186 1306 1244 βάτῳ,
1343 1189 1411 1230 καὶ
1435 1188 1510 1243 τήν
1540 1187 1665 1243 βάτον
1687 1185 1738 1230 ου’

290 1245 589 1297 πεφλεγμένην,
619 1244 716 1282 duas
739 1247 780 1282 in
800 1245 873 1283 deo
893 1247 1094 1283 incarnato
1111 1255 1191 1283 non
1211 1247 1391 1285 confusas
1409 1253 1568 1285 naturas
1583 1248 1737 1284 Mosem

293 1303 524 1351 cognovisse
547 1308 679 1337 contra
696 1301 994 1351 Monophysitas
1014 1302 1196 1337 affinnat.

403 1355 500 1397 421.
556 1354 691 1393 Pisida
716 1363 852 1393 auctor
876 1362 936 1394 est
955 1357 1109 1394 Mosem
1130 1362 1214 1394 tam
1239 1362 1488 1407 praesentem
1511 1355 1635 1393 fuisse
1662 1354 1736 1394 deo

291 1418 336 1449 ut
355 1412 441 1463 ipse
462 1410 559 1449 deus
579 1413 754 1461 Mosem,
790 1419 833 1450 ut
861 1419 964 1460 erat,
1002 1423 1117 1449 carne
1144 1413 1330 1450 vestitum
1354 1411 1518 1460 viderit,
1547 1419 1588 1449 et
1606 1413 1736 1451 Moses

292 1469 410 1506 etiam
430 1481 510 1505 non
530 1469 670 1519 spiritu
691 1441 763 1506 sed
791 1471 961 1524 σαρκικῇ
987 1469 1162 1523 θεωρία,
1193 1479 1308 1517 vere,
1340 1470 1522 1507 intuitive
1550 1474 1590 1505 et
1612 1468 1737 1506 oculis

291 1524 513 1562 carnalibus
540 1524 660 1562 deum
689 1527 949 1576 conspexerit.
1008 1509 1248 1576 disputatum
1281 1498 1444 1577 q'uidem
1469 1531 1530 1562 'est
1565 1526 1735 1576 saepius,

291 1579 490 1632 quomodo
513 1579 633 1618 deum
649 1580 819 1618 viderint
836 1583 965 1618 Moses
980 1581 1142 1618 Paullus
1165 1587 1204 1617 et
1218 1579 1455 1631 prophetae:
1486 1581 1529 1618 S.
1550 1583 1735 1618 Irenaeus

291 1643 427 1673 contra
445 1636 619 1674 haereses
645 1636 714 1674 lib.
737 1637 763 1677 4
789 1651 823 1674 c.
849 1640 903 1679 20
929 1638 1132 1674 neminem
1160 1635 1279 1674 deum
1305 1636 1451 1675 vidisse
1478 1637 1581 1674 facie
1600 1635 1651 1674 ad
1672 1637 1735 1673 fa-

290 1693 412 1741 ciem,
443 1694 559 1730 sicuti
578 1700 658 1742 est,
686 1693 822 1731 multis
840 1693 979 1744 probat
999 1694 1255 1744 argumentis.
1311 1706 1393 1731 non
1414 1690 1636 1741 manifeste,
1665 1694 1734 1740 ait,

290 1750 419 1799 ipsam
431 1749 588 1800 faciem
607 1749 672 1786 dei
688 1748 877 1786 videbant
890 1749 1125 1799 prophetae,
1161 1749 1232 1786 sed
1250 1749 1518 1799 dispositiones
1538 1756 1574 1786 et
1593 1755 1736 1799 myste—

289 1806 370 1849 ria,
402 1818 479 1854 per
500 1818 602 1856 quae
621 1807 805 1855 inciperet
824 1805 939 1842 homo
956 1805 1087 1842 videre
1105 1805 1235 1842 deum.
1297 1818 1399 1857 quae
1417 1805 1537 1842 verba
1557 1817 1648 1841 cum
1671 1806 1734 1853 iis,

291 1872 393 1912 quae
413 1860 461 1896 de
480 1859 555 1897 hac
575 1873 616 1896 re
633 1860 752 1897 tradit
770 1866 882 1898 vetus
899 1860 1079 1910 inprimis
1101 1866 1247 1908 auctor,
1277 1862 1360 1898 sive
1376 1861 1590 1912 Dionysius
1606 1862 1735 1899 Areo-

288 1917 445 1967 pagna,
476 1916 524 1953 cle
543 1915 641 1953 cael.
661 1917 777 1953 Hier.
800 1929 835 1952 c.
861 1915 888 1955 4
910 1919 935 1957 3
964 1916 1128 1953 mirifice
1149 1917 1399 1954 conveniunt.
1455 1919 1618 1957 Irenaeo
1637 1929 1734 1957 con-

289 1973 462 2010 sentiunt
480 1973 612 2023 plures
634 1985 686 2010 ss.
706 1978 856 2023 patres,
901 1984 1000 2023 quos
1025 1974 1127 2010 inter
1145 1972 1408 2011 consulendus
1426 1973 1470 2010 S.
1488 1971 1733 2023 Augustinus

288 2027 359 2064 lib.
385 2030 436 2069 12
456 2028 504 2066 de
528 2028 628 2066 Gen.
651 2028 709 2066 ad
733 2028 794 2065 lit.
827 2042 863 2065 c.
885 2030 940 2069 27
963 2035 1003 2065 et
1018 2030 1093 2076 28,
1126 2035 1163 2065 et
1180 2028 1229 2065 de
1257 2029 1395 2067 Dina.
1423 2027 1493 2065 lib.
1514 2031 1541 2069 2
1559 2041 1594 2065 c.
1623 2030 1673 2069 17
1696 2035 1735 2065 et

291 2086 356 2131 18,
387 2085 456 2135 qui
480 2091 634 2122 sanctos
652 2086 757 2122 viros
775 2091 813 2121 et
829 2082 1041 2135 prophetas
1057 2096 1138 2121 non
1160 2085 1328 2134 corporis
1348 2083 1419 2122 sed
1438 2085 1581 2121 mentis
1600 2085 1731 2132 oculo,

289 2146 482 2191 quantum
507 2139 660 2178 homini
680 2141 742 2179 fas
760 2141 856 2188 fuit,
897 2139 1071 2178 divinam
1089 2142 1301 2177 essentiam
1319 2142 1601 2192 introspexisse
1622 2153 1732 2179 asse—

286 2203 408 2233 verat.

397 2250 494 2293 431·
551 2247 707 2303 αὐτοῖς]
739 2251 922 2289 videlicet
941 2254 1023 2299 τοῖς
1040 2249 1200 2300 τέκνοις.

397 2307 492 2349 432.
551 2307 600 2345 de
621 2308 747 2346 forma
770 2309 941 2345 Heraclii
975 2308 1107 2345 confer
1133 2320 1290 2346 versum
1313 2308 1367 2349 99
1396 2305 1563 2345 huiusce
1581 2308 1730 2345 Acroa-

288 2375 388 2402 seos.

397 2417 492 2460 488.
550 2418 691 2457 alludit
710 2418 762 2457 ad
780 2432 931 2485 equum
948 2421 1055 2469 solis,
1085 2418 1135 2457 de
1154 2432 1232 2471 quo
1253 2419 1424 2456 Aeroas.
1450 2422 1469 2459 1
1492 2421 1560 2460 23-

399 2472 494 2515 439.
553 2474 734 2528 σέβοντες
749 2489 820 2527 pro
840 2472 1058 2528 σεβόντων,
1099 2477 1248 2513 scilicet
1275 2476 1318 2515 οἳ
1345 2474 1506 2527 σέβουσι
1531 2472 1629 2527 μετὰ
1653 2489 1730 2527 χει-

287 2544 370 2583 ρων
389 2525 540 2582 ἅσεβως
556 2530 813 2584 ηπλωμὲνων.
841 2534 981 2570 Persas
1004 2535 1058 2569 ita
1075 2538 1340 2583 repraesentat
1358 2529 1556 2568 incondite
1576 2532 1728 2568 iactan-

287 2594 346 2623 tes
368 2586 651 2640 tendentesque
673 2585 724 2626 ad
740 2590 893 2626 caelum
910 2602 1070 2637 manus,
1101 2595 1145 2626 ut
1171 2593 1343 2639 opponat
1368 2584 1619 2636 Christianis,
1658 2588 1727 2639 qui

289 2642 470 2680 manibus
493 2656 611 2694 supra
626 2651 762 2696 pectus
787 2646 829 2682 in
854 2646 1026 2682 somnam
1053 2646 1177 2682 crucis
1196 2642 1350 2680 modice
1370 2645 1578 2694 expausis,
1617 2649 1661 2680 ut
1682 2642 1725 2679 in

287 2698 422 2736 multis
442 2701 612 2751 antiquis
631 2703 896 2739 monumentis
916 2701 1050 2738 videre
1069 2707 1140 2748 est,
1171 2697 1290 2736 deum
1305 2697 1628 2750 deprecabantur.

397 2754 495 2796 451.
549 2758 758 2796 Persarum
782 2757 1001 2797 socordiam
1022 2763 1151 2804 taxat,
1189 2768 1287 2807 quos
1314 2755 1460 2807 ubique
1486 2768 1567 2792 non
1594 2755 1725 2800 minus

286 2810 430 2862 impios
449 2824 569 2863 quam
590 2815 688 2854 viles
703 2815 810 2853 facit.
868 2821 1040 2855 ceterum
1063 2814 1105 2850 in
1134 2811 1242 2850 hisce
1270 2811 1419 2850 ultimis
1442 2809 1643 2850 versiculis
1657 2808 1723 2846 iu-
