1890 3224
636 181 862 225 BELLUM
894 181 1201 226 AVARJGUM..
1573 174 1636 227 61

289 294 376 338 345>
404 291 566 351 γνώμας
586 291 775 346 ἐνόπλους
797 297 864 338 καὶ
885 296 1154 352 τεθηγμένους
1179 292 1333 353 λόγους.

401 361 558 413 τούτοις
576 361 776 418 ὓπαχθεὶς
795 371 879 415 τοῖς
898 363 1029 420 λόγοις
1047 365 1228 422 ἐτέρπετο

401 430 422 473 ὅ
447 436 528 473 τῶν
552 434 727 474 Σκυθῶν
749 430 964 490 τύραννος,
992 431 1019 487 ἡ
1041 431 1180 490 πρώτη
1199 430 1348 488 βλάβη.

450 499 588 554 Ὅμως
613 498 634 541 ὃ
660 497 821 543 πάντων
842 500 1032 558 ἀσφαλὴς
1051 500 1294 557 ζυγοστάτης

399 569 466 609 καὶ
483 557 628 611 τοῦτον
654 568 787 611 αὐτὸν1
800 569 871 611 τὸν
894 569 1044 612 σκοπὸν
1061 569 1162 626 παρ’
1188 570 1352 618 ἐλπίδας

285 635 367 679 350
402 637 458 685 εἷς
476 636 549 690 τὴν
572 636 663 678 κατ’
688 637 815 680 αὐτοῦ
834 638 1051 695 συμφορὰν
1069 637 1341 695 ἀντιστρέφει..

400 704 490 746 δέον
510 704 587 761 γὰρ
614 704 735 747 αὐτὸν
755 705 1014 762 συγκαλύψαι
1035 706 1105 748 τὸν
1126 704 1245 748 δόλον

394 776 487 828 σιγῇ
505 790 548 814 τε
572 771 727 830 κρύψαι
747 774 842 824 τοὺς
861 773 1067 824 λαθόντας
1090 774 1299 830 ἀγγέλους,

395 845 504 881 ποιεῖ
517 839 563 881 τὸ
586 841 761 896 κρυπτὸν
782 842 977 898 ἐμφανές,
1013 843 1080 884 καὶ
1105 843 1253 896 γίνεται

334 948 338 954 ,
396 905 628 961 σύμβουλος
644 908 795 965 ἐχθρὸς
814 911 881 951 καὶ
901 907 1121 966 κατήγορος
1144 910 1274 966 φίλος.

282 972 364 1015 355
398 975 484 1017 ἐπεὶ
498 974 576 1031 γὰρ
592 969 725 1029 ἦλθον
743 976 782 1018 οῗ
803 981 937 1027 καλῶς
953 978 1199 1031 ἐσταλμένοι,

396 1041 604 1097 ἀμήχανον
625 1043 700 1096 μὲν
719 1044 790 1086 τὸν
808 1045 910 1101 πρὸς
930 1043 1090 1101 εἰρήνην
1106 1043 1224 1100 λόγον

395 1109 596 1168 φήσαντες
616 1109 722 1153 εἶναι
738 1112 808 1154 τὸν
829 1112 981 1155 σκοπὸν
1003 1117 1077 1155 τοῦ
1097 1109 1326 1169 βαρβάρου,

394 1179 464 1220 τὸν
482 1179 684 1235 Περσικὸν
702 1180 745 1222 δὲ
760 1179 818 1234 μὴ
839 1182 1058 1237 διαδρᾶσαι
1079 1179 1213 1232 δόλον,

396 1245 639 1304 φυλάττεται
662 1248 736 1301 μὲν
759 1252 832 1303 τῆς
851 1246 1069 1303 θαλάσσης
1087 1246 1113 1303 ἦ
1133 1246 1248 1306 θύρα

279 1315 362 1355 360
394 1315 468 1364 τὰς
493 1312 673 1365 εἰσόδους
694 1317 887 1359 κλείσασα
910 1323 1000 1366 ταῖς
1021 1314 1227 1368 διεξόδοις,

394 1381 597 1424 ἁλίσκεται
619 1384 663 1425 δὲ
683 1382 891 1438 συντόμως
905 1384 957 1426 τὰ
977 1385 1201 1439 κλέμματα,

396 1452 462 1492 καὶ
483 1451 626 1500 νυκτὸς
648 1450 763 1508 ἴργον
784 1457 873 1509 φῶς
894 1452 1056 1507 ἀνέσχεν
1075 1451 1241 1509 ἡμέρας.

394 1518 526 1560 κοινὸν
542 1518 621 1574 γὰρ
643 1517 747 1573 εἶχον
765 1521 917 1570 πένθος
933 1522 976 1570 ἐξ
996 1519 1083 1569 ἑνὸς
1104 1518 1256 1576 τρόπου

393 1586 438 1628 τὸ
457 1583 661 1643 Περσικόν
680 1604 722 1629 τε
743 1589 810 1629 καὶ
828 1588 874 1630 τὸ
895 1587 1109 1645 βάρβαρον
1129 1589 1253 1643 γένος,

235 1666 241 1667 ’
278 1654 359 1697 365
393 1654 488 1704 τοὺς
506 1654 777 1709 ἀνταμοιβοῦς
794 1657 1096 1712 προσδοκῶντες
1113 1655 1315 1711 ἀγγέλους.

446 1722 553 1764 Ἐπεὶ
573 1723 616 1764 δὲ
637 1723 776 1765 λοιπὸν
795 1728 869 1778 τῆς
886 1722 1021 1778 μάχης
1039 1723 1065 1778 ἦ
1086 1726 1206 1780 κυριά

395 1790 496 1845 πρὸς
512 1790 585 1843 τὴν
604 1792 732 1846 κρίσιν
748 1796 925 1846 συνῆλθε
944 1792 1018 1846 τὴν
1037 1790 1286 1848 θεόγραφον,

394 1855 514 1899 πάλιν
534 1857 585 1900 σὺ
604 1856 785 1912 κάμνεις·
822 1859 869 1901 οὗ
889 1859 968 1916 γὰρ
991 1857 1178 1908 ἀσκόπως
1199 1856 1368 1915 φθάσας

394 1929 466 1978 τῆς
485 1923 712 1981 κοινότητος
726 1927 906 1977 ἓντολεὺς
928 1924 1194 1981 κατεστάθης.

278 1995 362 2034 370
394 1993 532 2045 λαβὼν
562 1994 606 2035 ὁὲ
627 1999 784 2038 θᾶττον
807 1995 877 2038 τὸν
903 1994 1123 2052 συνήγορον
1145 1993 1275 2050 λόγον,

267 2130 336 2167 856
357 2142 399 2166 an
423 2132 501 2168 τῶν
522 2153 570 2159 -
592 2132 740 2179 λόγωνὶ)

130 2273 135 2281 ·
177 2254 291 2299 gentia
305 2255 469 2290 convicia.
507 2255 602 2291 hisce
615 2257 748 2292 illectus
762 2257 972 2292 sermonibus
987 2257 1225 2291 delectabatur
1235 2253 1440 2299 Scytharum
1454 2256 1633 2298 tyrannus,

177 2299 286 2345 prima
308 2301 418 2335 labes.
465 2305 502 2335 at
514 2313 618 2344 vero,
640 2303 698 2347 qui
713 2314 770 2338 res
785 2302 905 2337 omnes
916 2307 1013 2338 recta
1026 2303 1122 2337 lance
1136 2301 1322 2348 ponderat,
1346 2300 1411 2334 hoc
1424 2299 1534 2344 ipsum
1549 2310 1631 2352 con-

178 2345 284 2380 silium
304 2356 443 2392 praeter
462 2358 554 2392 spem
577 2348 682 2392 (350)
704 2348 739 2382 in
762 2349 852 2383 illius
869 2349 1091 2383 calamitatem
1108 2347 1290 2382 convertit.
1336 2345 1520 2391 oportebat
1533 2354 1632 2386 enim,

177 2394 217 2425 ut
235 2387 296 2426 ille
321 2393 447 2427 celaret
470 2393 588 2436 dolos,
610 2397 795 2438 tacensque
817 2395 1042 2429 absconderet
1065 2394 1149 2428 clam
1172 2394 1290 2428 missos
1307 2391 1452 2425 nuntios.
1498 2389 1559 2443 sed
1573 2401 1631 2423 oc-

177 2436 304 2472 cultum
325 2438 410 2473 facit
429 2439 660 2481 manifestum3
694 2439 784 2473 unde
807 2440 849 2473 fit
872 2440 1081 2474 consiliarius
1102 2440 1210 2473 hostis
1236 2442 1272 2472 et
1294 2440 1473 2471 accusator
1495 2445 1632 2469 amicus.

177 2482 282 2528 (355)
303 2487 482 2528 postquam
506 2485 595 2519 enim
616 2484 748 2519 rediere
771 2485 859 2519 benc
878 2485 972 2521 missi
985 2485 1113 2527 nuntii,
1135 2488 1175 2518 ut
1189 2484 1280 2518 nullo
1297 2486 1397 2528 pacto
1414 2484 1574 2526 ageretur
1590 2480 1634 2513 de

179 2538 285 2572 pace,
307 2529 465 2564 dixerunt
487 2541 562 2565 esse
589 2538 734 2565 mentem
753 2531 913 2576 barbari,
937 2543 980 2565 ac
999 2532 1183 2566 Persarum
1198 2531 1365 2564 detectam
1380 2539 1455 2562 esse
1467 2526 1631 2580 fraudem.

181 2578 252 2607 tum
273 2574 407 2618 quidem
431 2576 620 2611 custoditur
642 2576 744 2611 maris
757 2576 910 2621 ostium,
943 2578 1047 2620 (360)
1070 2581 1194 2612 vetans
1208 2587 1252 2609 ne
1265 2577 1402 2620 pateret
1422 2582 1568 2626 egresst
1581 2582 1633 2604 m-

180 2619 318 2654 troitus.
364 2620 659 2666 deprehenduntur
680 2633 764 2657 vero
789 2622 903 2657 statim
924 2623 1084 2664 fraudes,
1108 2626 1144 2656 et
1168 2620 1280 2655 noctis
1300 2630 1386 2664 opus
1399 2619 1563 2664 patefecit
1576 2617 1633 2650 lux

181 2663 263 2700 diei.
309 2675 418 2709 aeque
440 2667 526 2701 enim
549 2672 627 2703 erat
649 2668 826 2702 sollicitum
843 2680 886 2702 ex
900 2679 967 2702 una
981 2679 1082 2702 causa
1103 2669 1354 2710 Persarumque
1367 2668 1403 2698 et
1415 2665 1633 2698 barbarorum

180 2720 288 2753 genus
310 2711 414 2756 (365)
435 2712 470 2745 in
484 2713 606 2748 mutuis
619 2713 858 2768 exspectandis
871 2714 1005 2748 nuntiis.
1034 2717 1213 2759 postquam
1228 2723 1310 2746 vero
1325 2710 1462 2745 tandem
1475 2708 1558 2743 belli
1571 2707 1634 2759 dp-

181 2754 272 2789 mina
287 2755 332 2789 ad
345 2758 545 2793 seutentiam
560 2762 716 2794 convemt
730 2759 872 2793 caelitus
886 2759 1059 2804 scriptam,
1073 2762 1111 2792 tu
1125 2768 1241 2792 rursus
1256 2757 1425 2790 allaboras
1434 2768 1444 2788 ε
1466 2766 1534 2788 non
1549 2761 1634 2786 emm

180 2799 370 2847 improvido
386 2803 524 2839 consilio
540 2815 653 2840 rerum
667 2816 826 2840 summam
842 2804 997 2840 adsidens
1010 2803 1217 2850 gubernasti.
1263 2802 1362 2848 (370)
1385 2800 1564 2844 statimque
1577 2807 1635 2831 ac-
