1838 3210
249 167 314 214 72
650 206 654 209 .
826 167 907 210 DU
936 164 1128 210 cANGn

364 275 432 319 15.
476 273 751 316 Altitudinem
765 288 858 314 vero
877 280 1029 313 tantam
1044 287 1129 313 esse
1146 271 1278 326 prodit
1294 274 1507 327 Procopius
1517 302 1528 322 ‚
1557 280 1601 312 ut
1614 286 1697 314 nou

249 332 367 373 modo
393 341 519 372 cetera
535 334 642 371 urbis
662 330 839 369 aedificia
859 333 1168 383 superexcellat,
1198 330 1270 369 sed
1290 337 1329 368 et
1347 345 1401 369 ex
1421 344 1604 399 supremo
1627 344 1697 368 ae·-

110 387 138 422 P
161 386 228 423 533
252 390 313 428 dis
333 393 477 428 vertice
498 390 591 428 urbs
609 395 691 427 tota
713 387 971 440 despiciatur.
1001 387 1167 455 ἐπῆρται
1193 403 1268 456 γαρ
1292 386 1332 434 ἔς
1356 383 1466 438 ὕψος
1490 383 1697 439 ου’ράνιον,

205 479 207 481 >
250 443 345 488 όσον
375 447 441 487 καὶ
470 444 598 496 ω’σπερ
629 459 714 485 των
737 442 869 486 ἄλλων
891 429 1223 510 οἰκοδομημάτων
1242 439 1545 484 οἷποσαλεύουσα
1565 442 1698 484 ἐπινέ-

251 518 408 552 νευκεν,
453 500 714 571 υπερκειμένη
742 504 793 556 τῇ
820 499 917 556 ἄλλῃ
944 496 1076 550 πόλει,
1116 502 1320 571 κοσμοῦσα
1348 498 1426 551 μὲν
1446 495 1595 551 αυτήν,
1636 496 1698 540 ότι

251 555 375 610 αὐτῆς
401 557 528 606 ἐστίν,
559 542 805 609 ωραϊζομένη
836 556 899 606 δέ,
929 573 991 597 οτι
1023 553 1147 623 αυτῆς
1177 551 1281 597 ουσα
1309 554 1377 596 καὶ
1406 554 1699 624 ἐπεμβαίνουσα

249 617 441 655 τοσοῦτον
466 609 616 665 ἆνὲχει,
647 610 747 654 move
781 611 831 665 δη
864 613 1029 654 ἐνθένδε
1046 611 1077 664 ἦ
1095 608 1211 660 πόλις
1231 612 1276 653 ἐκ
1294 614 1498 664 περιωπῆς
1520 607 1699 652 ἀποσκο-

250 675 392 711 πεῖται.
450 683 567 721 porro
599 669 850 708 altitudinem
872 683 895 707 a
918 682 1072 707 summa
1091 675 1297 707 curvatura
1319 681 1480 706 arcuum
1502 681 1627 720 usque
1647 667 1708 706 ad.

247 729 521 778 pavimentum
550 733 709 764 centum
733 725 992 778 quadraginta
1019 724 1186 764 duorum
1210 724 1360 777 pedum
1390 738 1475 762 esse
1505 726 1559 762 ait
1590 723 1700 762 idem

251 784 429 834 Gyllius:
475 795 572 820 nam
599 781 647 820 de
676 795 723 820 ea
748 783 838 820 silet
861 783 1078 833 Euagrius,
1119 783 1189 834 qui
1217 780 1468 819 altitudinem
1493 787 1648 818 tantum
1675 793 1700 818 a

252 846 386 877 centro
415 836 698 890 hemisphaerii
725 839 866 887 refert,
897 837 946 876 de
970 851 1048 890 qua
1071 851 1232 889 agemus
1253 838 1371 875 iufra.
1428 836 1702 875 Bondelmon-

248 897 326 933 tius
352 908 445 933 vero
473 908 496 932 a
519 894 716 933 testudine
742 893 852 933 aedis
882 894 935 933 ad
955 895 1228 947 pavimentum
1254 892 1506 932 altitudinem
1532 906 1618 932 esse
1644 895 1700 931 ait

251 952 332 997 144
352 950 616 989 brachiorum.

362 1008 441 1048 16.-
485 1009 633 1045 Totam
661 1004 770 1044 aedis
799 1012 1034 1044 structuram
1070 1006 1250 1044 ambiunt
1282 1006 1498 1043 exteriores
1527 1006 1702 1056 porticus

249 1064 442 1101 columnis
470 1064 699 1101 marmoreis
727 1070 966 1101 sustentatae
987 1064 1220 1115 musivoque
1244 1075 1364 1114 opere
1385 1068 1619 1109 exornatae,
1650 1060 1702 1098 de

249 1120 394 1172 quibus
423 1121 555 1157 nescio
589 1132 640 1156 an
669 1119 790 1156 verba
817 1120 894 1157 ista
923 1121 1105 1186 Procopii
1127 1118 1318 1170 capienda
1339 1119 1438 1166 sint,
1469 1131 1520 1154 an
1540 1130 1633 1156 vero
1651 1116 1702 1155 de

248 1177 500 1213 interioribus
518 1176 751 1226 porticibus·
781 1172 873 1223 τίς
856 1173 970 1215 οἷν-
981 1191 1054 1223 τας
1068 1190 1109 1216 τε
1123 1178 1379 1228 παμπληθεῖς
1397 1175 1566 1226 διηγεῖτο
1585 1171 1704 1221 στοας

248 1231 316 1272 καὶ
334 1229 404 1279 τοὶς
422 1227 681 1284 περιπόλους
699 1227 835 1282 αὐλάς,
863 1227 926 1279 αἷς
946 1230 967 1272 ὁ
983 1246 1083 1279 νεως
1100 1231 1398 1285 περιβέβληται,
1428 1229 1484 1267 ad
1493 1229 1703 1267 mendlem

251 1289 359 1325 enim
391 1295 430 1325 et
456 1289 763 1338 septentrionem
782 1286 923 1325 habuit
942 1289 1114 1338 porticus
1135 1289 1369 1335 exteriores,
1399 1293 1443 1324 ut
1467 1294 1505 1324 et
1527 1285 1579 1323 ad
1596 1287 1703 1324 occi·-

251 1343 433 1392 dentem,
472 1342 520 1380 de
549 1343 691 1395 quibus
715 1356 814 1381 mox
843 1345 967 1381 acturi
997 1357 1146 1382 sumus.
1202 1357 1297 1382 nam
1328 1316 1380 1380 ad
1409 1344 1604 1380 orientem
1631 1343 1705 1380 vix

250 1399 485 1437 crediderim
516 1398 955 1451 exstitisse‚‘quicquid
980 1399 1085 1437 dicat
1110 1400 1287 1452 Gyllius‚
1317 1400 1387 1451 qui
1414 1400 1471 1435 ait
1490 1399 1704 1436 verisimile

249 1469 335 1494 esse
354 1457 473 1494 istam
490 1454 677 1494 cecidisse
699 1457 834 1507 aliquo
852 1462 979 1493 terrae
997 1462 1131 1505 motu,
1161 1457 1364 1507 ipsiusque
1379 1457 1423 1492 in
1438 1456 1574 1492 locum
1591 1456 1705 1492 exci-

247 1519 373 1550 tatam
393 1512 516 1550 fuisse
535 1513 685 1550 molem
701 1513 814 1549 illam
835 1524 937 1563 quae
955 1510 1075 1550 hodie
1097 1519 1226 1550 exstat
1243 1510 1377 1562 lapide
1394 1510 1586 1563 quadrato
1606 1524 1705 1548 con-

249 1575 396 1607 structa
408 1597 418 1616 ‚
449 1568 559 1606 velut
579 1566 736 1618 crepido
759 1567 905 1605 clivosa
922 1568 1074 1605 obiecta
1093 1566 1144 1605 ad
1161 1566 1405 1605 fulciendam
1421 1573 1576 1618 partem
1593 1566 1705 1605 aedis

250 1625 497 1672 orientalem.
553 1625 715 1675 quippe,
745 1624 819 1660 etsi
835 1621 952 1661 aedes
970 1636 1103 1661 sacrae
1118 1625 1288 1661 maiores
1302 1624 1516 1674 porticibus
1534 1625 1706 1661 circum-

251 1682 359 1731 cingi
390 1681 583 1727 solerent,
613 1678 666 1717 ad
694 1680 886 1716 orientem
903 1685 1037 1716 tamen
1056 1680 1190 1717 nullae
1209 1679 1504 1727 excitabantur,
1532 1679 1633 1717 forte
1653 1679 1728 1717 ob·.

249 1737 418 1774 bematis
440 1743 478 1773 et
496 1736 731 1773 sacrosancti
750 1735 884 1773 altaris
901 1737 1174 1784 reverentiam,
1197 1734 1305 1787 quod
1324 1734 1377 1772 ad
1392 1742 1546 1786 partem
1563 1737 1707 1787 templi

253 1793 483 1830 orientalem
506 1804 661 1842 semper
682 1798 785 1839 erat,
813 1804 865 1828 ne
886 1804 931 1829 eo
954 1793 1181 1829 coeuntium
1198 1791 1374 1829 tumultu
1393 1804 1438 1828 ac
1458 1792 1708 1843 obloquentis

250 1849 380 1899 plebis
400 1848 627 1899 garrulitate
646 1859 756 1885 sacra
771 1847 1002 1884 facientium
1020 1847 1270 1885 sacerdotum
1286 1847 1509 1885 turbaretur
1527 1849 1713 1887 attentio..

251 1903 295 1942 id
330 1906 437 1942 enim
470 1905 563 1941 satis
589 1902 722 1955 prodit
749 1904 964 1954 Procopius
989 1902 1038 1941 de
1061 1903 1195 1941 Aedif.
1218 1906 1239 1944 1
1270 1905 1320 1951 8,
1349 1903 1419 1940 ubi
1439 1904 1493 1941 ait
1510 1905 1708 1955 templum

244 1961 297 1999 S.
317 1959 553 1998 ΜὶοΙιοόΙὶε·
542 1972 585 1996 ln
602 1959 757 2010 Anaplo
781 1960 928 2011 ubique
948 1961 1162 2011 porticibus
1185 1960 1445 1997 exterioribus
1465 1961 1571 2011 cingi
1587 1974 1708 2011 prae-

251 2023 435 2068 terquam
464 2015 515 2053 ad
545 2017 761 2053 orientem:
792 2013 886 2056 στοα
909 2013 976 2055 τόν
997 2031 1099 2056 νεων
1115 2012 1342 2067 περιβάλλει
1360 2012 1564 2067 ἐγκύκλιος
1585 2017 1641 2064 εἰς
1657 2032 1708 2057 τα

255 2070 358 2125 πρὸς
387 2072 438 2113 ἕω
465 2073 701 2113 διαλιπουσα
720 2067 859 2121 μόνον.
915 2072 1061 2109 similia
1079 2070 1199 2109 tradit
1220 2069 1269 2108 de
1288 2069 1386 2108 aede
1407 2070 1590 2123 deiparae
1607 2074 1708 2110 Hie-

258 2129 539 2180 rosolymitana
570 2127 595 2168 5
625 2129 676 2168 6:
707 2127 750 2165 αἳ
778 2125 942 2178 (στοαὶ)
971 2124 1251 2180 περιβάλλουσι
1278 2124 1324 2168 vo*
1355 2124 1464 2181 ἱερον
1485 2125 1579 2170 όλον
1599 2127 1708 2182 πλὴν

257 2186 330 2235 τῆς
347 2181 448 2234 πρὸς
467 2182 517 2223 ἕω
535 2180 798 2234 τετραμμένης
815 2185 999 2235 πλευρᾶς.

372 2241 437 2280 17.
494 2240 547 2276 At
572 2237 623 2274 ad
652 2237 895 2276 occidentem
917 2238 1058 2289 templi
1076 2238 1239 2287 valvae,
1266 2237 1397 2290 inquit
1414 2239 1590 2290 Gyllius,
1619 2241 1708 2280 loco

258 2296 446 2333 vestibuli
462 2292 560 2331 duas
578 2294 750 2345 porticus
766 2292 936 2342 habent,
963 2294 1213 2341 inferiorem,
1243 2306 1321 2346 qua
1356 2294 1486 2332 aditur
1512 2298 1709 2348 templum

257 2352 378 2402 plano
412 2349 536 2402 pede,
575 2351 840 2400 superiorem,
880 2362 958 2402 qua
989 2349 1310 2402 gynaeconitides
1348 2352 1462 2388 aulae
1499 2352 1707 2403 adeuntur,

260 2408 397 2445 ambas
422 2413 504 2444 tam
530 2406 669 2456 longas
699 2419 819 2457 quam
835 2407 1030 2457 templum
1047 2407 1191 2454 latum,
1222 2407 1351 2457 largas
1367 2409 1509 2458 viginti
1526 2416 1612 2447 octo
1633 2423 1709 2460 pe-

261 2463 344 2501 des.
400 2463 548 2500 Paulus
579 2462 826 2501 silentiarius
852 2469 955 2514 part.
975 2466 1003 2504 2
1023 2476 1064 2501 v.
1082 2465 1109 2505 9
1132 2475 1328 2500 marmore
1357 2462 1499 2514 grandi
1528 2472 1708 2504 constru-

263 2526 344 2558 ctas
366 2520 443 2557 ait·

476 2570 698 2640 μηκεδανος
720 2568 763 2614 δ’
786 2571 852 2614 ἐπὶ
870 2576 974 2614 τοῖσι
991 2572 1096 2614 πυλα
1100 2601 1239 2611 ........
1266 2569 1405 2623 αυλόν,

479 2626 715 2681 δεχνύμενος
736 2626 976 2700 προσιόντας
993 2628 1154 2699 *nineve--
1163 2630 1435 2683 ηθυρέτροις,

478 2688 607 2738 μῆκος
626 2682 764 2737 ἕχων”
745 2697 839 2727 οσον
861 2680 976 2740 ευρος
993 2682 1193 2739 ἀνάκτορα
1211 2685 1380 2727 θέσκελα
1399 2689 1513 2738 νηοῦ.

266 2740 314 2780 de
331 2740 395 2781 his
413 2741 516 2780 binis
534 2742 748 2810 porticibus
768 2741 1074 2781 occidentalibus
1093 2743 1149 2780 ita
1166 2750 1368 2794 praeterea
1386 2744 1602 2795 Euagrius:
1631 2743 1710 2785 εἰσὶ

266 2796 308 2840 δὲ
331 2814 431 2853 προς
451 2793 643 2851 δυόμενον
658 2794 775 2852 ἥλιον
794 2798 999 2854 ἐκπρεπεῖς
1014 2798 1140 2853 ἕτεραι
1158 2799 1269 2842 στοαὶ
1291 2797 1390 2850 δύο,
1415 2799 1485 2842 καὶ
1503 2797 1709 2847 πάντοθεν
