1890 3224
512 161 818 207 NIGEPHORI
849 160 1257 207 FRAGMENTUMz
1509 162 1603 210 133

268 270 359 326 περὶ
389 266 440 312 οὗ
467 269 536 313 καὶ
562 269 588 313 6
613 275 730 320 θεῖος
752 267 989 342 Νικηφόρος
1012 269 1273 343 πατριάρχης
1276 274 1606 314 Κωνσταντινου-
1627 275 1657 309 Ρ
1678 275 1726 310 86

155 324 310 376 πόλεως
325 324 460 369 τοιάδε
477 329 622 396 φησίν·
661 323 858 398 “Ἐπειδη“
884 330 928 370 δέ
953 344 1044 370 τινα
1069 327 1179 384 παρὰ
1204 332 1290 378 τοῖς
1318 325 1610 397 Χριστομιὶχοις

156 388 455 438 περιθρυλεῖται
483 400 585 438 απερ
617 380 755 433 αυτοῖς
791 382 817 426 o‘
845 388 920 427 τοῦ
950 382 1133 437 ψεύδους-
1167 383 1298 438 πατήρ
1338 382 1609 437 ἐμπνεύσειεν,

157 440 255 494 φέρε
283 441 352 482 καὶ
376 443 501 481 ταῦτα
524 438 850 510 διασκεψώμεθα.
903 438 1225 492 καταψεύδονται
1250 457 1327 498 γαρ
1355 439 1422 482 δια
1449 457 1523 494 την
1551 442 1611 490 εἰς

124 496 334 551 5Χριστόν
361 497 430 538 καὶ
455 512 528 550 την
557 497 769 569 ἐκκλησίαν
795 493 927 538 αιῖτοιῖ
948 495 1071 552 ῧβριν
1099 494 1269 551 χρόνους
1301 499 1516 551 μηκίστους
1539 497 1610 539 καὶ

154 553 480 622 παρατεταμένην
512 551 618 606 ζωην
641 553 710 595 καὶ
736 555 830 622 βίον
852 550 1016 607 εὔπαθῆ
1034 557 1305 624 μεμετρῆσθαι
1323 557 1381 594 ‘mi
1398 557 1609 623 Μαμωνα,

154 609 224 649 καὶ
255 606 468 678 εὐημερίας
496 610 553 658 εἰς
581 626 706 663 ακρον
732 607 890 660 έλασαι,
920 611 1035 659 νίκας
1059 626 1102 653 τε
1128 609 1230 652 κατὰ
1237 595 1470 681 αἱβαρβάρων
1499 607 1612 667 αυτῷ

155 664 226 705 καὶ
238 662 594 736 ἆνδραγαθήματα
624 682 680 715 ως
706 670 867 708 πλεῖστα
890 664 1258 739 ἐπιγράφονται,““
1230 684 1256 708 α
1288 671 1372 714 τοῖς
1400 652 1610 720 σώφροσιν

157 718 252 762 ουδὲ
283 723 341 771 εἰς
369 719 565 776 ακρόασιν
588 722 772 776 ἔρχεσθαι
790 724 958 764 δίκαιον.
1017 723 1073 772 οἷς
1096 720 1138 765 δ’
1160 739 1214 764 αν
1230 725 1311 764 τοῖν
1328 722 1608 791 ἁπλουστέρων
1631 727 1662 762 Β

103 774 185 830 1οἢ
215 775 498 831 ἆμαθεστὲρων
522 794 634 828 τινας
664 783 747 828 τοῖς
775 779 819 821 ἐκ
842 796 917 829 της
942 775 1100 833 ἆπᾶτης
1129 776 1404 832 ἆναπλασμοῖς
1425 777 1480 832 μὴ
1509 776 1609 833 βλά-

154 849 310 884 πτοιεν,
337 832 506 884 τούτους
528 831 870 884 α’πευθύνοντες”
847 848 1012 878 εκαστον
1030 838 1177 886 δεινοῖς
1194 833 1328 905 λόγοις
1347 834 1512 884 ἕαυτους
1531 851 1609 906 φε-

155 892 389 940 νακίζοντας
423 888 714 944 ἅποφαίνωμεν
744 896 828 941 τοῖς
865 890 1168 959 ματαιόφροσιν.
1225 908 1283 935 οτι
1320 890 1394 961 μὲν
1421 909 1498 946 γαρ
1531 908 1608 934 ουν

153 946 310 988 ἐκείνου
338 949 424 988 πᾶν
452 945 615 1018 αἰσχρὸν
642 948 798 1001 γέγονε,
827 945 1034 1001 βδελυκτὸς
1056 964 1098 991 τε
1121 951 1211 1005 θεῷ
1237 948 1306 990 καὶ
1335 944 1516 1018 αγγέλοις
1538 948 1608 990 καὶ

155 999 391 1072 ἀνθρώποις
407 1007 491 1051 τοῖς
511 1002 714 1055 εὕσεβέσιν
731 1003 929 1071 υπῆρχεν,
960 1002 1036 1046 οὐκ
1052 990 1296 1077 οἷσυμφανές.
1350 1005 1422 1046 καὶ
1445 1021 1521 1058 γαρ
1550 1006 1608 1054 εἷς

101 1066 145 1102 15
155 1056 204 1099 τα“
235 1062 307 1109 τῆς
339 1056 505 1126 σαρκὸς
513 1057 631 1111 παθη
666 1057 1006 1113 κατασυρόμενος,
1048 1061 1115 1102 καὶ
1150 1064 1235 1110 τοῖς
1268 1057 1609 1127 απηγορευμένοις

155 1112 376 1182 βαρβάροις
400 1114 469 1154 καὶ
483 1110 649 1180 ’Ἕλλησι
666 1118 782 1167 σῶμα
802 1116 870 1156 καὶ
889 1114 1027 1169 ψυχὴν
1048 1116 1072 1158 6
1090 1118 1262 1164 δείλαιος
1279 1114 1608 1169 έμμολυνόμενος,

155 1167 230 1221 τήν
246 1185 327 1211 των
346 1166 502 1223 α’λόγων
519 1167 634 1225 ζώων
650 1168 855 1241 παρήλασε
868 1172 1108 1223 κτηνωδίαν.
1163 1171 1232 1212 καὶ
1250 1175 1375 1212 ταῦτα
1383 1170 1466 1213 ὀὐκ
1481 1170 1608 1227 ὀλίγοι

127 1229 129 1234 “
155 1241 238 1267 των
245 1226 636 1297 παραιτησαμένων
647 1223 759 1295 αυτῷ
773 1226 885 1298 μέχρι
901 1228 1019 1280 δεῦρο
1039 1223 1242 1296 περιόντες
1259 1191 1608 1296 έπαγγελλέτωσαν.
1632 1232 1665 1266 C

157 1278 257 1334 μεθ’
277 1298 334 1322 ων
351 1281 420 1322 καὶ
435 1276 557 1322 ταλλα
578 1280 636 1323 δι’
655 1299 681 1322 α
704 1267 857 1335 περὶτὰ
875 1285 1001 1352 σῶμα
1013 1279 1125 1354 αυτῷ
1146 1280 1411 1336 κατήντησαν.
1465 1282 1611 1334 πόνοις

100 1335 233 1391 Ξογαρ
258 1338 328 1378 καὶ
356 1335 571 1407 α’λγηδόσιν
594 1334 806 1392 ἆρρήτοις,
835 1334 902 1381 οἷα
918 1336 1023 1388 εἰκὸς
1037 1338 1132 1389 τους
1150 1339 1415 1393 εἷλκωμένους
1432 1353 1613 1394 πασχειν,
1664 1363 1667 1366 ·

157 1391 403 1465 βαλλόμενος
421 1392 608 1448 πονήρως
627 1411 737 1462 αγαν
767 1394 836 1435 καὶ
866 1392 1092 1463 οἷνηκέστως
1120 1395 1307 1447 διέκειτο,
1337 1398 1406 1437 καί
1424 1413 1514 1438 τινα
1530 1401 1614 1438 τῶν

157 1454 287 1503 μελῶν
319 1448 403 1492 v‘nd
433 1453 528 1517 τῆς
538 1448 738 1500 ἕλκοίσεως
766 1450 836 1492 καὶ
871 1447 1125 1522 διαβρόσεως
1162 1448 1470 1521 ἆπερρυηκότων
1504 1449 1615 1494 αυταῒ

157 1508 338 1556 ἐλεεινῶς
365 1502 641 1560 κατετρῦχετο,
671 1506 926 1575 συνεχέστατα
946 1506 1038 1549 δὲ’
1008 1505 1090 1549 υπό
1110 1524 1192 1549 των
1210 1505 1406 1563 Ἐρινύων
1430 1496 1614 1562 ἐκδειμα-

156 1560 351 1615 τούμενος
377 1566 528 1616 πικροῖς
555 1578 598 1604 τε
623 1562 692 1604 καὶ
721 1559 886 1612 οἷΰπνως
911 1559 1105 1613 πολλακις
1126 1562 1199 1605 τὸν
1221 1563 1456 1634 νυκτερινὸν
1476 1564 1614 1620 καιρόν

101 1626 146 1663 25
159 1617 337 1672 διήνυσε.
391 1620 599 1672 παρείσθω
619 1635 669 1660 τα
686 1622 763 1661 νῦν
777 1619 905 1674 λέγειν
925 1618 970 1662 τὸ
994 1623 1067 1674 τῆς
1088 1621 1243 1673 διαίτης
1262 1617 1381 1674 αηδές
1398 1636 1439 1663 τε
1454 1622 1524 1664 καὶ
1548 1623 1613 1663 αἶ’·

247 1697 271 1731 7
293 1692 487 1739 ευημερίον
508 1694 810 1740 vu1g0.18
831 1694 1192 1741 συνδιαιτησαμὲνων
1212 1697 1394 1732 Petavius.

249 1774 294 1808 de
328 1785 396 1819 quo
430 1779 467 1808 et
496 1774 634 1808 divinus
663 1773 886 1828 Nicephorus
919 1773 1119 1819 patriarcha
1152 1774 1355 1820 Cpolitanus
1383 1775 1435 1809 ita
1457 1774 1612 1828 loquitur

158 1816 179 1830 “
188 1819 350 1865 quoniam
381 1831 467 1853 vero
500 1821 544 1854 ab
580 1819 728 1853 inimicis
752 1819 885 1853 Christi
909 1819 1070 1854 nonnulla
1091 1820 1264 1854 iactantur
1285 1832 1329 1855 ex
1349 1820 1520 1854 mendacii
1544 1833 1609 1867 pa-

157 1866 268 1900 rentis
286 1866 429 1909 afflatu,
452 1876 519 1910 age
540 1876 626 1899 vero
645 1865 835 1900 cuiusmodi
853 1865 925 1900 sint
942 1877 986 1900 ea
1002 1866 1272 1900 consideremus.
1318 1877 1396 1900 nam
1414 1867 1459 1900 ad
1478 1867 1612 1901 Christi

156 1911 289 1946 domini
319 1910 556 1955 ecclesiaeque
587 1911 825 1945 contumeliam
855 1911 995 1945 mentiri
1028 1911 1098 1945 ista
1130 1911 1260 1955 solent,
1297 1911 1481 1946 diuturnae
1514 1912 1610 1946 vitae

158 1957 274 2003 spatia
293 1967 369 1990 cum
391 1956 547 1990 maximis
570 1956 806 2001 voluptatibus
826 1957 977 2010 pessimo
999 1956 1081 1990 huic
1098 1957 1314 1996 Mammonae
1331 1968 1410 1991 esse
1430 1968 1608 2002 concessa,

158 2004 372 2047 eundemque
391 2001 570 2036 felicitatis
590 2013 723 2035 summa
742 2002 944 2046 contigisse.
991 2002 1055 2036 sed
1076 2006 1113 2036 et
1131 2002 1286 2047 insignes
1307 2003 1351 2036 de
1373 2003 1533 2038 barbaris
1550 2003 1606 2037 vi-

157 2049 305 2091 ctorias,
330 2052 366 2081 et
391 2047 534 2093 egregia
557 2047 663 2081 multa
683 2047 840 2081 facinora
861 2047 1039 2092 tribuunt,
1063 2059 1153 2092 quae
1175 2059 1220 2082 ne
1242 2048 1362 2082 auditu
1383 2048 1523 2092 quidem
1544 2061 1609 2095 par

159 2098 215 2128 est
250 2095 446 2128 admittere.
497 2094 560 2127 sed
590 2105 634 2127 ne
666 2092 940 2138 imperitioribus
972 2093 1180 2138 minimeque
1211 2093 1309 2127 malis
1340 2093 1534 2128 hominibus
1567 2107 1610 2129 ea

157 2139 339 2192 mendacia
369 2138 485 2173 fraudi
513 2139 600 2182 sint,
634 2139 866 2184 redarguendi
895 2138 946 2172 illi
973 2139 1075 2173 nobis
1106 2144 1226 2184 erunt,
1262 2144 1302 2173 ut
1330 2145 1545 2193 quantopere
1570 2153 1610 2175 se

157 2184 230 2229 ipsi
252 2184 419 2218 inanibus
440 2184 493 2218 his
511 2185 726 2219 sermonibus
754 2185 975 2219 ludificentur
996 2184 1205 2229 intelligant.
1251 2184 1358 2228 igitur
1380 2185 1495 2220 omnia
1518 2185 1609 2220 illius

158 2241 263 2275 quam
292 2229 501 2283 turpissima
523 2230 653 2274 fuisse,
695 2242 841 2275 eumque
875 2231 941 2265 deo
971 2230 1104 2275 angelis
1138 2242 1180 2265 ac
1207 2229 1382 2274 religiosis
1415 2230 1611 2266 hominibus

158 2275 390 2309 execrabilem
414 2274 614 2319 exstitisse,
647 2287 862 2330 nequaquam
886 2280 940 2310 est
961 2277 1158 2311 obscurum.
1203 2287 1282 2310 nam
1304 2287 1380 2310 cum
1402 2276 1494 2310 omni
1517 2288 1556 2311 se
1573 2277 1611 2311 in

156 2321 339 2355 libidinum
361 2331 490 2365 genere
512 2320 703 2365 volutaret,
726 2321 840 2367 iisque
862 2333 987 2367 corpus
1010 2333 1108 2357 suum
1136 2325 1173 2356 et
1194 2322 1343 2356 animum
1365 2328 1612 2375 conspurcaret

159 2377 250 2411 quae
275 2373 344 2400 tam
366 2365 525 2399 barbaris
548 2377 648 2410 quam
666 2367 852 2410 gentilibus
873 2371 956 2402 sunt
974 2368 1103 2412 vetita,
1126 2367 1230 2411 longe
1247 2367 1430 2420 pecudes·
1418 2379 1513 2413 1psas
1532 2368 1610 2402 foe-

159 2412 271 2446 ditate
294 2411 484 2457 superavit.
531 2416 642 2465 atque
658 2412 746 2446 haec
774 2424 843 2447 non
863 2413 967 2458 pauci
987 2414 1048 2459 qui
1070 2424 1146 2447 cum
1178 2424 1220 2447 eo
1243 2412 1406 2446 vixerunt
1429 2418 1466 2447 et
1487 2414 1608 2448 hodie-

160 2469 229 2502 que
253 2461 438 2502 supersunt
462 2456 645 2491 testificari
667 2462 851 2502 poterunt3
873 2471 939 2493 nec
960 2471 1029 2513 non
1048 2463 1084 2493 et
1106 2457 1206 2492 varia
1224 2458 1382 2502 corporis
1398 2457 1612 2494 incommoda

162 2503 288 2548 quibus
314 2504 406 2537 idem
427 2502 495 2537 fuit
518 2502 701 2537 obnoxius.
747 2484 922 2539 doloribus
958 2504 1048 2539 enim
1078 2516 1119 2538 ac
1147 2504 1375 2549 cruciatibus,
1412 2504 1473 2549 qui
1498 2502 1611 2550 expli-

163 2549 237 2582 cari
257 2549 403 2583 dicendo
426 2552 622 2593 nequeunt,
653 2549 935 2602 excarnificatus,
968 2549 1158 2584 cuiusmodi
1180 2548 1337 2583 ulcerosa
1359 2561 1506 2595 corpora
1527 2562 1609 2595 per-

163 2593 238 2638 peti
255 2600 519 2628 consentaneum
539 2599 604 2638 est,
623 2594 773 2647 pessime
790 2606 832 2629 ac
850 2595 927 2630 sine
943 2595 1011 2630 ullo
1030 2595 1182 2629 remedio
1203 2599 1279 2629 erat
1296 2595 1455 2630 affectus.
1503 2607 1612 2640 quare

162 2639 325 2673 nonnulla
354 2640 506 2673 membra
536 2639 708 2674 ulceribus
732 2640 838 2674 adesa
864 2653 906 2676 ac
929 2644 1130 2685 consumpta
1160 2651 1235 2674 cum
1258 2640 1467 2675 intolerabili
1491 2641 1610 2675 dolore

161 2684 381 2719 diffluebant.
426 2685 489 2719 sed
519 2691 556 2720 et
584 2691 752 2731 perpetuo
781 2686 996 2742 intemperiis
1020 2686 1170 2731 agitatus
1190 2685 1390 2741 plerumque
1410 2693 1529 2720 noctes
1553 2687 1607 2720 in—

161 2741 297 2765 somnes
322 2742 364 2766 ac
385 2730 641 2767 molestissimas
663 2732 822 2767 ducebat.
870 2734 990 2770 omitto
1012 2732 1128 2769 victus
1150 2731 1374 2769 acerbitatem
1394 2743 1435 2768 ac
1457 2731 1607 2777 turpitu
