<?xml version="1.0" encoding="UTF-8"?>
<!DOCTYPE html PUBLIC "-//W3C//DTD XHTML 1.0 Transitional//EN"
    "http://www.w3.org/TR/xhtml1/DTD/xhtml1-transitional.dtd">
<html xmlns="http://www.w3.org/1999/xhtml" xml:lang="en" lang="en">
 <head>
  <title>
</title>
<meta http-equiv="Content-Type" content="text/html;charset=utf-8" />
  <meta name='ocr-system' content='tesseract 3.04.00' />
  <meta name='ocr-capabilities' content='ocr_page ocr_carea ocr_par ocr_line ocrx_word'/>
</head>
<body>
  <div class='ocr_page' id='page_1' title='image "./corpusscriptorum42niebuoft/corpusscriptorum42niebuoft_0313.png"; bbox 0 0 1890 3224; ppageno 0'>
   <div class='ocr_carea' id='block_1_1' title="bbox 625 160 1639 211">
    <p class='ocr_par' dir='ltr' id='par_1_1' title="bbox 625 160 1639 211">
     <span class='ocr_line' id='line_1_1' title="bbox 625 160 1639 211; baseline -0.004 -1"><span class='ocrx_word' id='word_1_1' title='bbox 625 167 854 211; x_wconf 84' lang='lat' dir='ltr'><strong>BELLUM</strong></span> <span class='ocrx_word' id='word_1_2' title='bbox 890 165 1196 210; x_wconf 79' lang='lat' dir='ltr'><strong>AVARICUM.</strong></span> <span class='ocrx_word' id='word_1_3' title='bbox 1574 160 1639 207; x_wconf 85' lang='lat'><strong>65</strong></span> 
     </span>
    </p>
   </div>
   <div class='ocr_carea' id='block_1_2' title="bbox 199 276 1668 2713">
    <p class='ocr_par' dir='ltr' id='par_1_2' title="bbox 199 276 1668 2706">
     <span class='ocr_line' id='line_1_2' title="bbox 401 276 1222 338; baseline -0.004 -13"><span class='ocrx_word' id='word_1_4' title='bbox 401 283 581 338; x_wconf 77' lang='grc' dir='ltr'><em>ἐπῆλθον</em></span> <span class='ocrx_word' id='word_1_5' title='bbox 599 280 715 336; x_wconf 74' lang='grc' dir='ltr'><em>ἡμῶν</em></span> <span class='ocrx_word' id='word_1_6' title='bbox 735 280 808 324; x_wconf 79' lang='grc' dir='ltr'><em>σὺν</em></span> <span class='ocrx_word' id='word_1_7' title='bbox 831 283 911 338; x_wconf 85' lang='grc' dir='ltr'><strong>βοῇ</strong></span> <span class='ocrx_word' id='word_1_8' title='bbox 930 286 1019 329; x_wconf 84' lang='grc' dir='ltr'><em>ταῖς</em></span> <span class='ocrx_word' id='word_1_9' title='bbox 1042 276 1222 331; x_wconf 76' lang='grc' dir='ltr'><em>ὁλκάσιν,</em></span> 
     </span>
     <span class='ocr_line' id='line_1_3' title="bbox 287 345 1151 405; baseline -0.005 -12"><span class='ocrx_word' id='word_1_10' title='bbox 287 350 370 394; x_wconf 89' lang='grc'><strong>450</strong></span> <span class='ocrx_word' id='word_1_11' title='bbox 403 351 587 394; x_wconf 72' lang='grc' dir='ltr'><em>ἐντεῦθεν</em></span> <span class='ocrx_word' id='word_1_12' title='bbox 603 345 653 405; x_wconf 76' lang='grc' dir='ltr'><em>ἦν</em></span> <span class='ocrx_word' id='word_1_13' title='bbox 676 349 827 405; x_wconf 75' lang='grc' dir='ltr'><em>ἄδηλος</em></span> <span class='ocrx_word' id='word_1_14' title='bbox 844 347 870 404; x_wconf 77' lang='grc' dir='ltr'><em>ἦ</em></span> <span class='ocrx_word' id='word_1_15' title='bbox 891 347 992 403; x_wconf 84' lang='grc' dir='ltr'><em>δήλη</em></span> <span class='ocrx_word' id='word_1_16' title='bbox 1015 346 1126 403; x_wconf 88' lang='grc' dir='ltr'><em>μάχη</em></span> <span class='ocrx_word' id='word_1_17' title='bbox 1139 361 1151 372; x_wconf 95' lang='grc'>·</span> 
     </span>
     <span class='ocr_line' id='line_1_4' title="bbox 401 412 1281 475; baseline -0.003 -14"><span class='ocrx_word' id='word_1_18' title='bbox 401 417 527 474; x_wconf 88' lang='grc' dir='ltr'><em>μόνην</em></span> <span class='ocrx_word' id='word_1_19' title='bbox 549 419 627 475; x_wconf 80' lang='grc' dir='ltr'><strong>γὰρ</strong></span> <span class='ocrx_word' id='word_1_20' title='bbox 652 416 764 471; x_wconf 76' lang='grc' dir='ltr'><em>οἶμαι</em></span> <span class='ocrx_word' id='word_1_21' title='bbox 783 417 857 472; x_wconf 84' lang='grc' dir='ltr'><strong>τὴν</strong></span> <span class='ocrx_word' id='word_1_22' title='bbox 877 420 1071 459; x_wconf 77' lang='grc' dir='ltr'>τεκοῦσαν</span> <span class='ocrx_word' id='word_1_23' title='bbox 1091 412 1281 473; x_wconf 84' lang='grc' dir='ltr'><em>ἀσπόρως</em></span> 
     </span>
     <span class='ocr_line' id='line_1_5' title="bbox 401 484 1256 538; baseline -0.005 -8"><span class='ocrx_word' id='word_1_24' title='bbox 401 487 453 530; x_wconf 81' lang='grc' dir='ltr'><em>τὰ</em></span> <span class='ocrx_word' id='word_1_25' title='bbox 474 485 572 537; x_wconf 81' lang='grc' dir='ltr'><em>τόξα</em></span> <span class='ocrx_word' id='word_1_26' title='bbox 595 492 719 528; x_wconf 87' lang='grc' dir='ltr'><em>τεῖναι</em></span> <span class='ocrx_word' id='word_1_27' title='bbox 740 487 807 528; x_wconf 86' lang='grc' dir='ltr'><strong>καὶ</strong></span> <span class='ocrx_word' id='word_1_28' title='bbox 827 489 967 538; x_wconf 78' lang='grc' dir='ltr'><em>βαλεῖν</em></span> <span class='ocrx_word' id='word_1_29' title='bbox 991 484 1066 537; x_wconf 84' lang='grc' dir='ltr'><strong>τὴν</strong></span> <span class='ocrx_word' id='word_1_30' title='bbox 1088 484 1256 536; x_wconf 87' lang='grc' dir='ltr'><em>ἀσπίδα,</em></span> 
     </span>
     <span class='ocr_line' id='line_1_6' title="bbox 403 552 1291 609; baseline -0.005 -11"><span class='ocrx_word' id='word_1_31' title='bbox 403 557 471 598; x_wconf 89' lang='grc' dir='ltr'><strong>καὶ</strong></span> <span class='ocrx_word' id='word_1_32' title='bbox 489 561 579 604; x_wconf 89' lang='grc' dir='ltr'><em>ταῖς</em></span> <span class='ocrx_word' id='word_1_33' title='bbox 597 552 762 609; x_wconf 75' lang='grc' dir='ltr'><strong><em>ἀδήλοις</em></strong></span> <span class='ocrx_word' id='word_1_34' title='bbox 779 557 1029 607; x_wconf 80' lang='grc' dir='ltr'><em>συμπλοκαῖς</em></span> <span class='ocrx_word' id='word_1_35' title='bbox 1047 552 1291 608; x_wconf 78' lang='grc' dir='ltr'><em>μεμιγμένην</em></span> 
     </span>
     <span class='ocr_line' id='line_1_7' title="bbox 399 619 1374 679; baseline -0.003 -14"><span class='ocrx_word' id='word_1_36' title='bbox 399 622 586 677; x_wconf 78' lang='grc' dir='ltr'><em>βάλλειν,</em></span> <span class='ocrx_word' id='word_1_37' title='bbox 613 619 866 679; x_wconf 78' lang='grc' dir='ltr'><em>τιτρώσκειν,</em></span> <span class='ocrx_word' id='word_1_38' title='bbox 896 620 1151 675; x_wconf 85' lang='grc' dir='ltr'><em>ἀντιπέμπειν</em></span> <span class='ocrx_word' id='word_1_39' title='bbox 1171 620 1218 663; x_wconf 82' lang='grc' dir='ltr'><em>τὸ</em></span> <span class='ocrx_word' id='word_1_40' title='bbox 1242 621 1374 677; x_wconf 81' lang='grc' dir='ltr'><em>ξίφος,</em></span> 
     </span>
     <span class='ocr_line' id='line_1_8' title="bbox 291 687 1276 748; baseline -0.001 -16"><span class='ocrx_word' id='word_1_41' title='bbox 291 691 372 735; x_wconf 87' lang='grc'><strong>455</strong></span> <span class='ocrx_word' id='word_1_42' title='bbox 403 691 635 748; x_wconf 78' lang='grc' dir='ltr'><em>ἀνατρέπειν</em></span> <span class='ocrx_word' id='word_1_43' title='bbox 656 707 699 733; x_wconf 89' lang='grc' dir='ltr'><strong>τε</strong></span> <span class='ocrx_word' id='word_1_44' title='bbox 721 692 791 733; x_wconf 82' lang='grc' dir='ltr'><strong>καὶ</strong></span> <span class='ocrx_word' id='word_1_45' title='bbox 812 687 1026 732; x_wconf 80' lang='grc' dir='ltr'><em>καλύπτειν</em></span> <span class='ocrx_word' id='word_1_46' title='bbox 1047 689 1101 732; x_wconf 79' lang='grc' dir='ltr'><em>τὰ</em></span> <span class='ocrx_word' id='word_1_47' title='bbox 1123 687 1276 746; x_wconf 89' lang='grc' dir='ltr'><em>σκάφη,</em></span> 
     </span>
     <span class='ocr_line' id='line_1_9' title="bbox 405 757 1213 813; baseline -0.004 -11"><span class='ocrx_word' id='word_1_48' title='bbox 405 761 548 802; x_wconf 77' lang='grc' dir='ltr'><em>δοῦναί</em></span> <span class='ocrx_word' id='word_1_49' title='bbox 565 776 607 802; x_wconf 84' lang='grc' dir='ltr'><strong>τε</strong></span> <span class='ocrx_word' id='word_1_50' title='bbox 629 763 728 802; x_wconf 78' lang='grc' dir='ltr'><em>πᾶσι</em></span> <span class='ocrx_word' id='word_1_51' title='bbox 749 758 819 802; x_wconf 84' lang='grc' dir='ltr'><strong>τὸν</strong></span> <span class='ocrx_word' id='word_1_52' title='bbox 835 757 972 813; x_wconf 86' lang='grc' dir='ltr'><em>βυθὸν</em></span> <span class='ocrx_word' id='word_1_53' title='bbox 994 758 1213 800; x_wconf 82' lang='grc' dir='ltr'><em>κατοικίαν.</em></span> 
     </span>
     <span class='ocr_line' id='line_1_10' title="bbox 405 826 1258 883; baseline -0.004 -14"><span class='ocrx_word' id='word_1_54' title='bbox 405 827 514 878; x_wconf 78' lang='grc' dir='ltr'><em>ξένον</em></span> <span class='ocrx_word' id='word_1_55' title='bbox 533 826 610 883; x_wconf 79' lang='grc' dir='ltr'><strong>γὰρ</strong></span> <span class='ocrx_word' id='word_1_56' title='bbox 636 827 751 868; x_wconf 75' lang='grc' dir='ltr'><em>οὐδέν</em></span> <span class='ocrx_word' id='word_1_57' title='bbox 758 857 774 878; x_wconf 87' lang='lat'><strong><em>,</em></strong></span> <span class='ocrx_word' id='word_1_58' title='bbox 800 827 835 868; x_wconf 82' lang='grc' dir='ltr'><strong>εἲ</strong></span> <span class='ocrx_word' id='word_1_59' title='bbox 854 829 1024 879; x_wconf 75' lang='grc' dir='ltr'><em>πολεμεῖ</em></span> <span class='ocrx_word' id='word_1_60' title='bbox 1039 826 1258 881; x_wconf 74' lang='grc' dir='ltr'><em>παρθένος,</em></span> 
     </span>
     <span class='ocr_line' id='line_1_11' title="bbox 407 889 1321 951; baseline -0.001 -15"><span class='ocrx_word' id='word_1_61' title='bbox 407 895 463 937; x_wconf 75' lang='grc' dir='ltr'><strong>δι’</strong></span> <span class='ocrx_word' id='word_1_62' title='bbox 489 889 539 949; x_wconf 76' lang='grc' dir='ltr'><strong>ἧς</strong></span> <span class='ocrx_word' id='word_1_63' title='bbox 561 898 773 951; x_wconf 75' lang='grc' dir='ltr'><em>παρῆλθεν</em></span> <span class='ocrx_word' id='word_1_64' title='bbox 794 895 850 943; x_wconf 83' lang='grc' dir='ltr'><strong>εἲς</strong></span> <span class='ocrx_word' id='word_1_65' title='bbox 870 893 916 935; x_wconf 84' lang='grc' dir='ltr'><em>τὸ</em></span> <span class='ocrx_word' id='word_1_66' title='bbox 938 897 1012 948; x_wconf 86' lang='grc' dir='ltr'><strong>τῆς</strong></span> <span class='ocrx_word' id='word_1_67' title='bbox 1033 897 1172 947; x_wconf 83' lang='grc' dir='ltr'><em>ψυχῆς</em></span> <span class='ocrx_word' id='word_1_68' title='bbox 1195 893 1321 947; x_wconf 82' lang='grc' dir='ltr'><em>σέβας</em></span> 
     </span>
     <span class='ocr_line' id='line_1_12' title="bbox 405 959 1328 1019; baseline -0.003 -14"><span class='ocrx_word' id='word_1_69' title='bbox 405 962 478 1005; x_wconf 80' lang='grc' dir='ltr'><em>οὐκ</em></span> <span class='ocrx_word' id='word_1_70' title='bbox 499 961 591 1005; x_wconf 79' lang='grc' dir='ltr'><em>οἶδα</em></span> <span class='ocrx_word' id='word_1_71' title='bbox 611 966 698 1012; x_wconf 82' lang='grc' dir='ltr'><strong>πῶς</strong></span> <span class='ocrx_word' id='word_1_72' title='bbox 719 965 957 1019; x_wconf 77' lang='grc' dir='ltr'><em>πεμφθεῖσα</em></span> <span class='ocrx_word' id='word_1_73' title='bbox 977 960 1164 1018; x_wconf 78' lang='grc' dir='ltr'><em>ῥομφαία</em></span> <span class='ocrx_word' id='word_1_74' title='bbox 1186 959 1328 1003; x_wconf 86' lang='grc' dir='ltr'><em>πάλιν·</em></span> 
     </span>
     <span class='ocr_line' id='line_1_13' title="bbox 290 1028 1130 1087; baseline -0.004 -14"><span class='ocrx_word' id='word_1_75' title='bbox 290 1032 372 1075; x_wconf 87' lang='grc'><strong>460</strong></span> <span class='ocrx_word' id='word_1_76' title='bbox 408 1030 518 1085; x_wconf 79' lang='grc' dir='ltr'><em>ὅμως</em></span> <span class='ocrx_word' id='word_1_77' title='bbox 537 1033 750 1087; x_wconf 78' lang='grc' dir='ltr'><em>παρῆλθεν</em></span> <span class='ocrx_word' id='word_1_78' title='bbox 771 1029 800 1084; x_wconf 81' lang='grc' dir='ltr'><em>ἢ</em></span> <span class='ocrx_word' id='word_1_79' title='bbox 822 1031 990 1084; x_wconf 82' lang='grc' dir='ltr'><em>διῆλθεν</em></span> <span class='ocrx_word' id='word_1_80' title='bbox 1008 1028 1130 1079; x_wconf 78' lang='grc' dir='ltr'><em>ὀξέως</em></span> 
     </span>
     <span class='ocr_line' id='line_1_14' title="bbox 405 1094 1256 1156; baseline -0.004 -14"><span class='ocrx_word' id='word_1_81' title='bbox 405 1097 600 1156; x_wconf 83' lang='grc' dir='ltr'><em>τρώσασα</em></span> <span class='ocrx_word' id='word_1_82' title='bbox 618 1098 693 1153; x_wconf 83' lang='grc' dir='ltr'><strong>τὴν</strong></span> <span class='ocrx_word' id='word_1_83' title='bbox 714 1096 896 1154; x_wconf 74' lang='grc' dir='ltr'><em>ἄτρωτον</em></span> <span class='ocrx_word' id='word_1_84' title='bbox 918 1096 1104 1150; x_wconf 72' lang='grc' dir='ltr'><em>οὐδαμοῦ</em></span> <span class='ocrx_word' id='word_1_85' title='bbox 1120 1094 1256 1154; x_wconf 79' lang='grc' dir='ltr'><em>φύσιν.</em></span> 
     </span>
     <span class='ocr_line' id='line_1_15' title="bbox 466 1160 1332 1221; baseline -0.005 -12"><span class='ocrx_word' id='word_1_86' title='bbox 466 1165 587 1210; x_wconf 79' lang='grc' dir='ltr'><em>Οὕτω</em></span> <span class='ocrx_word' id='word_1_87' title='bbox 605 1166 679 1220; x_wconf 79' lang='grc' dir='ltr'><em>μὲν</em></span> <span class='ocrx_word' id='word_1_88' title='bbox 703 1160 774 1207; x_wconf 70' lang='grc' dir='ltr'><em>οὖν</em></span> <span class='ocrx_word' id='word_1_89' title='bbox 793 1165 923 1207; x_wconf 76' lang='grc' dir='ltr'><em>ἐκεῖνα</em></span> <span class='ocrx_word' id='word_1_90' title='bbox 943 1163 997 1206; x_wconf 80' lang='grc' dir='ltr'><em>τὰ</em></span> <span class='ocrx_word' id='word_1_91' title='bbox 1013 1164 1172 1220; x_wconf 79' lang='grc' dir='ltr'><em>γλυπτοὶ</em></span> <span class='ocrx_word' id='word_1_92' title='bbox 1193 1162 1332 1221; x_wconf 87' lang='grc' dir='ltr'><em>σκάφη</em></span> 
     </span>
     <span class='ocr_line' id='line_1_16' title="bbox 408 1230 1252 1291; baseline -0.002 -15"><span class='ocrx_word' id='word_1_93' title='bbox 408 1233 477 1276; x_wconf 86' lang='grc' dir='ltr'><strong>τὸν</strong></span> <span class='ocrx_word' id='word_1_94' title='bbox 498 1233 625 1291; x_wconf 81' lang='grc' dir='ltr'><em>ὅρμον</em></span> <span class='ocrx_word' id='word_1_95' title='bbox 647 1231 752 1287; x_wconf 75' lang='grc' dir='ltr'><em>εἶχον</em></span> <span class='ocrx_word' id='word_1_96' title='bbox 773 1234 816 1283; x_wconf 71' lang='grc' dir='ltr'><strong>ἐξ</strong></span> <span class='ocrx_word' id='word_1_97' title='bbox 836 1230 1013 1288; x_wconf 79' lang='grc' dir='ltr'><em>ἀνάγκης</em></span> <span class='ocrx_word' id='word_1_98' title='bbox 1029 1234 1085 1282; x_wconf 79' lang='grc' dir='ltr'><strong>εἷς</strong></span> <span class='ocrx_word' id='word_1_99' title='bbox 1106 1231 1252 1287; x_wconf 83' lang='grc' dir='ltr'><em>ζάλην·</em></span> 
     </span>
     <span class='ocr_line' id='line_1_17' title="bbox 408 1298 1319 1358; baseline -0.001 -14"><span class='ocrx_word' id='word_1_100' title='bbox 408 1302 536 1357; x_wconf 88' lang='grc' dir='ltr'><em>πολλὴ</em></span> <span class='ocrx_word' id='word_1_101' title='bbox 562 1302 606 1344; x_wconf 77' lang='grc' dir='ltr'><strong>δὲ</strong></span> <span class='ocrx_word' id='word_1_102' title='bbox 626 1299 775 1358; x_wconf 80' lang='grc' dir='ltr'><em>φύρσις</em></span> <span class='ocrx_word' id='word_1_103' title='bbox 795 1303 864 1343; x_wconf 82' lang='grc' dir='ltr'><strong>καὶ</strong></span> <span class='ocrx_word' id='word_1_104' title='bbox 887 1299 1017 1358; x_wconf 83' lang='grc' dir='ltr'><em>φόβος</em></span> <span class='ocrx_word' id='word_1_105' title='bbox 1038 1302 1105 1342; x_wconf 87' lang='grc' dir='ltr'><strong>καὶ</strong></span> <span class='ocrx_word' id='word_1_106' title='bbox 1129 1298 1319 1356; x_wconf 75' lang='grc' dir='ltr'><em>σύγχυσις</em></span> 
     </span>
     <span class='ocr_line' id='line_1_18' title="bbox 295 1366 1270 1426; baseline -0.003 -13"><span class='ocrx_word' id='word_1_107' title='bbox 295 1369 376 1412; x_wconf 84' lang='grc'><strong>465</strong></span> <span class='ocrx_word' id='word_1_108' title='bbox 411 1377 495 1421; x_wconf 87' lang='grc' dir='ltr'><em>τοῖς</em></span> <span class='ocrx_word' id='word_1_109' title='bbox 514 1373 768 1424; x_wconf 79' lang='grc' dir='ltr'><em>ναυμαχοῧσι</em></span> <span class='ocrx_word' id='word_1_110' title='bbox 787 1367 1017 1426; x_wconf 88' lang='grc' dir='ltr'><em>βαρβάροις</em></span> <span class='ocrx_word' id='word_1_111' title='bbox 1037 1366 1270 1425; x_wconf 81' lang='grc' dir='ltr'><em>συνήρχετο.</em></span> 
     </span>
     <span class='ocr_line' id='line_1_19' title="bbox 411 1434 1300 1492; baseline -0.003 -11"><span class='ocrx_word' id='word_1_112' title='bbox 411 1440 482 1481; x_wconf 90' lang='grc' dir='ltr'><strong>καί</strong></span> <span class='ocrx_word' id='word_1_113' title='bbox 497 1436 575 1480; x_wconf 84' lang='grc' dir='ltr'><em>πού</em></span> <span class='ocrx_word' id='word_1_114' title='bbox 595 1455 656 1488; x_wconf 91' lang='grc' dir='ltr'><strong>τις</strong></span> <span class='ocrx_word' id='word_1_115' title='bbox 679 1437 812 1480; x_wconf 75' lang='grc' dir='ltr'><em>αὐτῶν</em></span> <span class='ocrx_word' id='word_1_116' title='bbox 832 1437 1009 1480; x_wconf 76' lang='grc' dir='ltr'><em>ἐκπεσὼν</em></span> <span class='ocrx_word' id='word_1_117' title='bbox 1031 1440 1104 1492; x_wconf 87' lang='grc' dir='ltr'><strong>τῆς</strong></span> <span class='ocrx_word' id='word_1_118' title='bbox 1125 1434 1300 1487; x_wconf 78' lang='grc' dir='ltr'><em>ὁλκάδος</em></span> 
     </span>
     <span class='ocr_line' id='line_1_20' title="bbox 410 1503 1318 1562; baseline -0.002 -13"><span class='ocrx_word' id='word_1_119' title='bbox 410 1506 573 1562; x_wconf 81' lang='grc' dir='ltr'><em>πλωτὴρ</em></span> <span class='ocrx_word' id='word_1_120' title='bbox 597 1503 816 1559; x_wconf 78' lang='grc' dir='ltr'><em>σχεδιάζων</em></span> <span class='ocrx_word' id='word_1_121' title='bbox 837 1505 910 1560; x_wconf 82' lang='grc' dir='ltr'><strong>τὴν</strong></span> <span class='ocrx_word' id='word_1_122' title='bbox 931 1505 1072 1559; x_wconf 86' lang='grc' dir='ltr'><em>τέχνην</em></span> <span class='ocrx_word' id='word_1_123' title='bbox 1092 1503 1318 1561; x_wconf 78' lang='grc' dir='ltr'><em>ηὖρίσκετο.</em></span> 
     </span>
     <span class='ocr_line' id='line_1_21' title="bbox 409 1570 1235 1631; baseline -0.004 -14"><span class='ocrx_word' id='word_1_124' title='bbox 409 1573 532 1625; x_wconf 74' lang='grc' dir='ltr'><em>ἄλλος</em></span> <span class='ocrx_word' id='word_1_125' title='bbox 554 1574 598 1616; x_wconf 80' lang='grc' dir='ltr'><strong>δὲ</strong></span> <span class='ocrx_word' id='word_1_126' title='bbox 618 1573 758 1631; x_wconf 84' lang='grc' dir='ltr'><em>νεκρὸν</em></span> <span class='ocrx_word' id='word_1_127' title='bbox 779 1575 836 1623; x_wconf 83' lang='grc' dir='ltr'><strong>εἲς</strong></span> <span class='ocrx_word' id='word_1_128' title='bbox 857 1571 970 1630; x_wconf 76' lang='grc' dir='ltr'><em>ὕδωρ</em></span> <span class='ocrx_word' id='word_1_129' title='bbox 988 1570 1235 1627; x_wconf 80' lang='grc' dir='ltr'><em>μιμούμενος</em></span> 
     </span>
     <span class='ocr_line' id='line_1_22' title="bbox 410 1639 1272 1700; baseline -0.002 -16"><span class='ocrx_word' id='word_1_130' title='bbox 410 1641 546 1698; x_wconf 74' lang='grc' dir='ltr'><em>ἤλπιζε</em></span> <span class='ocrx_word' id='word_1_131' title='bbox 567 1639 747 1700; x_wconf 80' lang='grc' dir='ltr'><em>φεύγειν,</em></span> <span class='ocrx_word' id='word_1_132' title='bbox 781 1645 840 1699; x_wconf 79' lang='grc' dir='ltr'><em>τῷ</em></span> <span class='ocrx_word' id='word_1_133' title='bbox 861 1643 991 1684; x_wconf 77' lang='grc' dir='ltr'><em>δοκεῖν</em></span> <span class='ocrx_word' id='word_1_134' title='bbox 1011 1642 1272 1698; x_wconf 81' lang='grc' dir='ltr'><em>πεπνιγμένος</em></span> 
     </span>
     <span class='ocr_line' id='line_1_23' title="bbox 298 1706 1385 1767; baseline -0.003 -13"><span class='ocrx_word' id='word_1_135' title='bbox 298 1712 381 1754; x_wconf 86' lang='grc'><strong>470</strong></span> <span class='ocrx_word' id='word_1_136' title='bbox 415 1712 485 1754; x_wconf 84' lang='grc' dir='ltr'><strong>καί</strong></span> <span class='ocrx_word' id='word_1_137' title='bbox 501 1728 562 1761; x_wconf 89' lang='grc' dir='ltr'><strong>τις</strong></span> <span class='ocrx_word' id='word_1_138' title='bbox 581 1711 686 1767; x_wconf 69' lang='grc' dir='ltr'><em>παρ’</em></span> <span class='ocrx_word' id='word_1_139' title='bbox 710 1709 848 1759; x_wconf 77' lang='grc' dir='ltr'><em>αὐτοῖς</em></span> <span class='ocrx_word' id='word_1_140' title='bbox 865 1709 953 1752; x_wconf 83' lang='grc' dir='ltr'><em>ἀντὶ</em></span> <span class='ocrx_word' id='word_1_141' title='bbox 972 1707 1126 1766; x_wconf 82' lang='grc' dir='ltr'><em>πύργου</em></span> <span class='ocrx_word' id='word_1_142' title='bbox 1145 1709 1220 1763; x_wconf 87' lang='grc' dir='ltr'><strong>τὴν</strong></span> <span class='ocrx_word' id='word_1_143' title='bbox 1242 1706 1385 1766; x_wconf 83' lang='grc' dir='ltr'><em>τρόπιν</em></span> 
     </span>
     <span class='ocr_line' id='line_1_24' title="bbox 413 1775 1314 1834; baseline -0.001 -13"><span class='ocrx_word' id='word_1_144' title='bbox 413 1779 555 1821; x_wconf 81' lang='grc' dir='ltr'><em>λαθὼν</em></span> <span class='ocrx_word' id='word_1_145' title='bbox 568 1776 728 1832; x_wconf 81' lang='grc' dir='ltr'><em>ὓπῆλθε</em></span> <span class='ocrx_word' id='word_1_146' title='bbox 738 1809 753 1830; x_wconf 86' lang='grc'><em>,</em></span> <span class='ocrx_word' id='word_1_147' title='bbox 778 1779 845 1819; x_wconf 88' lang='grc' dir='ltr'><strong>καὶ</strong></span> <span class='ocrx_word' id='word_1_148' title='bbox 865 1777 992 1819; x_wconf 73' lang='grc' dir='ltr'><em>πολὺν</em></span> <span class='ocrx_word' id='word_1_149' title='bbox 1011 1778 1152 1830; x_wconf 80' lang='grc' dir='ltr'><em>μείνας</em></span> <span class='ocrx_word' id='word_1_150' title='bbox 1165 1775 1314 1834; x_wconf 81' lang='grc' dir='ltr'><em>χρόνον</em></span> 
     </span>
     <span class='ocr_line' id='line_1_25' title="bbox 416 1844 1210 1902; baseline -0.004 -13"><span class='ocrx_word' id='word_1_151' title='bbox 416 1847 459 1889; x_wconf 79' lang='grc' dir='ltr'><em>ἔκ</em></span> <span class='ocrx_word' id='word_1_152' title='bbox 479 1850 553 1901; x_wconf 90' lang='grc' dir='ltr'><strong>τῆς</strong></span> <span class='ocrx_word' id='word_1_153' title='bbox 571 1844 747 1902; x_wconf 87' lang='grc' dir='ltr'><em>ἀνάγκης</em></span> <span class='ocrx_word' id='word_1_154' title='bbox 765 1846 974 1899; x_wconf 80' lang='grc' dir='ltr'><em>δυστυχῶν</em></span> <span class='ocrx_word' id='word_1_155' title='bbox 995 1845 1210 1902; x_wconf 73' lang='grc' dir='ltr'><em>ἐκαρτέρει.</em></span> 
     </span>
     <span class='ocr_line' id='line_1_26' title="bbox 416 1911 1268 1970; baseline -0.002 -13"><span class='ocrx_word' id='word_1_156' title='bbox 416 1913 526 1969; x_wconf 85' lang='grc' dir='ltr'><em>ὅμως</em></span> <span class='ocrx_word' id='word_1_157' title='bbox 549 1915 720 1964; x_wconf 73' lang='grc' dir='ltr'><em>ἐκείνους</em></span> <span class='ocrx_word' id='word_1_158' title='bbox 737 1911 911 1965; x_wconf 83' lang='grc' dir='ltr'><em>πάντας,</em></span> <span class='ocrx_word' id='word_1_159' title='bbox 930 1911 1002 1963; x_wconf 72' lang='grc' dir='ltr'><em>,ὥς</em></span> <span class='ocrx_word' id='word_1_160' title='bbox 1022 1912 1091 1970; x_wconf 72' lang='grc' dir='ltr'><strong>ἕνα</strong></span> <span class='ocrx_word' id='word_1_161' title='bbox 1112 1911 1268 1964; x_wconf 88' lang='grc' dir='ltr'><em>στόλον,</em></span> 
     </span>
     <span class='ocr_line' id='line_1_27' title="bbox 414 1979 1235 2038; baseline -0.005 -12"><span class='ocrx_word' id='word_1_162' title='bbox 414 1981 436 2026; x_wconf 79' lang='grc' dir='ltr'><strong>ὅ</strong></span> <span class='ocrx_word' id='word_1_163' title='bbox 457 1987 530 2037; x_wconf 84' lang='grc' dir='ltr'><strong>τῆς</strong></span> <span class='ocrx_word' id='word_1_164' title='bbox 553 1981 770 2037; x_wconf 86' lang='grc' dir='ltr'><em>θαλάσσης</em></span> <span class='ocrx_word' id='word_1_165' title='bbox 791 1982 1081 2038; x_wconf 85' lang='grc' dir='ltr'><em>συγκατέκλυσε</em></span> <span class='ocrx_word' id='word_1_166' title='bbox 1100 1979 1235 2031; x_wconf 89' lang='grc' dir='ltr'><em>σάλος.</em></span> 
     </span>
     <span class='ocr_line' id='line_1_28' title="bbox 301 2048 1314 2108; baseline -0.002 -15"><span class='ocrx_word' id='word_1_167' title='bbox 301 2049 382 2093; x_wconf 86' lang='grc'><strong>475</strong></span> <span class='ocrx_word' id='word_1_168' title='bbox 474 2051 684 2094; x_wconf 81' lang='grc' dir='ltr'><em>Ἐντεῦθεν</em></span> <span class='ocrx_word' id='word_1_169' title='bbox 705 2049 726 2092; x_wconf 84' lang='grc' dir='ltr'><strong><em>ὃ</em></strong></span> <span class='ocrx_word' id='word_1_170' title='bbox 749 2052 844 2108; x_wconf 84' lang='grc' dir='ltr'><em>πρὶν</em></span> <span class='ocrx_word' id='word_1_171' title='bbox 870 2048 1067 2107; x_wconf 84' lang='grc' dir='ltr'><em>ἀφθόνως</em></span> <span class='ocrx_word' id='word_1_172' title='bbox 1089 2049 1314 2104; x_wconf 87' lang='grc' dir='ltr'><em>ἀνημμένος</em></span> 
     </span>
     <span class='ocr_line' id='line_1_29' title="bbox 200 2156 1662 2212; baseline 0.001 -20"><span class='ocrx_word' id='word_1_173' title='bbox 200 2170 292 2192; x_wconf 86' lang='lat' dir='ltr'><strong>more</strong></span> <span class='ocrx_word' id='word_1_174' title='bbox 306 2169 423 2194; x_wconf 85' lang='lat' dir='ltr'><strong>naves.</strong></span> <span class='ocrx_word' id='word_1_175' title='bbox 469 2157 572 2203; x_wconf 85' lang='lat'>(450)</span> <span class='ocrx_word' id='word_1_176' title='bbox 595 2160 699 2212; x_wconf 83' lang='lat' dir='ltr'><strong>atque</strong></span> <span class='ocrx_word' id='word_1_177' title='bbox 713 2169 754 2193; x_wconf 88' lang='lat' dir='ltr'><strong>ea</strong></span> <span class='ocrx_word' id='word_1_178' title='bbox 769 2157 834 2192; x_wconf 82' lang='lat' dir='ltr'><strong>fuit</strong></span> <span class='ocrx_word' id='word_1_179' title='bbox 849 2157 983 2191; x_wconf 86' lang='lat' dir='ltr'><strong>occulta</strong></span> <span class='ocrx_word' id='word_1_180' title='bbox 997 2156 1163 2202; x_wconf 89' lang='lat' dir='ltr'><strong>simulque</strong></span> <span class='ocrx_word' id='word_1_181' title='bbox 1201 2159 1298 2192; x_wconf 87' lang='lat' dir='ltr'><strong>atens</strong></span> <span class='ocrx_word' id='word_1_182' title='bbox 1313 2167 1438 2202; x_wconf 82' lang='lat' dir='ltr'><strong>pugna.</strong></span> <span class='ocrx_word' id='word_1_183' title='bbox 1469 2157 1543 2192; x_wconf 86' lang='lat' dir='ltr'><strong>sola</strong></span> <span class='ocrx_word' id='word_1_184' title='bbox 1560 2159 1662 2204; x_wconf 72' lang='lat' dir='ltr'><strong>enim,</strong></span> 
     </span>
     <span class='ocr_line' id='line_1_30' title="bbox 201 2203 1661 2259; baseline 0.001 -21"><span class='ocrx_word' id='word_1_185' title='bbox 201 2210 240 2238; x_wconf 92' lang='lat' dir='ltr'><strong>ut</strong></span> <span class='ocrx_word' id='word_1_186' title='bbox 256 2208 338 2250; x_wconf 87' lang='lat' dir='ltr'><strong>puto</strong></span> <span class='ocrx_word' id='word_1_187' title='bbox 351 2229 362 2248; x_wconf 90' lang='lat'>,</span> <span class='ocrx_word' id='word_1_188' title='bbox 396 2204 484 2249; x_wconf 80' lang='lat' dir='ltr'><strong>qu&#39;ae</strong></span> <span class='ocrx_word' id='word_1_189' title='bbox 498 2205 634 2259; x_wconf 87' lang='lat' dir='ltr'><strong>peperit</strong></span> <span class='ocrx_word' id='word_1_190' title='bbox 650 2204 723 2238; x_wconf 89' lang='lat' dir='ltr'><strong>sine</strong></span> <span class='ocrx_word' id='word_1_191' title='bbox 738 2203 883 2246; x_wconf 81' lang='lat' dir='ltr'><strong>semine,</strong></span> <span class='ocrx_word' id='word_1_192' title='bbox 916 2213 1016 2237; x_wconf 85' lang='lat' dir='ltr'><strong>arcus</strong></span> <span class='ocrx_word' id='word_1_193' title='bbox 1037 2203 1175 2237; x_wconf 81' lang='lat' dir='ltr'><strong>intende</strong></span> <span class='ocrx_word' id='word_1_194' title='bbox 1220 2207 1235 2236; x_wconf 89' lang='lat' dir='ltr'><strong>t</strong></span> <span class='ocrx_word' id='word_1_195' title='bbox 1252 2207 1288 2237; x_wconf 83' lang='lat' dir='ltr'><strong>et</strong></span> <span class='ocrx_word' id='word_1_196' title='bbox 1311 2203 1493 2238; x_wconf 83' lang='lat' dir='ltr'><strong>obiiciebat</strong></span> <span class='ocrx_word' id='word_1_197' title='bbox 1511 2204 1661 2250; x_wconf 87' lang='lat' dir='ltr'><strong>clipeos;</strong></span> 
     </span>
     <span class='ocr_line' id='line_1_31' title="bbox 199 2248 1663 2292; baseline 0 -8"><span class='ocrx_word' id='word_1_198' title='bbox 199 2255 238 2284; x_wconf 90' lang='lat' dir='ltr'><strong>et</strong></span> <span class='ocrx_word' id='word_1_199' title='bbox 252 2262 297 2284; x_wconf 86' lang='lat' dir='ltr'><strong>ex</strong></span> <span class='ocrx_word' id='word_1_200' title='bbox 312 2250 444 2284; x_wconf 89' lang='lat' dir='ltr'><strong>occulto</strong></span> <span class='ocrx_word' id='word_1_201' title='bbox 459 2261 498 2284; x_wconf 86' lang='lat' dir='ltr'><strong>se</strong></span> <span class='ocrx_word' id='word_1_202' title='bbox 515 2250 703 2284; x_wconf 88' lang='lat' dir='ltr'><strong>immiscens</strong></span> <span class='ocrx_word' id='word_1_203' title='bbox 720 2249 934 2284; x_wconf 87' lang='lat' dir='ltr'><strong>conflictibus</strong></span> <span class='ocrx_word' id='word_1_204' title='bbox 947 2249 1018 2283; x_wconf 82' lang='lat' dir='ltr'><strong>tela</strong></span> <span class='ocrx_word' id='word_1_205' title='bbox 1032 2249 1207 2292; x_wconf 88' lang='lat' dir='ltr'><strong>mittebat,</strong></span> <span class='ocrx_word' id='word_1_206' title='bbox 1240 2248 1433 2291; x_wconf 80' lang='lat' dir='ltr'><strong>sauciabat,</strong></span> <span class='ocrx_word' id='word_1_207' title='bbox 1456 2251 1663 2284; x_wconf 83' lang='lat' dir='ltr'><strong>retundebat</strong></span> 
     </span>
     <span class='ocr_line' id='line_1_32' title="bbox 201 2294 1662 2341; baseline 0.001 -12"><span class='ocrx_word' id='word_1_208' title='bbox 201 2295 340 2341; x_wconf 80' lang='lat' dir='ltr'><strong>gladios,</strong></span> <span class='ocrx_word' id='word_1_209' title='bbox 364 2295 467 2341; x_wconf 86' lang='lat'>(455)</span> <span class='ocrx_word' id='word_1_210' title='bbox 483 2296 741 2340; x_wconf 77' lang='lat' dir='ltr'><strong>evertebatque,</strong></span> <span class='ocrx_word' id='word_1_211' title='bbox 765 2299 801 2330; x_wconf 88' lang='lat' dir='ltr'><strong>et</strong></span> <span class='ocrx_word' id='word_1_212' title='bbox 815 2295 1054 2339; x_wconf 79' lang='lat' dir='ltr'>submergebat</span> <span class='ocrx_word' id='word_1_213' title='bbox 1072 2295 1232 2338; x_wconf 79' lang='lat' dir='ltr'>cymbas,</span> <span class='ocrx_word' id='word_1_214' title='bbox 1257 2294 1418 2339; x_wconf 86' lang='lat' dir='ltr'><strong>deditque</strong></span> <span class='ocrx_word' id='word_1_215' title='bbox 1435 2306 1550 2330; x_wconf 85' lang='lat' dir='ltr'><strong>omnes</strong></span> <span class='ocrx_word' id='word_1_216' title='bbox 1566 2296 1662 2330; x_wconf 87' lang='lat' dir='ltr'><strong>habi—</strong></span> 
     </span>
     <span class='ocr_line' id='line_1_33' title="bbox 202 2340 1663 2394; baseline 0 -19"><span class='ocrx_word' id='word_1_217' title='bbox 202 2342 303 2376; x_wconf 83' lang='lat' dir='ltr'><strong>tare</strong></span> <span class='ocrx_word' id='word_1_218' title='bbox 293 2353 327 2375; x_wconf 90' lang='grc' dir='ltr'><strong>ιιι</strong></span> <span class='ocrx_word' id='word_1_219' title='bbox 343 2341 556 2394; x_wconf 84' lang='lat' dir='ltr'><strong>profundum.</strong></span> <span class='ocrx_word' id='word_1_220' title='bbox 607 2353 731 2376; x_wconf 87' lang='lat' dir='ltr'><strong>novum</strong></span> <span class='ocrx_word' id='word_1_221' title='bbox 747 2340 834 2376; x_wconf 88' lang='lat' dir='ltr'><strong>enim</strong></span> <span class='ocrx_word' id='word_1_222' title='bbox 850 2345 904 2375; x_wconf 85' lang='lat' dir='ltr'><strong>est</strong></span> <span class='ocrx_word' id='word_1_223' title='bbox 918 2341 999 2375; x_wconf 88' lang='lat' dir='ltr'><strong>nibil</strong></span> <span class='ocrx_word' id='word_1_224' title='bbox 1011 2365 1023 2383; x_wconf 88' lang='grc'><em>,</em></span> <span class='ocrx_word' id='word_1_225' title='bbox 1048 2341 1180 2394; x_wconf 71' lang='lat' dir='ltr'><strong>quando</strong></span> <span class='ocrx_word' id='word_1_226' title='bbox 1196 2340 1318 2375; x_wconf 85' lang='lat' dir='ltr'><strong>militat</strong></span> <span class='ocrx_word' id='word_1_227' title='bbox 1332 2341 1450 2385; x_wconf 85' lang='lat' dir='ltr'><strong>virgo,</strong></span> <span class='ocrx_word' id='word_1_228' title='bbox 1486 2353 1548 2387; x_wconf 86' lang='lat' dir='ltr'><strong>per</strong></span> <span class='ocrx_word' id='word_1_229' title='bbox 1563 2353 1663 2387; x_wconf 81' lang='lat' dir='ltr'><strong>quam</strong></span> 
     </span>
     <span class='ocr_line' id='line_1_34' title="bbox 203 2386 1665 2431; baseline 0.001 -11"><span class='ocrx_word' id='word_1_230' title='bbox 203 2387 343 2421; x_wconf 86' lang='lat' dir='ltr'><strong>advenit</strong></span> <span class='ocrx_word' id='word_1_231' title='bbox 364 2386 473 2421; x_wconf 86' lang='lat' dir='ltr'><strong>auimo</strong></span> <span class='ocrx_word' id='word_1_232' title='bbox 495 2386 626 2431; x_wconf 84' lang='lat' dir='ltr'><strong>religio.</strong></span> <span class='ocrx_word' id='word_1_233' title='bbox 674 2390 769 2420; x_wconf 86' lang='lat' dir='ltr'><strong>certe</strong></span> <span class='ocrx_word' id='word_1_234' title='bbox 791 2387 930 2429; x_wconf 88' lang='lat' dir='ltr'><strong>nescio,</strong></span> <span class='ocrx_word' id='word_1_235' title='bbox 976 2386 1111 2431; x_wconf 87' lang='lat' dir='ltr'><strong>quinam</strong></span> <span class='ocrx_word' id='word_1_236' title='bbox 1133 2386 1279 2420; x_wconf 87' lang='lat' dir='ltr'><strong>immissa</strong></span> <span class='ocrx_word' id='word_1_237' title='bbox 1302 2390 1357 2420; x_wconf 88' lang='lat' dir='ltr'><strong>est</strong></span> <span class='ocrx_word' id='word_1_238' title='bbox 1380 2387 1484 2421; x_wconf 87' lang='lat' dir='ltr'><strong>toties</strong></span> <span class='ocrx_word' id='word_1_239' title='bbox 1509 2389 1665 2429; x_wconf 83' lang='lat' dir='ltr'><strong>framea;</strong></span> 
     </span>
     <span class='ocr_line' id='line_1_35' title="bbox 204 2432 1665 2478; baseline 0 -12"><span class='ocrx_word' id='word_1_240' title='bbox 204 2432 307 2477; x_wconf 83' lang='lat'>(460)</span> <span class='ocrx_word' id='word_1_241' title='bbox 325 2444 368 2466; x_wconf 89' lang='lat' dir='ltr'><strong>ac</strong></span> <span class='ocrx_word' id='word_1_242' title='bbox 382 2436 476 2467; x_wconf 88' lang='lat' dir='ltr'><strong>certe</strong></span> <span class='ocrx_word' id='word_1_243' title='bbox 492 2432 601 2467; x_wconf 83' lang='lat' dir='ltr'><strong>evasit</strong></span> <span class='ocrx_word' id='word_1_244' title='bbox 614 2432 834 2478; x_wconf 78' lang='lat' dir='ltr'><strong>pervasitque</strong></span> <span class='ocrx_word' id='word_1_245' title='bbox 849 2432 1024 2474; x_wconf 79' lang='lat' dir='ltr'><strong>celeriter,</strong></span> <span class='ocrx_word' id='word_1_246' title='bbox 1054 2435 1187 2476; x_wconf 83' lang='lat' dir='ltr'><strong>gentem</strong></span> <span class='ocrx_word' id='word_1_247' title='bbox 1203 2432 1387 2466; x_wconf 82' lang='lat' dir='ltr'><strong>vulnerans</strong></span> <span class='ocrx_word' id='word_1_248' title='bbox 1410 2444 1478 2467; x_wconf 90' lang='lat' dir='ltr'><strong>non</strong></span> <span class='ocrx_word' id='word_1_249' title='bbox 1503 2433 1665 2467; x_wconf 84' lang='lat' dir='ltr'><strong>vulnera-</strong></span> 
     </span>
     <span class='ocr_line' id='line_1_36' title="bbox 205 2478 1668 2523; baseline -0.001 -11"><span class='ocrx_word' id='word_1_250' title='bbox 205 2483 273 2512; x_wconf 83' lang='lat' dir='ltr'><strong>tam</strong></span> <span class='ocrx_word' id='word_1_251' title='bbox 298 2483 409 2512; x_wconf 80' lang='lat' dir='ltr'><strong>antea.</strong></span> <span class='ocrx_word' id='word_1_252' title='bbox 454 2478 504 2511; x_wconf 83' lang='lat' dir='ltr'><strong>ita</strong></span> <span class='ocrx_word' id='word_1_253' title='bbox 516 2478 619 2522; x_wconf 81' lang='lat' dir='ltr'><strong>igitur</strong></span> <span class='ocrx_word' id='word_1_254' title='bbox 633 2478 711 2511; x_wconf 85' lang='lat' dir='ltr'><strong>illae</strong></span> <span class='ocrx_word' id='word_1_255' title='bbox 728 2489 835 2512; x_wconf 77' lang='lat' dir='ltr'><strong>cavae</strong></span> <span class='ocrx_word' id='word_1_256' title='bbox 849 2479 992 2521; x_wconf 81' lang='lat' dir='ltr'><strong>cymbae</strong></span> <span class='ocrx_word' id='word_1_257' title='bbox 1006 2483 1141 2523; x_wconf 84' lang='lat' dir='ltr'><strong>portum</strong></span> <span class='ocrx_word' id='word_1_258' title='bbox 1154 2482 1231 2511; x_wconf 81' lang='lat' dir='ltr'><strong>sunt</strong></span> <span class='ocrx_word' id='word_1_259' title='bbox 1246 2478 1390 2512; x_wconf 78' lang='lat' dir='ltr'><strong>adactae</strong></span> <span class='ocrx_word' id='word_1_260' title='bbox 1404 2478 1530 2513; x_wconf 87' lang='lat' dir='ltr'><strong>habere</strong></span> <span class='ocrx_word' id='word_1_261' title='bbox 1547 2479 1668 2512; x_wconf 82' lang='lat' dir='ltr'>subtus</span> 
     </span>
     <span class='ocr_line' id='line_1_37' title="bbox 206 2522 1667 2569; baseline -0.001 -12"><span class='ocrx_word' id='word_1_262' title='bbox 206 2534 311 2559; x_wconf 82' lang='lat' dir='ltr'><strong>mare.</strong></span> <span class='ocrx_word' id='word_1_263' title='bbox 357 2524 462 2558; x_wconf 85' lang='lat' dir='ltr'><strong>multa</strong></span> <span class='ocrx_word' id='word_1_264' title='bbox 485 2535 567 2559; x_wconf 86' lang='lat' dir='ltr'><strong>vero</strong></span> <span class='ocrx_word' id='word_1_265' title='bbox 595 2523 785 2558; x_wconf 82' lang='lat' dir='ltr'><strong>commixtio</strong></span> <span class='ocrx_word' id='word_1_266' title='bbox 812 2527 848 2557; x_wconf 83' lang='lat' dir='ltr'><strong>et</strong></span> <span class='ocrx_word' id='word_1_267' title='bbox 870 2524 970 2558; x_wconf 85' lang='lat' dir='ltr'><strong>timor</strong></span> <span class='ocrx_word' id='word_1_268' title='bbox 985 2529 1021 2558; x_wconf 89' lang='lat' dir='ltr'><strong>et</strong></span> <span class='ocrx_word' id='word_1_269' title='bbox 1037 2523 1188 2558; x_wconf 85' lang='lat' dir='ltr'><strong>confusio</strong></span> <span class='ocrx_word' id='word_1_270' title='bbox 1209 2522 1336 2566; x_wconf 86' lang='lat'>(465)</span> <span class='ocrx_word' id='word_1_271' title='bbox 1326 2535 1360 2557; x_wconf 88' lang='grc' dir='ltr'><strong>ιιι</strong></span> <span class='ocrx_word' id='word_1_272' title='bbox 1375 2524 1458 2558; x_wconf 84' lang='lat' dir='ltr'><strong>mari</strong></span> <span class='ocrx_word' id='word_1_273' title='bbox 1474 2528 1667 2569; x_wconf 82' lang='lat' dir='ltr'><strong>pugnantes</strong></span> 
     </span>
     <span class='ocr_line' id='line_1_38' title="bbox 208 2565 1667 2615; baseline 0.001 -13"><span class='ocrx_word' id='word_1_274' title='bbox 208 2569 373 2603; x_wconf 85' lang='lat' dir='ltr'><strong>barbaros</strong></span> <span class='ocrx_word' id='word_1_275' title='bbox 392 2569 530 2603; x_wconf 82' lang='lat' dir='ltr'><strong>incessit</strong></span> <span class='ocrx_word' id='word_1_276' title='bbox 545 2565 705 2615; x_wconf 84' lang='lat' dir='ltr'><strong>undique.</strong></span> <span class='ocrx_word' id='word_1_277' title='bbox 747 2580 788 2602; x_wconf 89' lang='lat' dir='ltr'><strong>ac</strong></span> <span class='ocrx_word' id='word_1_278' title='bbox 805 2568 942 2614; x_wconf 83' lang='lat' dir='ltr'><strong>quidam</strong></span> <span class='ocrx_word' id='word_1_279' title='bbox 958 2581 1002 2604; x_wconf 85' lang='lat' dir='ltr'><strong>ex</strong></span> <span class='ocrx_word' id='word_1_280' title='bbox 1015 2569 1096 2615; x_wconf 83' lang='lat' dir='ltr'><strong>ipsis</strong></span> <span class='ocrx_word' id='word_1_281' title='bbox 1111 2569 1290 2615; x_wconf 87' lang='lat' dir='ltr'><strong>procidens</strong></span> <span class='ocrx_word' id='word_1_282' title='bbox 1307 2581 1326 2603; x_wconf 91' lang='lat' dir='ltr'><strong>e</strong></span> <span class='ocrx_word' id='word_1_283' title='bbox 1344 2570 1436 2612; x_wconf 83' lang='lat' dir='ltr'><strong>navi,</strong></span> <span class='ocrx_word' id='word_1_284' title='bbox 1461 2570 1540 2603; x_wconf 86' lang='lat' dir='ltr'><strong>dum</strong></span> <span class='ocrx_word' id='word_1_285' title='bbox 1559 2573 1667 2603; x_wconf 83' lang='lat' dir='ltr'><strong>artem</strong></span> 
     </span>
     <span class='ocr_line' id='line_1_39' title="bbox 210 2615 1667 2662; baseline 0 -15"><span class='ocrx_word' id='word_1_286' title='bbox 210 2615 347 2648; x_wconf 83' lang='lat' dir='ltr'><strong>natandi</strong></span> <span class='ocrx_word' id='word_1_287' title='bbox 363 2615 473 2659; x_wconf 79' lang='lat' dir='ltr'><strong>fingit,</strong></span> <span class='ocrx_word' id='word_1_288' title='bbox 495 2615 724 2662; x_wconf 85' lang='lat' dir='ltr'><strong>deprehensus</strong></span> <span class='ocrx_word' id='word_1_289' title='bbox 740 2618 803 2648; x_wconf 84' lang='lat' dir='ltr'><strong>est.</strong></span> <span class='ocrx_word' id='word_1_290' title='bbox 849 2616 936 2649; x_wconf 86' lang='lat' dir='ltr'><strong>alter</strong></span> <span class='ocrx_word' id='word_1_291' title='bbox 958 2626 1042 2649; x_wconf 81' lang='lat' dir='ltr'><strong>vero</strong></span> <span class='ocrx_word' id='word_1_292' title='bbox 1065 2620 1229 2650; x_wconf 88' lang='lat' dir='ltr'><strong>mortuum</strong></span> <span class='ocrx_word' id='word_1_293' title='bbox 1254 2625 1358 2659; x_wconf 89' lang='lat' dir='ltr'><strong>super</strong></span> <span class='ocrx_word' id='word_1_294' title='bbox 1380 2626 1501 2660; x_wconf 87' lang='lat' dir='ltr'><strong>aquam</strong></span> <span class='ocrx_word' id='word_1_295' title='bbox 1518 2615 1667 2648; x_wconf 85' lang='lat' dir='ltr'><strong>imitatus</strong></span> 
     </span>
     <span class='ocr_line' id='line_1_40' title="bbox 211 2659 1666 2713; baseline 0 -21"><span class='ocrx_word' id='word_1_296' title='bbox 211 2660 371 2712; x_wconf 78' lang='lat' dir='ltr'><strong>sperabat</strong></span> <span class='ocrx_word' id='word_1_297' title='bbox 385 2660 552 2704; x_wconf 76' lang='lat' dir='ltr'><strong>evadere,</strong></span> <span class='ocrx_word' id='word_1_298' title='bbox 584 2673 623 2696; x_wconf 86' lang='lat' dir='ltr'><strong>se</strong></span> <span class='ocrx_word' id='word_1_299' title='bbox 637 2661 841 2695; x_wconf 86' lang='lat' dir='ltr'><strong>suffocatum</strong></span> <span class='ocrx_word' id='word_1_300' title='bbox 856 2660 1026 2696; x_wconf 80' lang='lat' dir='ltr'><strong>simulans.</strong></span> <span class='ocrx_word' id='word_1_301' title='bbox 1073 2661 1171 2705; x_wconf 85' lang='lat'>(470)</span> <span class='ocrx_word' id='word_1_302' title='bbox 1191 2664 1227 2694; x_wconf 88' lang='lat' dir='ltr'><strong>et</strong></span> <span class='ocrx_word' id='word_1_303' title='bbox 1244 2660 1332 2694; x_wconf 88' lang='lat' dir='ltr'><strong>alter</strong></span> <span class='ocrx_word' id='word_1_304' title='bbox 1347 2672 1390 2694; x_wconf 87' lang='lat' dir='ltr'><strong>ex</strong></span> <span class='ocrx_word' id='word_1_305' title='bbox 1402 2661 1486 2706; x_wconf 89' lang='lat' dir='ltr'><strong>ipsis</strong></span> <span class='ocrx_word' id='word_1_306' title='bbox 1500 2671 1563 2713; x_wconf 86' lang='lat' dir='ltr'><strong>pro</strong></span> <span class='ocrx_word' id='word_1_307' title='bbox 1579 2659 1666 2693; x_wconf 86' lang='lat' dir='ltr'><strong>turri</strong></span> 
     </span>
    </p>
   </div>
   <div class='ocr_carea' id='block_1_3' title="bbox 212 2689 1669 2797">
    <p class='ocr_par' dir='ltr' id='par_1_3' title="bbox 212 2689 1669 2797">
     <span class='ocr_line' id='line_1_41' title="bbox 212 2689 1666 2761; baseline 0 -23"><span class='ocrx_word' id='word_1_308' title='bbox 212 2705 359 2738; x_wconf 83' lang='lat' dir='ltr'><strong>carinam</strong></span> <span class='ocrx_word' id='word_1_309' title='bbox 374 2705 460 2739; x_wconf 86' lang='lat' dir='ltr'><strong>clam</strong></span> <span class='ocrx_word' id='word_1_310' title='bbox 478 2689 598 2750; x_wconf 81' lang='lat' dir='ltr'><strong>subi&#39;it,</strong></span> <span class='ocrx_word' id='word_1_311' title='bbox 630 2706 689 2741; x_wconf 90' lang='lat' dir='ltr'><strong>ubi</strong></span> <span class='ocrx_word' id='word_1_312' title='bbox 716 2706 776 2741; x_wconf 90' lang='lat' dir='ltr'><strong>diu</strong></span> <span class='ocrx_word' id='word_1_313' title='bbox 801 2717 1002 2751; x_wconf 81' lang='lat' dir='ltr'><strong>permanens</strong></span> <span class='ocrx_word' id='word_1_314' title='bbox 1027 2718 1071 2740; x_wconf 87' lang='lat' dir='ltr'><strong>ex</strong></span> <span class='ocrx_word' id='word_1_315' title='bbox 1099 2706 1303 2740; x_wconf 84' lang='lat' dir='ltr'><strong>necessitate</strong></span> <span class='ocrx_word' id='word_1_316' title='bbox 1330 2717 1422 2761; x_wconf 76' lang='lat' dir='ltr'><strong>suam</strong></span> <span class='ocrx_word' id='word_1_317' title='bbox 1440 2705 1666 2740; x_wconf 82' lang='lat' dir='ltr'><strong>calamitatem</strong></span> 
     </span>
     <span class='ocr_line' id='line_1_42' title="bbox 212 2750 1669 2797; baseline 0 -14"><span class='ocrx_word' id='word_1_318' title='bbox 212 2750 382 2784; x_wconf 80' lang='lat' dir='ltr'><strong>sustinuit.</strong></span> <span class='ocrx_word' id='word_1_319' title='bbox 427 2754 574 2786; x_wconf 82' lang='lat' dir='ltr'><strong>ceterum</strong></span> <span class='ocrx_word' id='word_1_320' title='bbox 593 2763 652 2787; x_wconf 83' lang='lat' dir='ltr'><strong>eos</strong></span> <span class='ocrx_word' id='word_1_321' title='bbox 668 2762 806 2794; x_wconf 86' lang='lat' dir='ltr'><strong>omnes,</strong></span> <span class='ocrx_word' id='word_1_322' title='bbox 828 2756 986 2797; x_wconf 82' lang='lat' dir='ltr'><strong>tanquam</strong></span> <span class='ocrx_word' id='word_1_323' title='bbox 1001 2763 1100 2786; x_wconf 83' lang='lat' dir='ltr'><strong>unam</strong></span> <span class='ocrx_word' id='word_1_324' title='bbox 1115 2751 1243 2796; x_wconf 80' lang='lat' dir='ltr'><strong>navim,</strong></span> <span class='ocrx_word' id='word_1_325' title='bbox 1278 2751 1380 2786; x_wconf 85' lang='lat' dir='ltr'><strong>maris</strong></span> <span class='ocrx_word' id='word_1_326' title='bbox 1397 2752 1486 2786; x_wconf 87' lang='lat' dir='ltr'><strong>unda</strong></span> <span class='ocrx_word' id='word_1_327' title='bbox 1500 2750 1669 2785; x_wconf 80' lang='lat' dir='ltr'><strong>concitata</strong></span> 
     </span>
    </p>
   </div>
   <div class='ocr_carea' id='block_1_4' title="bbox 213 2795 1666 2867">
    <p class='ocr_par' dir='ltr' id='par_1_4' title="bbox 213 2795 1666 2867">
     <span class='ocr_line' id='line_1_43' title="bbox 213 2795 1666 2867; baseline 0 -38"><span class='ocrx_word' id='word_1_328' title='bbox 213 2795 383 2841; x_wconf 83' lang='lat' dir='ltr'><strong>dispersit.</strong></span> <span class='ocrx_word' id='word_1_329' title='bbox 436 2796 540 2841; x_wconf 84' lang='lat'>(475)</span> <span class='ocrx_word' id='word_1_330' title='bbox 559 2797 682 2867; x_wconf 85' lang='lat' dir='ltr'><strong>exinde</strong></span> <span class='ocrx_word' id='word_1_331' title='bbox 697 2798 755 2844; x_wconf 89' lang='lat' dir='ltr'><strong>qui</strong></span> <span class='ocrx_word' id='word_1_332' title='bbox 769 2808 878 2843; x_wconf 85' lang='lat' dir='ltr'><strong>nuper</strong></span> <span class='ocrx_word' id='word_1_333' title='bbox 889 2798 1046 2834; x_wconf 82' lang='lat' dir='ltr'><strong>incensus</strong></span> <span class='ocrx_word' id='word_1_334' title='bbox 1065 2797 1238 2833; x_wconf 87' lang='lat' dir='ltr'><strong>immodice</strong></span> <span class='ocrx_word' id='word_1_335' title='bbox 1256 2797 1422 2834; x_wconf 85' lang='lat' dir='ltr'><strong>flammam</strong></span> <span class='ocrx_word' id='word_1_336' title='bbox 1441 2797 1607 2833; x_wconf 81' lang='lat' dir='ltr'><strong>fundebat</strong></span> <span class='ocrx_word' id='word_1_337' title='bbox 1624 2807 1666 2830; x_wconf 84' lang='lat' dir='ltr'><strong>ex</strong></span> 
     </span>
    </p>
   </div>
  </div>
 </body>
</html>
