1838 3210
505 168 839 214 DESCRIPTIO
873 168 917 213 S.
950 167 1201 213 SOPHIAE.
1489 166 1581 213 105

134 296 230 322 cum
245 283 408 321 diversis
426 280 606 333 operibus
617 281 844 332 purissimis
859 280 1008 326 aureis,
1041 277 1303 330 pendentibus
1327 279 1371 315 in
1389 278 1584 317 catenulis

140 347 325 393 quattuor
341 347 378 377 et
393 340 535 376 uncino
556 351 646 375 uno.
707 344 839 375 narrat
861 335 1082 375 Chronicon
1102 334 1419 373 Alexandrinum
1439 349 1480 386 p.
1502 337 1586 377 716

139 395 307 434 Arcadio
339 398 557 447 imperante
583 402 709 432 terrae
735 401 846 432 motu
870 408 913 434 το
941 388 1209 446 σιγνόχριστον
1233 394 1307 432 τοῦ
1327 392 1586 432 Καπετωλίου

141 452 350 501 cecidisse3
395 465 471 504 quo
498 453 582 489 loco
615 452 777 501 signnm
802 449 950 488 Christi
975 448 1077 486 nihil
1112 447 1222 486 aliud
1242 455 1299 486 est
1321 461 1440 500 quam
1463 450 1589 487 crucis

140 511 310 560 signum,
333 509 469 561 quod
458 522 499 546 111
516 508 609 546 tecti
625 508 768 545 vertice
789 507 972 557 Capitolii
995 506 1192 557 cpolitani
1211 512 1383 542 erectum
1402 511 1496 553 erat,
1520 517 1588 557 ση-

140 570 252 618 μεῖον
261 580 418 617 nempe,
438 564 543 618 quod
557 567 629 604 τοῦ
640 563 733 604 υἷοῦ
744 566 814 603 τοῦ
825 559 1047 613 ἄνθρωπον
1059 561 1200 599 dicitur
1212 560 1317 613 apud
1326 560 1587 610 Matthaeum‚

141 624 200 660 uti
220 623 352 660 locum
375 621 480 659 hunc
501 624 806 672 interpretantur
831 620 872 658 S.
893 617 1194 671 Chrysostomus
1213 619 1363 655 Homil.
1391 619 1446 660 77
1470 619 1512 655 in
1532 616 1589 659 24

140 677 280 727 Math.‚
310 677 647 730 Theophylactus,
675 676 926 729 Euffiymius,
957 677 1156 727 Origenes,
1185 674 1433 726 Ephraemus
1453 673 1501 712 de
1522 689 1590 713 se·-

143 734 270 773 cundo
300 734 449 773 domini
471 734 664 783 adventu,
708 740 747 771 et
765 735 846 771 alii.
887 734 992 771 —Vita
1013 734 1055 771 S.
1077 733 1249 770 Tillonis
1265 730 1452 769 monachi
1477 745 1510 769 c.
1535 734 1592 773 20

140 798 170 829 t.
191 795 217 832 2
230 793 418 829 Actorum
437 791 508 829 SS.
530 789 678 829 ordinis
702 791 743 829 S.
763 788 991 827 Benedicti:
1023 803 1114 827 cam
1130 802 1249 840 snper
1264 788 1411 827 vulnus
1423 788 1593 839 plenum

132 847 338 886 vermibus
360 848 507 890 Christi
525 848 685 898 signum
703 846 947 897 deprimeret,
975 853 1131 896 repente
1149 847 1295 883 mortui
1316 852 1410 882 sunt
1426 857 1588 883 vermes.

140 902 213 942 sed
241 911 280 942 et
307 905 467 955 signum
497 903 559 941 clei
586 905 629 940 in
647 904 736 942 Vita
755 904 797 942 S.
814 903 1009 941 Walerici
1028 916 1062 940 c.
1082 903 1160 951 21,
1202 909 1240 939 et
1261 904 1420 953 signum
1441 901 1594 939 dominc

141 961 362 1012 appellatur
384 974 407 997 a
428 961 595 998 Paulino
620 961 734 1011 epist.
761 961 836 1000 12·
876 959 943 997 νεῖ
970 959 1043 996 hoc
1074 958 1122 996 de
1152 959 1265 1010 signo
1296 958 1446 996 domini
1473 970 1592 1009 super

139 1017 361 1069 ingressum
370 1018 499 1068 picto,
531 1016 608 1054 hac
626 1017 757 1067 specie
771 1030 892 1067 quam
911 1029 1046 1054 versus
1065 1014 1241 1053 indicat:

357 1087 468 1111 cerne
491 1081 718 1111 coronatam
739 1072 890 1110 domini
904 1086 1021 1124 super
1041 1073 1147 1110 atria
1174 1072 1323 1110 Christi

356 1137 460 1168 stare
479 1144 645 1167 crucem.

131 1185 240 1223 alios
258 1183 428 1239 denique
446 1184 691 1239 lychnuchos
719 1186 761 1224 in
779 1183 944 1224 modum
973 1185 1067 1223 retis
1097 1197 1292 1238 appensos
1319 1184 1500 1225 observat
1523 1183 1590 1225 Si-

139 1241 343 1282 lentiarius
364 1257 403 1282 v.
423 1245 528 1286 480:

360 1316 405 1348 ος
423 1298 465 1340 δὲ
480 1300 790 1369 πυρισπείρητον
809 1297 1022 1351 ἐπακτρίδα
1037 1297 1233 1354 θέλγεται,
1258 1296 1376 1347 ἄλλος

358 1354 551 1408 εἰσορόων
568 1360 775 1408 λαμπτῆρα
793 1353 1048 1408 μονάμπυκα.

142 1409 338 1447 eiusmodi
363 1420 455 1450 sunt
485 1426 582 1465 quos
611 1412 795 1450 describit
815 1413 1046 1449 Anastasius
1071 1412 1113 1448 in
1139 1413 1272 1449 Leone
1294 1424 1343 1449 111
1364 1412 1455 1449 PP:
1490 1411 1599 1463 fecit.¹

141 1479 250 1511 vero,
280 1466 352 1503 ubi
365 1483 506 1519 supra,
534 1476 627 1506 ante
646 1470 867 1521 ingressum
880 1469 1080 1518 praesepii
1075 1467 1270 1517 pharum
1291 1469 1335 1505 in
1355 1468 1516 1506 modum
1536 1483 1600 1506 re-

141 1523 192 1558 tis
212 1536 302 1559 cum
321 1527 510 1570 canistro,
528 1547 586 1553 —
613 1539 764 1563 necnon
785 1532 820 1562 et
837 1524 964 1561 alium
978 1524 1154 1574 pharum
1170 1526 1356 1562 maiorem
1373 1526 1416 1562 in
1436 1525 1599 1563 modum

140 1579 234 1615 retis
263 1593 354 1617 cum
386 1582 568 1618 canistris
598 1583 654 1622 20
666 1610 677 1630 ,
718 1581 957 1632 pendentem
997 1579 1070 1617 sub
1107 1579 1258 1617 trabem
1291 1583 1493 1619 maiorem.
1554 1583 1599 1619 in

139 1636 274 1673 Leone
301 1649 369 1676 lv:
400 1637 506 1689 ficit
535 1645 668 1675 autem
701 1638 760 1675 ad
785 1637 1116 1674 illuminationem
1143 1638 1268 1687 ipsius
1300 1637 1487 1675 basilicae
1519 1646 1598 1675 rete

131 1690 315 1730 *ahenum
333 1708 423 1731 cnm
441 1695 623 1731 canistris
643 1695 840 1745 argenteis·
858 1693 989 1731 decem
1010 1700 1045 1730 et
1066 1700 1224 1743 septem.
1286 1701 1324 1732 et
1349 1695 1392 1732 in
1421 1695 1598 1732 Benedi-

141 1754 204 1786 cto
226 1762 296 1786 111:
347 1751 390 1787 in
410 1749 576 1787 basilica
597 1751 650 1788 B.
674 1750 803 1787 Pauli
825 1750 995 1800 apostoli
1011 1749 1135 1787 isdem
1151 1751 1312 1788 antistes
1328 1773 1385 1780 -—-
1402 1752 1596 1802 pulcher-

142 1806 236 1841 rimi
253 1805 402 1843 decoris
419 1813 513 1851 rete,
542 1806 708 1857 factum
726 1807 823 1842 miro
845 1819 975 1855 opere,
1005 1813 1130 1842 totum
1150 1820 1196 1843 ex
1209 1808 1378 1857 gemmis·
1397 1807 1596 1845 alvaben‘s

141 1867 181 1896 et
197 1860 317 1899 bullis
333 1864 464 1899 aureis
481 1884 537 1890 —
557 1861 723 1914 offerens
732 1862 905 1911 pendere
924 1862 1050 1898 iussit.
1094 1868 1210 1913 atque
1230 1861 1274 1899 hi
1296 1862 1459 1915 quidem
1476 1863 1596 1915 lych-

140 1915 264 1954 nuchi
293 1917 343 1955 ad
371 1919 541 1956 fornices
570 1925 608 1955 et
638 1917 688 1955 ad
721 1919 889 1969 parietes
919 1918 1084 1969 appensi
1104 1925 1235 1955 erant:
1267 1926 1306 1957 at
1323 1932 1345 1956 a
1364 1922 1592 1970 pavimento

141 1975 408 2025 exsurgebant
426 1976 549 2013 veluti
569 1974 765 2027 quaedam
793 1975 923 2012 trabes
953 1988 1023 2012 seu
1046 1974 1203 2012 arbores
1225 1974 1300 2027 (sic
1323 1977 1429 2014 enim
1453 1979 1594 2029 appel-

139 2029 271 2067 lantur
289 2044 309 2068 a
327 2031 550 2069 Silentiario
567 2045 606 2069 v.
626 2030 728 2078 463,
758 2031 863 2079 464,
894 2029 994 2082 479)
1019 2031 1160 2082 plenae
1181 2032 1420 2083 luminibus,
1450 2034 1594 2086 quibus

140 2086 303 2126 inferior
319 2101 411 2140 pars
431 2088 571 2139 templi
594 2088 896 2135 illuminaretur,
927 2100 965 2125 v.
985 2086 1086 2128 443:

355 2144 397 2193 ἐς
415 2143 457 2184 δὲ
473 2141 583 2196 βαθὺ
602 2145 795 2197 κρηπῖδος
815 2142 997 2184 ἐδέθλιον
1019 2140 1124 2210 ἅβρα
1142 2140 1302 2195 νοήσεις
1614 2153 1644 2188 Ρ
1670 2153 1738 2190 559

359 2196 533 2271 δούρατα
550 2201 768 2253 δικραίροιο
786 2200 905 2252 μέσον
924 2196 1140 2251 τροχάοντα
1163 2198 1344 2253 σιδήρου,

360 2272 418 2296 ων
435 2256 499 2297 ἐπὶ
519 2254 736 2323 νηοπόλοιο
758 2253 913 2309 φαλαγξ
935 2258 1197 2297 διανείσσεται
1217 2258 1357 2310 αἴγλης

363 2310 577 2365 ἰθυπόροις
595 2309 831 2353 κανόνεσσιν
850 2312 1148 2365 ἒρευθομένοισι
1172 2315 1346 2354 δεθεῖσα-

143 2369 198 2406 ait
224 2381 340 2420 porro
363 2370 611 2408 Silentiarius
641 2368 692 2406 ad
723 2369 919 2408 eiusmodi
947 2371 1131 2408 arborum
1161 2370 1440 2408 collucentium
1461 2370 1598 2408 lumen

142 2425 360 2476 progredi
349 2440 390 2463 111
407 2427 603 2478 templum
621 2425 869 2464 sacerdotum
891 2425 1093 2464 cohortem
1108 2456 1119 2474 ,
1161 2428 1276 2465 rectis
1296 2427 1443 2478 regulis
1466 2428 1599 2465 rubri-

145 2483 323 2520 cantibus
349 2484 567 2534 illigatam3
610 2483 752 2535 quibus
771 2483 901 2521 verbis
926 2483 1075 2522 clerum
1098 2482 1338 2535 designavit,
1377 2485 1445 2535 qui
1468 2485 1598 2522 eccle-

144 2539 310 2577 siasticis
327 2539 541 2577 canonibus
562 2552 608 2576 ac
630 2540 776 2591 regulis
796 2540 992 2589 subiacett,
1031 2539 1176 2578 unde'
1158 2556 1201 2580 εν
1219 2543 1274 2593 τῷ
1299 2538 1442 2580 κανόνι
1469 2541 1535 2578 vel
1555 2540 1599 2581 ἐκ

143 2596 217 2633 τοῦ
233 2591 405 2644 κανόνος
423 2602 461 2633 et
480 2594 552 2633 sub
573 2609 721 2633 canone
738 2596 994 2634 ecclesiastico
1016 2597 1216 2634 constituti
1229 2582 1413 2634 dicuntur
1428 2598 1599 2648 quicun-

145 2662 223 2701 que
246 2664 298 2687 ex
317 2652 420 2690 clero
437 2659 543 2702 sunt,
573 2653 617 2690 in
635 2653 832 2702 conciliis,
862 2653 959 2691 locis
979 2652 1188 2691 indicatis'
1178 2666 1220 2690 111
1235 2654 1338 2691 notis
1359 2652 1410 2690 ad
1427 2653 1594 2691 Alexia-

145 2705 238 2744 dem
255 2720 294 2758 p-
316 2705 411 2749 420.
453 2710 703 2760 appellantur
719 2716 851 2747 autem
872 2706 1040 2757 κανόνες
1061 2705 1323 2761 ἐρευθόμενοι
1343 2722 1414 2747 seu
1433 2709 1596 2759 regulae

144 2762 385 2810 rubricatae,
415 2764 522 2815 quod
549 2778 684 2803 earum
713 2768 840 2817 capita
861 2779 906 2803 ac
925 2766 1032 2804 tituli
1048 2766 1172 2803 minio
1195 2772 1238 2803 ut
1257 2766 1475 2817 plurimum
1495 2778 1595 2801 exa-

145 2826 337 2859 rarentur.
394 2819 499 2858 unde
525 2820 631 2873 apud
646 2824 807 2862 Latinos
828 2823 977 2875 passim
996 2821 1157 2860 rubrica
1177 2824 1345 2861 sumitur
1364 2834 1436 2873 pro
1455 2822 1593 2873 quavis
