1838 3210
529 203 866 249 DESCRIPTIO
901 204 945 249 S.
978 204 1228 250 SOPHIAE.
1519 202 1614 252 149

158 320 198 352 et
225 325 403 366 pronaon
431 311 541 353 aedis
567 314 706 353 Martis
727 311 926 353 'habemus
959 314 1067 368 apud
1093 315 1249 354 Gruter.
1280 316 1336 358 27
1363 316 1416 364 2,
1461 316 1539 357 172
1567 315 1609 364 3,

155 370 239 411 214
271 373 309 411 1.
365 371 422 408 ita
449 373 568 410 etiam
590 384 672 409 vox
695 369 796 409 haec
815 378 1027 423 usurpatur
1049 386 1072 410 a
1092 373 1269 412 Vitruvio
1288 370 1316 413 4
1344 370 1373 413 4
1401 377 1440 409 et
1463 384 1488 409 a
1509 373 1609 410 Per-

156 425 268 464 dicca
285 424 461 479 Ephesio
483 427 532 465 de
551 426 814 466 Thematibus
830 428 1025 466 Hierosol.

370 484 439 525 καὶ
461 483 626 536 δένδρον
646 479 939 535 εὔσκιόφυλλον
959 479 1078 531 ἑστώς
1095 481 1139 525 ἓν
1156 485 1215 538 τῷ
1231 478 1412 539 προνάῳ.

153 544 195 576 at
215 539 285 591 qui
302 537 483 593 πρόναον
498 542 654 578 tertiam
674 554 760 579 esse
776 541 917 592 templi
935 547 1090 593 partem
1108 538 1371 588 contendunt,
1400 540 1443 577 in
1462 539 1608 592 quibus

153 601 213 633 est
242 595 539 646 Genebrardus,
571 598 802 635 existimant
829 596 924 635 inde
951 597 1148 635 Gallicam
1175 609 1315 634 vocem
1327 609 1455 647 prone
1477 595 1607 634 dedu-

152 650 340 700 cendam,
372 666 460 691 eam
487 654 636 692 scilicet
664 655 883 692 orationem
910 666 1031 707 quam
1058 665 1112 690 ex
1143 652 1262 691 officii
1281 653 1461 691 instituto
1484 651 1606 691 habet

152 709 260 746 curio
289 708 342 746 ad
362 710 524 761 plebem
545 711 588 747 in
614 711 691 748 ista
719 710 905 748 inferiore
944 708 1058 748 aedis
1082 716 1194 760 parte
1220 716 1260 746 et
1284 715 1398 746 extra
1426 707 1607 759 chorum,

151 765 256 802 inter
284 766 429 804 missae
458 766 657 815 solennia,
692 778 795 818 quae
810 779 986 816 pronum
1006 765 1149 803 dicitur
1170 766 1213 802 in
1230 766 1605 804 conciliisProvine.

150 822 373 861 Senonensi
406 835 442 860 a.
478 820 606 870 1524,
652 822 885 860 carnotensi
915 822 1046 870 1526,
1085 821 1365 860 Catalaunensi
1395 820 1502 863 1557
1529 829 1605 871 etc,

146 891 272 928 prono
292 879 335 915 in
363 879 547 916 Consuet.
575 879 790 916 Parisiensi
814 884 887 916 art.
911 879 990 926 30,
1018 878 1198 915 Bleseusi
1218 884 1292 915 art.
1313 880 1341 919 8
1364 883 1403 915 et
1424 879 1605 916 Dunensi

151 940 223 971 art.
242 932 318 982 58,
347 935 403 972 ita
428 940 473 972 ut
499 933 793 986 quodammodo
815 932 893 972 hac
920 933 1094 972 oratione
1113 946 1188 971 seu
1201 934 1439 971 allocutione
1456 933 1508 971 ad
1526 947 1603 986 po·

147 990 291 1041 pulum
324 992 431 1028 curio
463 991 580 1041 fungi
607 989 765 1029 dicatur
787 989 916 1029 officio
945 990 1114 1027 doctoris
1142 990 1390 1027 audientiam
1398 1017 1420 1035 ,
1455 991 1515 1027 uti
1543 997 1602 1029 est

149 1045 256 1097 apud
283 1046 325 1084 S.
345 1047 587 1098 Cyprianum
609 1048 741 1098 Epist.
758 1045 813 1088 24
842 1045 891 1084 de
915 1047 1062 1084 lectore
1085 1052 1283 1097 agentem.
1340 1047 1427 1084 scio-
1442 1047 1603 1084 Salma-

148 1104 254 1140 sium
281 1103 382 1141 libro
416 1102 465 1140 de
491 1104 673 1141 Primam
694 1116 821 1155 papae
843 1101 1108 1153 vocemqhanc
1126 1115 1149 1139 a
1167 1104 1315 1139 Latino.
1322 1104 1605 1152 praeconium,

149 1157 366 1207 deducere,
403 1157 511 1211 quod
538 1171 584 1196 eo
612 1160 655 1195 in
685 1159 773 1196 loco
802 1156 1007 1209 praeconis
1035 1158 1146 1196 verbi
1175 1157 1241 1195 dei
1266 1171 1412 1197 munus
1435 1159 1602 1211 impleat

148 1217 279 1253 curio:
309 1213 380 1253 sed
397 1217 468 1253 vix
484 1216 526 1251 iu
543 1213 648 1252 hanc
662 1216 899 1252 sententiam
914 1213 1083 1265 pedibus
1101 1214 1235 1251 ierim.

260 1275 327 1313 82.
386 1272 572 1308 Confecta
592 1269 700 1309 aedis
716 1269 943 1322 Sophianae
964 1283 1017 1308 ex
1032 1270 1264 1308 Silentiario
1276 1269 1443 1321 aliisque
1462 1277 1601 1308 aucto—

146 1328 255 1366 ribus
288 1326 570 1378 descriptione,
602 1334 780 1378 superest
807 1333 852 1364 ut
881 1325 930 1363 de
958 1327 1180 1378 praecipuis
1201 1327 1310 1364 illius
1334 1325 1491 1364 exedris
1516 1327 1600 1379 (sic

146 1385 254 1421 enim
282 1396 482 1431 sacrarum
508 1382 668 1420 aedimn
700 1382 941 1434 appendices
959 1383 1151 1434 appellari
1172 1389 1307 1420 auctor
1327 1388 1385 1420 est
1401 1383 1605 1422 Eusebius

143 1442 246 1478 Hist.
267 1441 376 1478 Eccl.
401 1441 456 1480 10
482 1437 536 1491 4)
566 1438 719 1491 aliquid
736 1438 927 1476 dicamus.
983 1438 1126 1475 harum
1145 1437 1245 1476 duae
1262 1440 1513 1490 potissimum
1532 1453 1601 1477 ce·-

142 1497 333 1534 lebriores
364 1494 523 1533 habitae
553 1502 668 1544 sunt,
711 1502 756 1533 ut
783 1502 937 1534 ceteras
958 1496 1158 1543 omittam,
1199 1496 1234 1532 si
1267 1508 1368 1547 quae
1397 1497 1600 1545 exstitere,

142 1553 416 1605 baptisterium
434 1559 473 1590 et
490 1551 752 1590 diaconicum.
808 1564 833 1589 a
846 1551 1075 1602 baptisterio
1090 1549 1311 1600 ordiemur,
1342 1564 1420 1603 quo
1437 1553 1600 1589 nomine

143 1610 346 1661 appellant
368 1607 580 1647 Christiani
597 1608 733 1646 locum
751 1607 940 1659 baptismi
956 1607 1085 1645 officio
1106 1606 1293 1645 dicatum.
1349 1606 1453 1644 illud
1471 1608 1599 1646 ferme

142 1668 308 1704 seorsim
336 1679 361 1703 a
385 1665 548 1716 templis
575 1665 730 1702 exstrui
757 1665 919 1701 solitum
951 1662 1065 1701 docet
1087 1664 1284 1701 Eusebius
1303 1664 1391 1702 loco
1411 1666 1601 1715 proxime

142 1725 274 1772 citato,
306 1723 517 1773 ceterique,
548 1733 646 1772 quos
664 1721 817 1772 passim-
831 1718 997 1758 laudant
1015 1721 1247 1758 Brissonius-
1262 1719 1317 1757 ad
1332 1721 1430 1771 Leg.
1450 1721 1603 1758 Domi—

142 1780 256 1825 nico,
299 1777 387 1816 cod.
419 1774 580 1815 Theod.
611 1775 661 1813 de
693 1776 948 1826 spectaculis,
989 1774 1129 1826 Steph.
1162 1777 1363 1815 Durantus
1397 1775 1446 1814 de
1472 1778 1598 1815 Ritib.

141 1835 251 1872 Eccl.
286 1837 307 1875 1
342 1835 419 1881 19,
456 1834 684 1870 Brouverus
707 1830 759 1868 ad
782 1833 985 1869 Fortunat.
1017 1832 1048 1868 l.
1079 1833 1100 1871 1
1134 1835 1265 1882 poem.
1299 1831 1374 1880 15,
1403 1831 1602 1883 Iosephus

141 1893 369 1929 vicecomes
402 1895 442 1926 et
471 1889 554 1926 alii.
620 1899 752 1939 neque
779 1894 938 1924 tantum
963 1893 1076 1924 extra
1102 1886 1246 1924 aedem
1267 1900 1420 1925 sacram
1443 1889 1598 1926 exstitit

140 1947 434 1999 baptisterium,
465 1943 537 1983 sed
566 1944 687 1980 etiam
714 1956 851 1981 versus
873 1943 1052 1980 infimam
1066 1942 1176 1981 illius
1190 1949 1365 1995 partem,
1396 1956 1468 1981 seu
1486 1943 1598 1982 haud

140 2005 260 2055 louge
282 2015 305 2040 a
324 2002 538 2054 porticibus
556 1999 865 2038 occidentalibus
885 2000 951 2036 vel
969 1997 1175 2047 narthece,
1205 2012 1283 2052 quo
1303 2002 1426 2037 statui
1440 1999 1598 2038 videtur

139 2061 229 2099 loco
260 2059 534 2111 baptisterium
557 2055 806 2108 Sophianum
825 2068 849 2093 a
869 2054 1026 2094 Codino
1041 2057 1235 2093 scribente
1254 2052 1297 2096 τὸ
1316 2054 1507 2097 ἐπίπεδον
1522 2058 1598 2097 τοῦ

139 2118 244 2157 ναοῦ
271 2115 342 2156 καὶ
370 2111 436 2155 τὸν
464 2113 640 2165 λουτῆρα
677 2111 745 2152 καὶ
781 2109 876 2160 τοῦς
908 2109 1120 2165 νάρθηκας
1149 2111 1216 2152 καὶ
1244 2108 1294 2151 ταὶ
1325 2111 1438 2165 πέριξ
1462 2108 1597 2153 αὐτῶν

138 2173 262 2211 fuisse
294 2169 458 2209 domum
488 2169 674 2207 Damiani
699 2169 877 2221 patriciI,
906 2169 989 2207 sive
1021 2166 1097 2206 hoc
1127 2168 1216 2206 loco
1242 2166 1413 2206 narthex
1442 2167 1594 2206 dicatur

138 2242 231 2281 pars
251 2228 415 2266 inferior
435 2226 596 2277 templi,
626 2238 697 2263 seu
719 2226 892 2277 porticus
909 2225 1110 2263 vestibuli.
1165 2225 1314 2262 Paulus
1343 2225 1595 2267 Silentiarius

138 2292 240 2337 part.
260 2288 280 2326 1
306 2297 346 2322 v.
364 2282 443 2325 148
471 2281 573 2320 illud
597 2281 722 2319 fuisse
751 2280 902 2319 indicat
920 2293 1056 2319 versus
1072 2282 1252 2332 porticus
1264 2281 1471 2323 inferiores
1490 2295 1594 2334 quae

138 2343 242 2379 intra
260 2338 402 2378 aedem
420 2345 524 2387 sunt,
554 2351 633 2391 quo
651 2338 778 2375 ferme
795 2338 883 2376 loco
903 2335 999 2375 hinc
1012 2336 1107 2375 inde
1123 2336 1380 2377 validioribus
1398 2339 1594 2378 columnis

137 2397 368 2437 marmoreis
386 2393 669 2434 catechumena
686 2393 977 2433 suffulciuntur.

841 2445 1131 2504 ἐφεδρήσσονσι
1152 2445 1196 2489 δὲ
1214 2448 1309 2504 γαίῃ
1613 2456 1643 2491 P
1667 2455 1734 2491 593

351 2503 484 2549 οἷντίοι
504 2501 711 2559 ἀλλήλοισι
729 2501 815 2547 δύω
838 2506 978 2547 δυσίν·
1005 2499 1062 2545 ὧν
1084 2501 1184 2545 κατοῖ
1204 2500 1354 2559 κόρσης

352 2558 606 2617 τετραπόροις
627 2565 805 2616 σειρῆσιν
825 2561 1092 2614 ἐπειλιχθεῖσα
1111 2561 1252 2613 κεραίη

351 2622 483 2661 νῶτον
499 2615 735 2671 ὖπεστῆριξε
752 2619 1037 2672 γυναικείοισιν
1056 2615 1249 2666 sagatum,

353 2673 450 2716 λαὸν
472 2671 736 2716 ἄπιθόνονσα
753 2672 853 2729 πρὸς
871 2670 1077 2728 ἀκράαντα
1090 2669 1229 2726 λόετρα

351 2727 575 2783 ἀνδρομέου
593 2727 743 2783 βιότοιο
758 2728 966 2785 καθάρσια
979 2736 1056 2768 etc.

137 2800 253 2839 porro
280 2793 389 2824 tanta
417 2785 678 2837 amplitudine
706 2787 784 2826 fuit
810 2787 1085 2840 baptisterium
1113 2780 1383 2835 Sophianum,
1412 2790 1457 2821 ut
1475 2782 1517 2820 in
1536 2781 1587 2820 iis

137 2850 224 2882 acta
253 2844 419 2882 concilia
443 2843 627 2895 legamus
652 2843 696 2881 in
722 2842 876 2897 synodo
898 2840 1086 2882 Chalced.
1108 2841 1196 2879 Act.
1214 2843 1236 2883 1
1257 2846 1297 2879 et
1314 2838 1420 2892 apud
1438 2836 1588 2877 cedre-
