1890 3224
317 192 384 239 92
935 192 1160 238 PETAVII

318 301 556 342 Indictiones
585 300 778 352 instituit,
808 313 882 341 nos
908 309 1042 342 autem
1060 305 1114 341 'in
1143 315 1245 342 anno
1273 301 1526 341 antecedente
1543 301 1761 342 Indictione

317 361 475 399 labente
496 359 611 397 tertia
622 388 632 408 ,
663 360 698 397 si
716 357 982 398 Indictionum
998 359 1190 413 epocham
1210 358 1417 412 defigimus
1432 360 1476 398 in
1493 357 1674 399 kalendis
1693 363 1760 399 Ia-

318 417 466 454 nuariis
488 422 555 453 aut
572 416 615 453 in
633 416 765 453 Martii
788 414 852 453 die
869 417 1058 456 vicesima
1076 418 1224 469 quinta.

430 473 611 524 Denique
633 484 760 510 annus
776 473 846 510 ille
868 475 938 526 qui
957 486 982 512 a
1003 472 1233 512 cassiodoro
1252 472 1413 524 ponitur
1429 472 1477 510 ab
1496 472 1760 511 incarnatione

320 528 660 580 quingentesimus
685 530 956 580 sexagesimus
980 528 1195 578 secundus,
1227 529 1299 567 sub
1322 530 1527 566 consulatu
1546 529 1684 566 Basilii
1697 530 1762 567 vi-

321 586 400 622 cies
418 585 562 634 semel,
592 583 809 623 Indictione
835 584 987 623 decima
1007 593 1165 623 notatur
1182 592 1266 623 tam
1286 586 1335 623 ab
1355 583 1418 623 his
1438 587 1507 637 qui
1525 584 1762 623 Indictiones

320 653 345 678 a
371 641 533 690 Martio,
564 653 685 693 quam
709 641 757 679 ab
791 641 880 680 aliis
910 643 980 695 qui
1009 643 1056 680 ab
1085 642 1314 680 Decembris
1343 639 1407 678 die
1422 640 1478 682 25
1498 647 1564 678 aut
1580 639 1762 678 kalendis

319 697 492 734 Ianuarii
510 697 765 749 sequentibus
784 697 1002 737 ordiuntur.
1057 711 1196 736 verum
1211 699 1360 750 priores
1379 710 1401 734 a
1417 695 1600 735 kalendis
1618 699 1763 735 Ianua-

319 754 388 791 riis
420 751 472 790 ad
500 756 527 795 8
557 752 749 792 kalendas
769 755 927 806 Apriles
953 753 1216 793 Indictionem
1237 753 1365 791 adhuc
1384 755 1540 791 tertiam
1559 753 1764 804 putabant.

321 809 603 847 concurrebant
631 816 765 848 autem
792 812 907 850 ambo
924 812 968 848 in
986 802 1154 849 eandem
1171 809 1433 848 Indictionem
1452 816 1650 862 quartam,
1677 810 1765 859 ipso

321 863 386 902 die
412 866 714 916 incarnationis,
742 867 876 905 Martii
901 866 976 916 25,
1007 880 1030 905 a
1056 881 1134 920 quo
1163 868 1312 906 scilicet
1337 865 1590 904 Cassiodorus
1616 877 1767 903 annum

319 919 467 960 Christi
486 930 668 961 numerat
688 924 1049 976 quingentesimum
1068 925 1361 975 sexagesimum
1383 921 1612 961 secundum.

431 979 520 1016 Non
550 979 674 1030 igitur
701 978 843 1018 eodem
874 993 977 1018 anno
1009 979 1231 1032 iisdemque
1263 979 1488 1018 consulibus
1520 978 1635 1016 ambo
1666 975 1767 1015 haec

319 1033 433 1071 initio
465 1037 724 1084 conveniunt,
760 1036 1038 1074 incarnationis
1065 1037 1214 1089 scilicet
1242 1042 1282 1073 et
1309 1036 1451 1072 natalis
1478 1033 1640 1072 domini.
1698 1033 1767 1084 qui

321 1091 430 1126 enim
457 1102 480 1127 a
505 1091 630 1128 natali
651 1092 865 1142 incipiunt,
894 1090 971 1130 hoc
989 1098 1048 1129 est
1066 1093 1118 1133 25
1137 1092 1386 1137 Decembris,
1416 1103 1552 1127 eorum
1575 1087 1767 1140 epocham

319 1158 402 1183 non
419 1153 638 1196 sequuntur
657 1148 726 1198 qui
744 1148 792 1184 ab
808 1149 1075 1184 incarnatione
1087 1175 1097 1194 ‚
1122 1145 1202 1190 hoc
1222 1152 1281 1183 est
1297 1145 1349 1186 25
1366 1147 1520 1193 Martii,
1545 1151 1766 1193 numerant,

318 1199 391 1239 sed
411 1201 535 1239 tribus
557 1202 760 1240 mensibus
779 1208 1047 1249 antevertunt3
1078 1208 1122 1239 ut
1146 1209 1185 1240 et
1213 1202 1351 1239 Graeci
1372 1202 1466 1238 anni
1482 1202 1573 1252 plus
1590 1202 1767 1250 semisse,

318 1258 410 1309 qui,
442 1256 549 1309 quod
568 1258 634 1295 vel
652 1258 765 1309 pueri
782 1265 949 1306 norunt,
979 1257 1219 1296 Indictiones
1240 1271 1332 1296 suas
1353 1258 1449 1295 olim
1470 1270 1493 1294 a
1509 1256 1564 1298 25
1584 1258 1769 1308 Septem-

316 1314 422 1362 bris,
448 1320 586 1364 postea
621 1327 713 1352 vero
749 1326 772 1350 a
802 1312 985 1352 kalendis
1023 1316 1155 1352 exorsi
1183 1321 1287 1352 sunt.
1344 1312 1451 1366 quod
1477 1314 1692 1365 posterius,
1722 1319 1769 1351 ut

318 1370 419 1407 alios
439 1371 640 1419 omittam,
671 1371 881 1421 Gregorius
907 1367 1114 1424 Κεραμεύς
1136 1370 1486 1408 Taurominitanus
1505 1368 1769 1422 archiepisco·

319 1439 394 1476 pus
425 1424 575 1464 indicat
601 1425 768 1465 homilia
808 1427 866 1475 εἰς
893 1424 968 1479 τήν
995 1423 1126 1481 ἀρχήν
1152 1429 1225 1480 τῆς
1248 1423 1433 1468 Ἰνδίκτου
1460 1423 1552 1479 ἤτοι
1577 1428 1650 1467 τοῦ
1673 1424 1769 1467 νέον

321 1481 446 1530 s‘vo‘vg.

432 1539 615 1576 Ceterum
635 1536 742 1591 quod
760 1537 809 1576 de
830 1536 1096 1577 Indictionum
1119 1537 1269 1590 epocha
1291 1537 1401 1587 dixi,
1428 1538 1657 1576 meminisse
1678 1549 1770 1575 cum

317 1594 458 1645 primis
488 1600 641 1644 oportet
673 1607 739 1632 eos
767 1596 837 1646 qui
865 1595 1103 1633 Graecorum
1123 1594 1307 1632 historias
1329 1595 1546 1644 attingunt,
1578 1592 1673 1631 dum
1689 1595 1771 1631 im-

318 1657 545 1701 peratorum
563 1662 686 1688 annos
706 1651 825 1688 simul
842 1656 881 1687 et
899 1663 990 1687 cum
1010 1649 1293 1687 Indictionibus
1313 1656 1352 1686 et
1368 1663 1460 1686 cum
1475 1650 1590 1687 annis
1605 1650 1770 1687 Iulianis

319 1711 564 1757 comparant.
620 1718 715 1742 nam
733 1707 802 1758 qui
822 1718 845 1743 a
863 1703 1047 1743 kalendis
1065 1707 1237 1743 Ianuarii
1255 1718 1406 1742 annum
1424 1706 1575 1753 ineunt,
1602 1704 1646 1742 id
1663 1704 1771 1757 quod

318 1760 503 1799 hodierni
534 1762 741 1813 scriptores
773 1762 943 1810 faciunt,
977 1775 1126 1799 annum
1152 1762 1370 1813 quemlibet
1391 1774 1437 1799 ea
1457 1760 1676 1799 Indictione
1693 1773 1772 1799 no-

318 1824 403 1855 tare
429 1817 574 1855 debent
601 1830 702 1869 quae
733 1831 787 1855 ex
814 1818 1020 1869 Cpolitana
1043 1816 1233 1856 methodo
1264 1830 1287 1855 a
1316 1816 1498 1855 kalendis
1529 1817 1772 1868 Septembris
1805 1823 1814 1832 '

320 1875 416 1911 anni
442 1875 645 1912 anterioris
665 1875 825 1912 initium
843 1873 1002 1923 habuit,
1031 1875 1071 1911 in
1095 1887 1216 1927 quam
1233 1875 1378 1912 Iuliani
1396 1875 1490 1911 anni
1509 1872 1772 1925 primordium

320 1929 486 1978 incidit,
514 1943 596 1968 non
618 1930 665 1968 ab
687 1943 734 1968 ea
756 1943 858 1983 quae
878 1929 1021 1969 eodem
1042 1944 1145 1969 anno
1164 1931 1324 1969 nonnisi
1347 1930 1373 1970 8
1395 1930 1636 1969 vertentibus
1654 1943 1772 1967 men-

325 1987 434 2024 sibus
465 1985 687 2025 inchoatur.
744 1993 832 2025 tum
859 2000 953 2025 vero
985 1988 1019 2026 si
1048 1989 1118 2039 qui
1146 1989 1402 2039 imperatores
1434 1993 1606 2024 exeunte
1637 1987 1771 2038 aliquo

201 2043 230 2076 P
255 2042 301 2078 53
325 2056 428 2080 anno
457 2044 610 2081 Iuliano
643 2045 857 2095 imperium
884 2045 1076 2095 auspicati
1105 2051 1216 2092 sunt,
1244 2044 1400 2082 non·ab
1423 2044 1473 2081 iis
1502 2042 1772 2094 cognominari

318 2098 427 2138 hunc
456 2113 624 2149 annum,
654 2100 726 2138 sed
754 2101 801 2138 ab
832 2099 1153 2139 antecedentibus
1182 2113 1256 2152 par
1284 2106 1364 2149 est,
1394 2100 1464 2152 qui
1493 2101 1643 2136 maiore
1677 2099 1772 2135 anui

318 2162 430 2208 parte
450 2155 580 2194 adhuc
601 2157 767 2208 imperio
789 2157 1057 2208 praefuerunt.

433 2215 540 2249 Haec
577 2213 778 2250 levissima
814 2212 978 2265 quidem
1014 2218 1133 2260 sunt,
1190 2209 1262 2249 sed
1299 2223 1324 2248 a
1362 2209 1600 2263 quibusdam
1638 2210 1772 2248 minus

320 2267 618 2316 animadversa3
658 2282 710 2306 ex
740 2282 817 2320 quo
846 2269 1038 2316 Heraclii,
1068 2275 1113 2305 ut
1138 2269 1252 2304 initio
1281 2264 1480 2318 praefatus
1504 2279 1614 2314 sum,
1644 2278 1772 2303 anno-

320 2338 410 2370 rum
437 2323 531 2362 ordo
559 2325 818 2362 labefactatus
844 2331 926 2373 est,
957 2323 1154 2377 siquidem
1187 2325 1338 2375 primus
1368 2324 1476 2360 illius
1503 2335 1629 2360 annus
1658 2321 1772 2359 Indi-

320 2383 448 2419 ctione
480 2381 686 2432 Cpolitana
716 2381 845 2432 coepit
877 2380 950 2430 14,
992 2394 1028 2418 a.
1057 2382 1101 2418 C.
1130 2381 1233 2428 610,
1270 2380 1428 2419 Octobri
1457 2391 1618 2426 mense,
1647 2385 1692 2416 ut
1718 2389 1772 2416 ex

319 2436 570 2488 Theophane
604 2436 780 2475 Cedreno
813 2437 978 2489 aliisque
1010 2443 1186 2474 constare
1215 2437 1356 2487 potuit.
1414 2449 1535 2487 quare
1569 2447 1671 2472 anno
1705 2447 1771 2472 se-

320 2501 480 2544 quente,
512 2492 652 2531 eadem
672 2492 890 2531 Indictione
910 2495 1068 2530 labente
1090 2500 1157 2530 aut
1173 2494 1334 2530 ineunte
1352 2493 1542 2539 Romana,
1570 2492 1772 2527 numerari

319 2551 471 2600 primus
494 2551 667 2587 Heraclii
688 2549 842 2597 debuit,
873 2563 964 2587 cum
984 2548 1281 2587 antecedentem
1300 2549 1441 2586 maiori
1460 2560 1512 2584 ex
1529 2554 1638 2598 parte
1659 2545 1771 2584 Pho-

319 2618 388 2642 cae
418 2605 444 2645 8
473 2613 713 2657 occupasset.
771 2611 811 2643 at
839 2605 901 2642 illi
930 2606 1102 2644 Heraclii
1132 2603 1348 2643 secundum
1370 2603 1515 2642 Christi
1534 2605 1614 2643 611
1633 2604 1771 2653 signa-

318 2667 422 2698 runt.
480 2662 535 2698 ita
553 2663 704 2713 primus
726 2659 903 2700 eiusdem
920 2663 1166 2714 imperatoris
1187 2674 1311 2698 annus
1333 2661 1521 2698 trimestri
1544 2659 1671 2710 spatio
1691 2659 1771 2696 cir-

321 2719 581 2769 cumscriptus
610 2725 681 2757 est.
740 2731 861 2771 quam
894 2719 1027 2756 labem
1060 2731 1150 2756 cum
1176 2716 1358 2755 homines
1389 2715 1533 2755 eruditi
1557 2715 1676 2752 facile
1697 2713 1771 2751 de-

319 2772 645 2825 prehendissent,
674 2776 730 2813 ita
755 2773 965 2813 emendare
992 2782 1084 2814 sunt
1107 2775 1282 2825 aggressi
1301 2779 1344 2811 ut
1364 2774 1478 2810 annis
1493 2770 1650 2810 Phocae
1665 2782 1771 2808 non-

318 2831 398 2870 nisi
412 2834 439 2874 7
457 2832 652 2871 attributis
670 2844 743 2884 pro
761 2837 898 2872 octavo
910 2860 922 2883 ,
953 2833 1022 2886 qui
1040 2833 1081 2870 in
1099 2829 1244 2869 Christi
1265 2831 1346 2872 610
1365 2828 1503 2868 incidit
1515 2857 1527 2878 ,
1555 2826 1729 2866 Heraclii
1743 2826 1768 2866 1

1857 3082 1890 3224 5332:
1868 3067 1869 3070 ⁴

1880 3015 1890 3094 tuan„
