1890 3224
394 174 472 217 DE
503 173 689 224 REBUS
702 172 866 224 1³19ssOE
890 170 1213 222 ,MAURICIUM
1244 170 1454 220 GESTIS.
1586 171 1652 219 29

199 286 354 339 πόλεως
376 286 418 330 ἐν
442 293 491 345 τῇ
517 286 634 331 πόλει·
659 289 852 336 εἰσελθεῖν
872 285 1033 331 ἔπειθον
1057 285 1259 341 οὐδαμῶς.
1324 286 1366 330 ἐν
1386 286 1431 329 δέ
1451 291 1539 336 ταῖς
1559 284 1652 344 ἔορ-

198 364 288 407 ταῖς
318 355 467 412 μόνους
496 357 591 407 τοὺς
615 357 729 407 υἱοὺς
755 356 967 409 ἐξέπεμπε,
1003 358 1070 397 καὶ
1102 355 1216 398 αὐτοὶ
1242 356 1508 405 ἐπιτελοῦντες
1523 356 1570 398 ἐν
1594 359 1653 412 τῷ

199 425 294 483 ἱερῷ
315 425 387 480 τὴν
405 426 522 467 θείαν
541 426 787 481 λειτουργίαν
809 423 934 474 εὐθὺς
953 423 1054 480 πρὸς
1075 423 1196 466 αὐτὸν
1216 422 1391 480 ἐξῄεσαν.
1460 421 1652 474 ὡσαύτως

198 496 265 536 καὶ
289 494 381 544 τοὺς
406 493 589 544 ἱππικοὺς
608 493 765 548 ἀγῶνας
785 490 901 547 ἡνίκα
920 493 1092 535 ἐθεῶντο
1104 524 1118 543 ,
1151 490 1272 534 πάλιν
1293 492 1395 549 πρὸς
1412 491 1481 534 τὸν
1497 492 1652 548 πατέρα

163 569 186 604 5
198 561 443 619 ἀπεχώρουν.
511 562 552 604 ἐν
570 555 604 619 ᾦ
623 562 667 603 δὲ
684 562 877 617 διέτριβεν
896 562 1042 611 ἐκεῖσε,
1073 560 1301 616 ἀγγέλλεται
1320 561 1430 618 αὐτῷ
1446 558 1502 610 ὥς
1523 559 1546 602 ὃ
1565 560 1654 610 υἱὸς

198 631 323 673 αὐτοῦ
333 627 597 686 Ἀταλάριχος
612 631 678 672 καὶ
703 628 917 686 Θεόδωρος
935 627 956 671 ὃ
978 629 1051 684 τὴν
1073 629 1188 679 ἇξιάν
1207 627 1448 686 μάγιστρος,
1487 626 1653 671 Θεοδώ-

197 715 271 755 ρου
291 699 334 740 δέ
352 703 423 741 τοῦ
441 700 639 751 βασιλέως
658 699 835 755 ἇὸελᾳλοῢ
854 696 962 749 υἱός,
997 697 1071 739 σὺν
1092 697 1229 748 ἄλλοις
1255 699 1357 740 τισὶν
1383 695 1650 750 ἐπιβουλεύειν

197 767 306 824 αὐτῷ
335 766 527 821 ἤμελλον·
562 769 630 809 καὶ
659 774 742 817 τοῖς
762 766 965 821 μηνύσασι
986 768 1165 816 πεισθεὶς
1185 764 1337 809 τούτων
1355 766 1428 816 τὰς
1450 765 1561 823 ῥῖνας
1582 767 1650 808 καὶ
1670 768 1703 803 D

195 836 271 885 τὰς
291 842 433 892 χεῖρας
458 836 635 889 ἐξέτεμε,
669 837 736 876 καὶ
761 833 1024 892 Ἀταλάριχον
1042 835 1116 888 μὲν
1135 837 1190 884 εἷς
1210 834 1284 889 τὴν
1302 838 1423 888 νῆσον
1446 835 1518 888 τὴν
1538 837 1652 890 λεγο-

141 908 186 942 10
194 904 317 958 μένην
340 905 565 959 Πρίγκιπον
585 901 786 959 ἐξόριστον
808 904 1030 957 ἐξέπεμψε,
1069 901 1282 959 Θεόδωρον
1303 904 1347 944 δέ
1366 903 1469 960 πρὸς
1486 902 1560 957 τὴν
1578 906 1653 957 νῆ·-

195 989 268 1014 σον
300 972 374 1026 τὴν
406 973 447 1012 Γ
443 972 711 1024 αυδομελέτην
745 971 1165 1027 προσαγορευομένην,
1199 972 1419 1027 ἐπιτρέψας
1444 975 1503 1028 τῷ
1530 971 1653 1013 ἐκεῖσε

196 1040 330 1090 δουκί,
357 1037 474 1093 ἡνίκα
503 1039 605 1096 πρὸς
634 1039 758 1081 αὐτὸν
787 1030 1033 1092 καταλᾶβοι,
1068 1041 1136 1080 καὶ
1166 1039 1235 1080 τὸν
1263 1040 1395 1094 ἕτερον
1414 1043 1494 1081 τῶν
1515 1041 1653 1080 ποδῶν

195 1108 436 1165 ἀφελέσθαι.
504 1107 608 1150 κατὰ
638 1111 767 1150 ταῦτα
801 1108 844 1150 δὲ
874 1108 942 1149 καὶ
976 1106 1071 1158 τοὺς
1098 1105 1341 1162 συγγνόντας
1360 1106 1496 1157 αὐτοῖς
1513 1106 1564 1149 τὰ
1582 1111 1654 1162 τῆς

194 1177 409 1230 ἐπιβουλῆς
430 1173 720 1233 ἐτιμωρήσατο.

142 1294 186 1329 15
329 1287 494 1346 Χρόνου
518 1289 560 1331 δὲ
582 1288 721 1330 ἱκανοῦ
749 1285 980 1337 διελθόντος
995 1285 1364 1348 παρασκευάζουσιν
1383 1287 1422 1329 οἱ
1439 1292 1511 1330 τοῦ
1529 1292 1653 1342 βασι-

196 1358 296 1408 λέως
318 1357 507 1412 ἄρχοντες
528 1357 597 1399 τὸν
619 1356 791 1412 ἔπαρχον
811 1353 866 1405 ὥς
886 1362 1121 1411 συναγαγεῖν
1147 1359 1312 1398 πλεῖστα
1340 1360 1460 1398 πλοῖα
1479 1358 1544 1398 καὶ
1562 1355 1655 1411 ἐχό-

194 1444 296 1481 μενα
327 1424 515 1481 ἀλλήλοις
539 1423 689 1480 ἐξάψαι
712 1423 845 1480 ὥσπερ
866 1420 1090 1480 γεφυρώσει
1110 1424 1180 1466 τὸν
1201 1423 1393 1480 πόρθμον
1412 1430 1484 1467 τοῦ
1502 1429 1654 1467 καλου-

194 1495 317 1548 μένου
347 1498 486 1536 στενοῦ
492 1525 506 1545 ,
540 1492 707 1543 κλώνοις
727 1510 768 1535 τε
793 1493 968 1548 δένδρων
985 1493 1052 1534 καὶ
1072 1491 1271 1548 φυλλάσιν
1290 1491 1540 1550 ἑκατέρωθεν
1561 1495 1654 1535 δια-

195 1564 391 1617 τειχίζειν,
427 1560 481 1611 ὧς
509 1561 612 1616 μηδὲ
641 1559 820 1617 δρᾶσθαι
847 1558 1032 1616 παριόντι
1057 1560 1131 1614 τὴν
1153 1559 1378 1603 θάλατταν.
1445 1562 1511 1603 καὶ
1520 1561 1584 1618 -δὴ
1607 1561 1653 1603 τὸ

140 1631 310 1687 2οἐ’ργον
338 1632 394 1680 εἷς
421 1628 542 1684 τάχος
566 1627 814 1685 προυχώρει,
851 1629 916 1669 καὶ
938 1625 958 1668 ὅ
978 1627 1168 1680 βασιλεὺς
1190 1628 1329 1678 ἷππειῖς
1351 1629 1418 1670 διὰ
1440 1628 1651 1685 θαλάττης
1672 1636 1703 1670 P
1728 1638 1772 1673 18

195 1699 328 1754 ὥσπερ
359 1698 426 1739 διὰ
455 1702 525 1750 τῆς
557 1697 722 1752 ἠπείρου
759 1697 862 1737 κατὰ
892 1695 966 1745 τὰς
997 1695 1121 1745 ἀκτὰς
1157 1701 1230 1738 τοῦ
1260 1698 1468 1752 λεγομένου
1502 1697 1653 1740 κόλπου

199 1767 397 1816 Φιδαλίας
415 1766 670 1822 ἐπεραιοῦτο,
706 1762 796 1806 οὔτε
819 1763 888 1805 τὸν
908 1761 1129 1819 παράκτιον
1143 1769 1281 1821 χῶρον
1298 1766 1564 1821 παραμείψας
1585 1765 1655 1808 διὰ

285 1907 308 1941 2
333 1902 550 1947 stagneum?
764 1904 803 1938 11
828 1901 897 1946 τὴν
921 1915 975 1937 om
997 1903 1027 1937 P
1237 1905 1281 1939 17
1303 1899 1396 1938 ὥστε
1417 1905 1655 1949 γεφυρῶσαιῒ

288 1954 332 1988 18
355 1949 499 1992 κλόνοις
522 1951 550 1984 Ρ
702 1951 749 1986 22
775 1949 978 1989 Φαιδαλίας
998 1949 1046 1983 P:
1069 1960 1148 1983 corr
1169 1949 1352 1985 Petavius.

193 2076 341 2112 suadere
366 2088 435 2110 non
457 2078 660 2120 potuerunt.
708 2086 749 2109 ac
771 2086 836 2121 per
854 2074 967 2108 festos
990 2072 1066 2107 dies
1088 2072 1180 2107 filios
1202 2073 1373 2108 duntaxat
1389 2074 1569 2119 mittebat,
1592 2075 1655 2121 qui

194 2123 303 2158 sacris
326 2122 364 2156 in
385 2122 514 2166 templo
539 2133 583 2155 ex
604 2132 699 2155 more
720 2120 888 2166 perfectis
907 2119 1024 2154 statim
1048 2120 1092 2153 ad
1115 2119 1228 2164 ipsum
1244 2121 1491 2162 revertebant3
1512 2120 1655 2156 itidem-

195 2180 263 2213 que
289 2174 471 2212 postquam
495 2167 719 2201 Circensibus
743 2165 952 2211 spectaculis
974 2165 1228 2208 interfuerant,
1264 2165 1382 2198 statim
1408 2166 1452 2200 ad
1474 2171 1654 2210 parentem

194 2213 370 2255 redibant.
425 2212 535 2257 igitur
565 2224 639 2247 cum
673 2212 745 2246 illic
777 2212 1003 2254 consisteret,
1046 2210 1237 2244 nuntiatum
1271 2210 1305 2244 ei
1335 2215 1389 2245 est
1418 2211 1654 2248 Atalarichum

195 2258 302 2294 filium
325 2266 362 2293 et
383 2258 606 2292 Theodorum
629 2258 848 2303 magistrum,
873 2257 1055 2291 Theodori
1079 2256 1200 2290 fratris
1220 2256 1345 2299 filium,
1371 2268 1446 2291 cum
1471 2257 1549 2292 aliis
1574 2259 1655 2304 qui-

194 2305 340 2339 busdam
371 2310 491 2337 contra
521 2315 560 2336 se
593 2304 804 2338 coniurasse.
853 2315 996 2348 quarum
1027 2314 1142 2336 rerum
1172 2302 1346 2336 indicibus
1381 2304 1527 2338 credens
1549 2315 1654 2340 nares

193 2350 263 2385 inis
294 2355 331 2384 et
357 2360 476 2383 manus
507 2349 691 2393 praecidit.
737 2350 957 2384 Atalarichus
981 2349 1019 2382 in
1040 2347 1186 2382 insulam
1205 2348 1342 2382 nomine
1364 2348 1565 2395 Principum
1588 2351 1651 2385 de-

195 2401 373 2441 portatur,
396 2395 605 2428 Theodorus
628 2406 713 2428 vero
737 2394 773 2428 in
795 2395 940 2429 insulam
962 2393 1251 2429 Gaudomeleten.
1299 2393 1396 2427 cuius
1419 2396 1555 2430 insulae
1571 2396 1653 2431 duci

195 2443 336 2475 mandat
355 2447 395 2475 ut
418 2452 493 2475 cum
518 2440 561 2473 ad
585 2452 624 2474 se
646 2440 886 2485 pervenisset,
910 2452 1014 2475 unum
1038 2440 1072 2474 ei
1095 2452 1139 2474 ex
1161 2440 1310 2484 pedibus
1333 2445 1542 2486 amputaret.
1590 2453 1652 2477 ea-

196 2488 274 2521 dem
297 2493 333 2521 et
354 2486 392 2520 in
415 2498 532 2520 omnes
553 2485 719 2520 facinoris
744 2486 901 2520 conscios
923 2498 1039 2532 poena
1062 2485 1274 2521 decernitur.

287 2555 423 2589 Deinde
444 2555 548 2600 longo
571 2560 695 2599 postea
717 2559 874 2600 tempore
896 2555 1095 2599 praefectus
1126 2553 1241 2596 urbis,
1276 2553 1536 2598 magistratuum
1567 2555 1653 2590 hor-

198 2604 293 2643 tatu,
328 2600 442 2634 multis
474 2601 511 2634 in
543 2612 646 2634 unum
677 2600 807 2634 coactis
840 2600 988 2635 navibus
1012 2606 1048 2635 et
1069 2601 1218 2634 invicem
1241 2598 1413 2645 alligatis,
1443 2601 1535 2635 freto
1559 2602 1653 2646 quod

199 2646 376 2690 angustias
400 2653 527 2680 vocant
548 2646 644 2680 velut
666 2652 806 2692 pont-em
829 2645 992 2690 iniungit,
1015 2658 1056 2680 ac
1073 2646 1178 2680 ramis
1197 2646 1356 2680 arborum
1377 2651 1412 2680 et
1429 2646 1523 2680 foliis
1540 2648 1654 2681 utrin-

199 2702 266 2735 que
306 2690 416 2725 latera
452 2692 669 2736 praetendit,
713 2697 751 2726 ut
784 2692 1021 2737 praetereunti
1054 2702 1222 2735 nusquam
1254 2702 1349 2726 mare
1379 2692 1652 2737 prospiceretur.

198 2737 292 2781 quod
324 2748 410 2781 opus
442 2748 516 2771 cum
550 2738 727 2772 celerrime
758 2738 950 2783 perfectum
981 2744 1093 2780 esset,
1126 2738 1316 2782 imperator
1345 2749 1434 2782 equo
1465 2750 1529 2783 per
1558 2749 1653 2772 mare

196 2787 359 2827 tanquam
394 2794 458 2827 per
487 2784 719 2819 continentem
750 2784 932 2827 invectus,
973 2785 1019 2817 ad
1047 2784 1143 2817 sinus
1173 2793 1274 2828 quem
1301 2783 1498 2819 Phidaliam
1525 2788 1654 2819 vocant

196 2827 279 2861 litus
300 2828 514 2863 transmittit.
562 2841 627 2864 nec
648 2830 834 2865 secundum
857 2841 952 2864 oram
972 2829 1177 2865 maritimam
1201 2828 1378 2864 ambulans
1399 2841 1465 2874 per
1481 2828 1653 2874 Bamyssi
