1890 3224
243 202 309 248 92
362 201 591 256 QUERCII
622 201 698 243 DE
729 197 990 243 EXPEDIT.
1022 197 1247 241 PERSICA
1279 197 1560 242 MONITUM.

244 312 384 363 fuisset
412 319 450 349 et
478 311 590 360 finis,
630 316 669 348 et
695 317 888 362 quantum
910 309 996 360 ipse
1022 308 1236 360 imperator
1262 306 1339 344 fuit
1366 307 1410 345 in
1440 305 1685 345 debellandis

246 369 377 406 Persis
396 369 508 405 fortis
533 373 572 404 et
593 379 801 415 accensus,
829 372 984 403 tantum
1014 366 1134 402 etiam
1159 362 1208 401 de
1231 361 1534 401 Mahumedanis
1559 364 1686 414 repri-

244 423 399 462 mendis
412 452 422 472 ‚
452 425 585 461 statim
602 436 646 461 ac
662 423 704 460 in
722 422 937 474 perniciem
953 419 1165 459 Christiani
1182 420 1355 458 nominis
1373 432 1576 471 erumpere
1595 432 1688 457 coe-

244 487 405 531 perunt,
435 480 626 517 sollicitus
656 476 890 517 exstitisset!
947 490 1086 515 verum
1114 474 1223 529 quod
1247 474 1298 512 ad
1323 474 1501 513 Pisidam
1523 482 1685 527 spectat,

245 549 346 587 quae
378 537 463 586 ipse
495 535 609 574 nobis
637 533 702 572 hic
731 536 870 582 refert,
905 529 1101 584 αὐτόπτης
1128 531 1290 585 quidem
1307 538 1459 569 narrat:
1487 531 1564 569 fuit
1581 532 1688 569 enim

246 603 376 629 comes
402 592 574 628 Heraclii
600 593 643 629 in
668 589 743 628 hac
763 592 891 642 prima
911 588 1185 641 expeditione,
1217 594 1262 626 ut
1288 601 1341 625 ex
1361 589 1481 626 variis
1499 588 1595 626 locis
1613 586 1689 624 ha-

246 660 378 684 rumce
405 648 633 687 Acroaseow
664 654 774 698 patet
810 646 1036 684 clarissime.
1094 658 1215 698 quare
1246 657 1327 682 non
1354 643 1509 682 videtur
1533 645 1570 681 ei
1592 642 1690 681 fides

245 702 477 754 deneganda
505 705 547 740 in
582 705 630 741 iis
654 716 755 755 quae
778 704 821 740 in
844 703 972 754 primo
994 702 1098 740 bello
1116 702 1272 739 Persico
1293 707 1378 737 acta
1397 701 1518 737 fuisse
1536 712 1691 737 memo-

246 765 319 799 rat.
377 765 478 796 certe
508 758 799 811 Theophanes,
831 760 900 811 qui
918 771 980 797 res
1003 758 1051 795 ab
1071 758 1253 795 Heraclio
1276 760 1406 808 gestas
1430 757 1691 808 persequitur,

247 823 328 852 non
344 813 462 853 modo
481 821 624 853 testem
641 814 803 854 adhibet
820 814 1021 863 Pisidam,
1052 812 1124 852 sed
1143 812 1322 852 eiusdem
1337 813 1457 850 verba
1476 815 1515 849 et
1532 818 1693 849 senten-

248 871 323 908 tias
343 872 386 908 in
411 884 523 909 suam
545 886 630 909 rem
646 873 830 910 transfert
843 878 953 908 tanta
968 870 1130 919 fiducia,
1163 877 1207 908 ut
1234 871 1318 907 eius
1343 870 1515 918 integros
1540 867 1693 904 iambos

249 939 342 964 suae
375 929 589 965 narrationi
615 929 794 966 intexere
826 934 944 979 atque
972 940 1158 965 consuere
1188 938 1270 964 non
1295 924 1554 971 dubitaverit3
1586 921 1695 975 quod
1722 965 1725 968 y

247 994 302 1018 ex
323 983 465 1020 nostris
485 982 800 1022 adnotationibus
820 983 888 1021 fiet
906 984 1175 1020 manifestum.
1231 981 1383 1018 bellum
1395 1009 1406 1028 ,
1435 978 1543 1032 quod
1559 978 1694 1017 Pisida

247 1033 450 1086 describit,
484 1052 606 1090 prope
628 1040 726 1077 fines
745 1041 923 1077 Persicos
945 1039 1048 1076 ultra
1066 1044 1244 1076 montem
1261 1039 1463 1084 Taurum,
1494 1049 1597 1073 anno
1613 1037 1694 1072 im-

246 1093 348 1144 perii
364 1095 535 1131 Heraclii
555 1096 628 1143 12,
659 1094 804 1133 Christi
822 1091 904 1135 622
925 1101 1055 1131 actum
1080 1100 1151 1132 est·
1208 1093 1391 1127 Heraclio
1411 1098 1544 1128 autem
1561 1094 1603 1128 ill
1623 1105 1694 1128 ¹11·-

246 1149 341 1186 bem
353 1156 443 1200 post
458 1162 606 1186 annum
620 1162 775 1186 reverso
790 1155 924 1185 noster
941 1148 1152 1197 Georgius,
1185 1147 1255 1197 qui
1271 1147 1551 1196 imperatorem
1565 1147 1695 1184 fuerat

246 1212 426 1253 secutus,
456 1204 505 1242 de
532 1218 575 1241 re
602 1205 770 1241 feliciter
800 1209 911 1254 gesta
936 1201 1014 1240 hoc
1041 1202 1234 1253 tripartito
1263 1202 1422 1250 libello,
1451 1208 1496 1239 ut
1525 1201 1694 1251 videtur,

245 1261 464 1311 gratulatus
494 1267 574 1308 est,
615 1272 735 1312 quem
760 1261 803 1296 in
825 1260 992 1310 plenum
1021 1271 1115 1296 suae
1143 1270 1237 1309 erga
1263 1258 1396 1308 ipsum
1423 1257 1695 1296 observantiae

244 1316 498 1367 veritatisque
527 1317 799 1354 testimonium
824 1316 862 1352 ei
891 1315 1019 1353 laetus
1046 1314 1211 1352 obtulit:
1255 1315 1311 1351 ait
1341 1314 1449 1351 enim
1477 1315 1639 1354 Acroas.
1669 1316 1696 1355 3

245 1373 351 1412 379:
381 1370 446 1411 σοὶ
473 1366 591 1412 τόνδε
615 1368 779 1412 πλεκτὸν
804 1369 1002 1422 στέφανον
1019 1369 1062 1419 ἐξ
1083 1366 1286 1424 ἀκηράτου
1305 1371 1498 1422 λειμῶνος
1517 1367 1606 1422 ἄρτι
1625 1372 1699 1421 τῆς

247 1422 440 1478 ἀληθείας
461 1426 581 1481 φέρω.
640 1435 756 1480 atque
784 1426 884 1465 haec
911 1425 1095 1479 quidem,
1123 1434 1169 1465 ut
1187 1426 1266 1463 alia
1282 1426 1473 1477 plurima,
1502 1439 1582 1464 nou
1597 1430 1698 1478 poe·

247 1483 324 1520 tice
355 1489 531 1532 tantum,
560 1482 633 1522 sed
659 1497 850 1535 pompose
878 1481 1085 1535 splendide
1112 1490 1151 1521 et
1176 1484 1459 1535 πανηγυρικῶς
1483 1480 1587 1520 dicta
1611 1495 1697 1521 esse

246 1539 364 1576 facile
400 1539 566 1591 quisque
599 1541 807 1590 intelliget.
865 1553 934 1588 ac,
963 1545 1008 1576 ut
1029 1551 1120 1576 mea
1140 1539 1260 1590 plane
1287 1545 1346 1575 est
1367 1540 1583 1587 sententia,
1613 1540 1697 1577 sive

245 1594 453 1632 materiem
483 1596 565 1632 sive
592 1596 764 1633 formam
794 1601 946 1646 spectes
975 1596 1104 1645 operis
1117 1623 1128 1643 ,
1167 1594 1429 1645 panegyricus
1464 1595 1626 1632 inscribi
1658 1601 1698 1632 et

247 1651 379 1688 vocari
403 1651 543 1688 merito
570 1658 705 1702 posset
724 1649 801 1688 hoc
817 1651 1059 1702 poemation.
1115 1651 1307 1687 nimirum
1325 1650 1408 1687 iam
1429 1648 1497 1687 diu
1517 1658 1608 1688 ante
1625 1651 1698 1688 Pi-

249 1704 378 1744 sidam
393 1707 435 1743 in
451 1719 561 1744 more
580 1714 782 1758 receptum
800 1714 883 1745 erat
901 1713 946 1744 ut
962 1710 1117 1757 poetae,
1137 1706 1280 1758 quibus
1299 1704 1352 1742 ad
1368 1707 1535 1756 longum
1553 1719 1698 1759 poema

249 1760 536 1799 conficiendum
565 1775 679 1813 pares
705 1764 809 1800 vires
835 1776 917 1800 non
944 1769 1075 1811 erant,
1103 1763 1303 1813 poematia
1326 1762 1562 1812 scriberent,
1596 1776 1697 1816 quae

247 1816 484 1855 modestiore
501 1819 616 1855 titulo
638 1825 775 1856 ornata
788 1820 1071 1870 panegyricos,
1099 1819 1282 1855 carmina
1298 1825 1336 1854 et
1350 1817 1474 1856 silvas
1490 1820 1697 1857 vocabant.

246 1872 368 1910 fidem
384 1874 534 1911 faciunt
551 1873 658 1925 apud
671 1875 834 1912 Latinos
851 1876 975 1913 silvae
993 1875 1121 1923 Statii,
1151 1875 1261 1912 varia
1279 1875 1452 1911 carmina
1473 1875 1695 1925 Claudiani,

247 1936 287 1966 et
302 1931 563 1980 panegyricus
583 1931 764 1981 Corippir,
795 1943 896 1982 quae
917 1932 1051 1968 omnia
1069 1943 1212 1981 parum
1231 1937 1298 1968 aut
1315 1929 1419 1967 nihil
1444 1929 1630 1969 differunt
1646 1932 1698 1969 ab

249 1986 472 2023 acroasibus
497 1985 669 2024 Pisidae.
727 1983 920 2040 οἷκροάσις
941 1985 1103 2039 quidem
1123 1987 1282 2037 proprie
1304 1992 1418 2023 sonat
1437 1988 1696 2034 auscultatio,

246 2054 404 2092 perraro
435 2048 569 2079 tamen
597 2041 696 2080 haec
714 2055 796 2080 vox
813 2056 859 2081 eo
878 2056 999 2081 sensu
1019 2049 1206 2093 usurpata
1224 2042 1436 2080 invenitur.
1495 2049 1535 2080 at
1556 2043 1696 2095 sophi·

248 2104 343 2146 stae,
373 2110 462 2135 cum
481 2097 579 2149 quid
595 2110 786 2148 magnum
805 2112 847 2137 se
865 2111 951 2137 esse
972 2097 1143 2136 dicturos
1160 2098 1452 2149 pollicerentur,
1483 2095 1697 2153 ἀκροάσεις

246 2152 494 2206 ἐπαγγέλλειν
522 2160 560 2190 et
583 2158 808 2204 ποιεῖσθαι,
839 2154 940 2205 quid
966 2154 1151 2206 dcjgnum,
1182 2153 1290 2204 quod
1316 2153 1539 2201 audiretur,
1568 2169 1697 2195 enun-

248 2210 353 2246 ciare
373 2216 411 2246 et
427 2209 579 2246 tradere
595 2208 846 2247 dicebantur:
875 2208 980 2247 unde
999 2216 1109 2260 patet
1125 2205 1337 2261 ἀκροάσεις
1354 2209 1477 2248 fuisse
1496 2211 1695 2263 sophista-

249 2278 337 2302 rum
375 2265 678 2302 declamationes
702 2272 759 2302 ‚et
793 2264 842 2302 de
878 2278 1112 2318 quacunque
1139 2279 1180 2302 re
1208 2266 1381 2303 illustres
1413 2270 1694 2319 expositiones,

250 2319 358 2372 quod
382 2321 462 2358 late
492 2319 779 2358 demonstratur
801 2334 824 2358 a
847 2322 1034 2359 Cresollio
1056 2323 1099 2358 in
1125 2321 1292 2358 Theatro
1316 2322 1361 2359 V
1353 2328 1402 2359 et.
1425 2323 1545 2361 Rhet.
1571 2324 1641 2362 lib.
1666 2328 1694 2366 2

249 2390 285 2413 c.
309 2376 349 2416 5.
406 2375 478 2414 sed
504 2374 611 2415 hunc
637 2377 755 2427 plane
772 2377 934 2414 titulum
951 2375 1132 2415 adhibuit
1149 2376 1304 2426 Pisida,
1332 2390 1415 2415 non
1433 2378 1540 2431 quod
1555 2379 1694 2432 sophi-

247 2439 396 2470 starum
421 2445 530 2469 more
558 2434 710 2483 ingenii
738 2434 799 2470 sui
828 2435 930 2471 vires
950 2434 1182 2483 extolleret,
1211 2432 1284 2472 sed
1307 2432 1415 2485 quod
1432 2434 1582 2473 iamdiu
1599 2450 1694 2476 usus

246 2488 464 2525 invaluerat
490 2495 534 2525 ut
564 2485 791 2526 huiusmodi
808 2491 1006 2540 poematia
1025 2486 1255 2543 ἀκροάσεις,
1284 2488 1326 2526 id
1351 2496 1410 2527 est
1431 2493 1692 2539 recitationes,

246 2550 499 2592 vocarentur,
529 2557 576 2581 eo
599 2545 692 2596 quia
711 2557 828 2596 saepe
848 2547 889 2582 iu
907 2559 1051 2597 magna
1070 2547 1210 2598 populi
1227 2545 1448 2596 frequentia
1462 2576 1473 2597 ,
1505 2554 1543 2586 et
1561 2561 1692 2587 coram

239 2600 297 2637 ‘iis
318 2598 369 2637 ad
387 2612 485 2652 quos
505 2599 643 2639 laudes
660 2601 768 2652 ipsae
785 2603 1055 2652 pertinebant,
1086 2602 1359 2641 recitabantur.
