1890 3224
758 187 1028 230 ACROASIN
1060 187 1095 229 1.
1552 188 1611 232 15
1621 189 1643 232 1

316 298 407 336 121.
464 296 567 333 inter
595 294 736 346 duces,
767 309 934 348 quorum
962 310 1036 348 ope
1060 294 1290 335 Alexander
1319 296 1526 334 Graeciam
1548 299 1647 335 Per-

200 351 300 389 siam
320 359 358 390 et
374 350 530 389 Indiam
546 348 732 403 subegit,
749 353 961 391 laudantur
973 355 1203 402 Parmenio,
1230 351 1519 404 Hephaestion,
1548 355 1646 390 Per-

199 407 331 456 dicea,
360 408 568 457 Seleucus,
597 410 867 458 Ptolemaeus,
897 410 1170 461 Lysimachus,
1200 412 1418 460 Antipater,
1450 410 1645 458 Craterus,

198 466 320 516 Antig
297 477 441 514 ⁰,onus
472 464 711 514 Cassander,
739 466 948 504 Aridaeus.

294 495 406 562 '‘v-122
463 520 730 572 Theophanes
738 537 785 573 p
801 523 880 564 256
899 525 955 560 ita
978 521 1026 559 de
1042 523 1251 562 Romanis.
1283 522 1325 563 οἱ
1341 519 1415 576 yde
1434 521 1531 576 πρὶν
1547 519 1647 574 μηδὲ

200 574 404 629 Περσικήν
422 573 535 622 κόνιν
555 574 818 630 τολμήσαντες
838 579 937 618 ἰδεῖν
952 581 1028 619 νῦν
1048 595 1083 618 κ.
1104 594 1137 620 τ.
1154 582 1187 619 λ.

309 635 404 674 126.
462 632 510 671 de
533 632 690 685 Exped.
711 638 738 676 2
770 638 848 676 116
879 634 975 688 quid
994 635 1136 674 simile.

308 691 401 731 128.
461 689 588 727 codex
609 689 730 728 habet
749 688 995 740 καθώπλιζε,
1025 690 1245 743 sphalmate
1269 689 1496 728 manifesto.

310 747 405 786 132.
463 745 700 785 Timotheus
718 746 972 786 Atheniensis
993 746 1113 786 homo
1135 749 1263 786 clarus
1286 754 1324 784 et
1343 748 1526 798 princeps
1549 746 1647 784 civi-

195 801 307 850 tatis,
338 804 407 852 qui
437 803 556 853 vulgo
586 800 753 855 εὕτυχής
779 811 838 842 est
867 806 1101 856 appellatus.
1157 811 1291 841 utrum
1316 801 1382 840 hic
1409 804 1478 840 ille
1506 803 1543 839 T
1545 805 1649 840 imo-

195 856 311 895 theus
339 858 458 895 fuerit
487 860 657 898 Cononis
684 861 811 907 filius,
842 863 952 899 cuius
982 863 1106 899 vitam
1136 861 1250 898 nobis
1279 862 1466 912 scriptam
1490 859 1650 910 reliquit

195 914 401 952 Cornelius
417 917 563 966 Nepos,
592 923 636 953 ut
654 917 857 954 nonnullis
874 919 1018 968 placet,
1048 916 1165 954 valde
1186 916 1335 954 dubito.
1393 916 1538 952 frustra
1554 928 1649 953 sane

194 983 360 1022 quaeres
376 973 419 1008 in
435 973 586 1022 Nepote
607 985 708 1024 quae
728 972 862 1010 Pisida
882 973 948 1011 hic
967 980 1114 1011 narrat.
1173 986 1220 1010 ea
1244 971 1293 1009 de
1316 986 1358 1009 re
1381 970 1566 1008 110111111111
1588 978 1650 1007 at·-

193 1028 283 1077 tigit
298 1025 612 1078 Aristophanes
601 1042 645 1066 111
664 1025 836 1083 Πλουτω
860 1031 957 1077 180,
991 1027 1166 1067 dicens‘
1144 1045 1165 1069 ο
1188 1028 1387 1079 Τιμοθέου
1412 1025 1455 1067 δὲ
1484 1023 1649 1078 πύργος,

191 1091 236 1120 at
264 1083 456 1121 Timothei
474 1086 595 1122 turris
612 1086 655 1122 in
675 1092 790 1136 caput
808 1070 923 1126 11111111
939 1084 1110 1134 incidat,
1140 1083 1191 1122 ad
1227 1097 1327 1136 quae
1345 1085 1400 1129 ita
1420 1081 1650 1131 scholiastes

193 1138 378 1177 adnotat:
413 1139 436 1180 ὁ
458 1137 656 1192 Τιμόθεος
673 1137 887 1190 πλούσιος,
913 1158 999 1207 αμα
1016 1140 1062 1183 δὲ
1083 1140 1150 1185 καὶ
1173 1139 1305 1192 ολβιος
1330 1136 1454 1193 α’νήρ,
1486 1152 1651 1206 στρατη-

193 1193 260 1248 γός
285 1192 547 1247 Ἀθηναίων,
576 1201 702 1248 τεῖχος
729 1194 998 1249 οἰκοδομήσας
1029 1198 1085 1245 εἰς
1106 1197 1298 1238 τοσοῦτον
1305 1194 1426 1264 ἤρθη
1442 1198 1514 1247 τῆς
1530 1192 1652 1247 τύχης

192 1267 248 1299 ,ως
268 1250 343 1304 τήν
362 1253 533 1304 δαίμονα
552 1250 631 1293 ἐν’
617 1250 711 1303 ὄψει
727 1254 946 1303 φαίνεσθαι
968 1251 1117 1307 τούτω·
1147 1251 1213 1293 καὶ
1242 1252 1285 1293 ἐν
1305 1247 1506 1316 Ἀθήναις
1528 1251 1570 1292 ἐν
1595 1252 1653 1291 εἰ-

192 1305 309 1349 κόσιν
331 1308 497 1349 ἐποίουν
520 1305 641 1348 αὐτὸν
662 1304 915 1375 κοιμώμενον
939 1309 982 1348 οἱ
1001 1293 1223 1362 ζωγράφοι,
1251 1307 1319 1347 καὶ
1342 1305 1412 1357 τὰς
1433 1303 1555 1359 τύχας
1574 1322 1652 1358 φε-

190 1360 343 1416 ρούσας
364 1361 482 1433 αυτῷ
512 1364 568 1412 εἰς
600 1365 738 1405 δίκτυα
764 1360 919 1414 πόλεις,
948 1364 1016 1404 καὶ
1043 1367 1279 1417 πορθοῦντα
1304 1360 1452 1411 αὐτάς,
1482 1359 1652 1404 αἰνιττο-

191 1435 308 1473 μενοι
324 1436 399 1472 την
419 1418 679 1472 εὐδαιμονίαν
700 1416 837 1461 αὐτοῦ.
893 1419 1129 1468 scholiastae
1161 1420 1309 1459 verba
1297 1433 1340 1457 111
1359 1418 1508 1458 Suidae
1524 1421 1651 1457 Lexi—

192 1490 266 1514 con
286 1477 508 1514 translata·
498 1478 677 1517 mvenies
700 1491 740 1514 v.
765 1471 975 1528 Τιμόθεος.

305 1532 397 1577 140,
455 1534 628 1572 Heraclii
654 1534 826 1575 formam
855 1535 1019 1585 eiusque
1047 1532 1192 1577 flavam
1211 1532 1426 1570 caesariem
1445 1532 1540 1569 alibi
1559 1532 1648 1568 lau—

193 1587 260 1628 dat
286 1593 404 1640 poeta
427 1588 476 1629 de
491 1589 646 1639 Exped.
670 1591 695 1630 3
726 1591 799 1638 99,
829 1596 948 1640 atque
981 1588 1128 1626 idcirco
1160 1590 1299 1636 etiam,
1330 1589 1488 1640 opinor,
1513 1589 1650 1638 ipsum

190 1646 471 1697 imperatorem
488 1643 607 1689 modo
623 1645 754 1684 solem
764 1643 888 1686 *modo
909 1643 1118 1683 Phoebum
1136 1645 1324 1695 appellat.
1382 1643 1473 1681 vide
1491 1643 1589 1681 ibid.

307 1702 400 1742 150.
451 1703 590 1752 prima
611 1701 787 1752 fortuna
815 1702 1022 1738 Heraclius
1047 1707 1262 1751 tyrannum
1280 1698 1457 1738 Phocam
1479 1699 1623 1746 devicit
1636 1713 1648 1737 ε

192 1771 282 1802 eum
305 1758 423 1795 enim
451 1770 504 1794 ex
529 1757 664 1794 Africa
693 1757 850 1807 Cpolim
868 1758 1115 1808 appulisset,
1152 1758 1286 1794 statim
1314 1755 1507 1795 seditione
1536 1763 1648 1798 ,mota

191 1815 383 1851 factiones
411 1812 589 1850 Phocam
616 1814 899 1854 interfecerunt
928 1820 967 1850 et
994 1812 1223 1851 Heraclium
1250 1825 1387 1863 regem
1408 1813 1650 1862 salutarunt.

190 1868 283 1911 vide
298 1868 592 1920 Theophanem
601 1882 651 1918 p.
672 1867 768 1914 244.

305 1925 400 1966 153.
456 1925 663 1976 ἐμφυλίων
687 1926 835 1967 ciuium
860 1923 1046 1972 dissidia,
1076 1924 1219 1977 quibus
1238 1931 1319 1964 tota
1339 1923 1529 1974 flagrabat
1543 1923 1648 1963 civi-

190 1989 251 2021 tas
264 2011 275 2030 ‚
305 1979 464 2034 quando
484 1982 690 2019 Heraclius
702 1982 922 2032 imperator
939 1988 998 2018 est
1015 1982 1275 2024 renuntIatuS.
1314 1979 1438 2028 ξένων
1455 1979 1648 2022 Abarum

189 2036 352 2076 fraudes
375 2044 414 2075 et
438 2036 606 2086 damna,
641 2036 690 2074 de
718 2038 860 2089 quibus
888 2038 1003 2088 plura
1023 2039 1065 2077 in
1083 2037 1223 2077 Po'e'm.
1240 2036 1296 2075 de
1313 2035 1422 2073 Bell.
1444 2035 1578 2083 Ahar.
1602 2048 1649 2077 ac

191 2097 227 2133 si
255 2095 343 2147 quis
375 2093 499 2143 ξένων
527 2094 642 2132 malit
667 2101 820 2131 vertere
846 2093 1065 2144 hospitum,
1093 2106 1174 2130 non
1192 2104 1394 2143 repugno:
1424 2093 1518 2130 satis
1539 2093 1647 2139 enim

191 2164 245 2189 ex
276 2149 412 2188 Pisida
441 2157 603 2201 apparet
632 2151 675 2187 iu
705 2151 899 2201 principio
931 2149 1083 2188 laudati
1113 2151 1308 2201 poematis
1335 2149 1485 2188 Abares
1522 2148 1647 2186 fuisse

190 2208 316 2245 veluti
333 2205 504 2257 hospitio
525 2214 702 2258 receptos
720 2219 743 2243 a
761 2208 949 2244 Romanis
970 2213 1009 2243 et
1030 2205 1267 2246 contribules
1287 2205 1426 2243 factos.
1485 2203 1647 2253 demum

190 2259 408 2316 βαρβάρων
422 2264 639 2300 Persarum
658 2263 763 2300 bella
782 2270 820 2300 et
837 2264 1148 2302 immanissimae
1168 2261 1322 2299 caedes.

309 2318 403 2361 155.
462 2318 617 2356 dixerat
646 2321 753 2356 enim
784 2319 832 2356 de
857 2320 1012 2370 Exped.
1043 2322 1070 2360 2
1100 2317 1154 2359 44
1185 2318 1414 2355 Heraclium
1447 2318 1647 2355 invenisse

192 2377 411 2414 exercitum
438 2375 549 2412 nulla
575 2369 740 2412 militari
766 2374 976 2427 disciplina
1010 2377 1269 2414 exercitatum
1293 2382 1332 2411 et
1355 2376 1434 2411 otio
1458 2373 1647 2411 diffluen-

191 2439 298 2481 tem3
327 2430 434 2469 unde
457 2445 581 2481 supra
601 2445 639 2468 v.
662 2432 742 2472 130
762 2433 962 2471 Romanos
983 2433 1130 2477 milites
1158 2430 1358 2483 lapidibus
1383 2437 1530 2480 terram
1553 2432 1648 2467 inu-

193 2489 256 2526 tili
274 2487 450 2540 pondere
470 2487 723 2538 gravantibus
740 2491 994 2539 comparavit.

307 2545 402 2585 158.
456 2546 499 2580 111
523 2542 656 2581 codice
679 2556 797 2594 supra
818 2546 988 2595 primam
1007 2544 1206 2596 syllabam
1222 2543 1333 2581 verbi
1353 2546 1570 2597 παρελθεῖν
1586 2543 1647 2580 18-

193 2600 300 2650 gitur
315 2597 407 2652 πρό.
466 2607 505 2637 et
522 2603 739 2653 παρελθεῖν
762 2606 801 2637 et
819 2602 1033 2653 προελθὲῖν
1052 2608 1171 2638 recte.

307 2656 403 2697 159.
461 2655 539 2694 duo
557 2657 732 2708 proximi
750 2659 895 2694 senarii
912 2659 1080 2695 citantur
1096 2655 1252 2695 aSuida
1268 2657 1311 2693 in
1328 2669 1367 2694 v.
1379 2654 1647 2708 Σταγειρίτης.

192 2711 349 2761 Stagira
381 2712 574 2762 oppidum
600 2712 879 2762 Macedoniae,
909 2715 1035 2765 patria
1063 2713 1311 2761 Aristotelis,
1346 2714 1415 2765 qui
1448 2712 1525 2749 fuit
1550 2710 1648 2747 Ale-

191 2766 339 2809 xandri
367 2768 609 2819 praeceptor.
667 2770 813 2807 iterum
838 2769 1069 2808 Alexandro
1099 2770 1329 2816 Heraclium
1350 2767 1506 2815 videtur
1532 2767 1649 2803 tacite

193 2824 440 2875 praetulisse.
499 2824 592 2863 vide
616 2839 740 2876 supra
759 2839 799 2865 v.
822 2827 901 2867 113
919 2834 963 2864 et
979 2841 1084 2878 seqq.

249 2897 379 2941 Georg.
409 2896 518 2931 Pisid.
1325 2893 1375 2931 13
