1890 3224
522 167 594 208 AD
629 164 1000 224 NICEPHORUM
1032 163 1234 209 NOTAE.
1512 161 1567 206 11
1580 161 1604 205 1

156 279 248 330 psit.
304 289 399 314 nam
417 277 527 329 cyclo
546 277 664 314 lunae
686 274 739 317 14
757 275 853 313 luna
877 272 926 316 14
943 277 1039 327 Apr.
1065 277 1134 322 12,
1166 273 1299 326 cyclus
1317 271 1410 310 solis
1427 271 1452 311 9
1465 301 1475 320 ,
1507 285 1604 322 epa-

158 342 241 372 ctae
274 335 367 371 solis
397 336 444 381 33
474 347 572 386 quas
605 332 706 371 adde
734 332 980 384 regularibus
1009 334 1082 383 τῆς
1110 330 1334 378 ποστιαίας,
1363 327 1440 366 1100
1469 335 1528 365 est
1554 330 1600 368 5:
1627 326 1654 358 P
1679 326 1722 359 67

156 392 253 428 fiunt
272 394 310 431 8.
369 390 535 441 proinde
555 391 654 427 feria
679 392 697 429 1
718 390 867 440 Aprilis
890 390 957 429 12.
1015 395 1054 425 et
1084 384 1182 427 καθ’
1213 386 1436 437 ὑπέρβασιν
1455 383 1605 436 pascha

155 446 414 485 reiiciendum
442 449 485 483 iu
517 450 580 488 19.
637 459 718 483 11011
749 448 870 497 igitur
900 443 1073 482 eundem
1095 445 1137 480 in
1159 456 1306 481 annum
1322 442 1519 479 Iulianum
1537 448 1606 478 aut

155 505 380 542 Heracliani
408 504 586 554 imperii,
617 501 724 555 quod
750 503 798 540 ab
829 502 986 540 Octobri
1005 513 1165 549 mense,
1194 506 1239 537 ut
1257 506 1347 536 ante
1362 500 1604 546 monuimus,

154 559 383 607 inchoatur,
414 559 492 597 duo
513 560 574 597 illi
594 558 855 610 Theophanis
873 571 918 595 ac
939 556 1108 595 Cedreni
1129 556 1370 595 characteres
1388 556 1604 604 incurrunt,

155 617 226 655 sed
255 618 505 667 Cpolitanum
536 615 741 654 duntaxat.
798 627 967 668 quorum
994 616 1146 665 primus
1179 614 1289 664 Sept.
1309 614 1335 652 3
1368 624 1405 649 a.
1428 613 1506 652 621
1531 612 1607 648 tri-

152 672 334 711 buendus
363 680 442 721 est,
475 673 593 721 alter,
623 671 810 724 idemque
837 669 1059 723 paschalis,
1090 683 1126 708 a.
1158 672 1260 716 622,
1291 668 1400 720 cyclo
1427 665 1606 719 paschali

156 729 233 779 15,
263 730 373 782 cyclo
406 730 500 766 solis
531 743 584 766 ex
608 728 796 767 methodo
823 729 1027 780 Cpolitana
1060 734 1100 765 et
1126 727 1294 764 Maximi
1323 731 1505 775 computo
1538 727 1606 765 10.

153 789 345 824 terminus
365 784 562 837 paschalis
583 787 730 837 Aprilis
755 789 790 826 1.
835 790 1108 822 concurrentes
1125 783 1151 823 4
1168 796 1259 820 cum
1275 782 1448 832 regulari
1467 784 1486 821 1
1510 780 1606 817 dant

153 843 295 880 feriam
316 842 342 884 5
370 843 519 894 Aprilis
543 843 581 882 1.
638 842 744 879 unde
775 842 924 893 Aprilis
950 842 977 883 4
1005 840 1202 878 dominica
1228 837 1438 891 paschatis.
1498 836 1606 888 apud

153 901 314 937 Latinos
341 913 434 937 vero
465 899 574 950 cyclo
601 899 697 936 solis
721 898 770 940 15
798 899 858 935 lit.
878 897 984 935 dom.
1004 899 1047 935 0.
1106 895 1247 934 eodem
1260 897 1378 933 lunae
1395 894 1505 946 cyclo
1521 901 1604 930 ter-

152 958 284 994 minus
304 955 501 1007 paschalis
522 961 561 992 et
579 953 725 1006 pascha
741 954 883 992 iisdem
900 955 981 992 illis
998 953 1152 991 diebus.

264 1015 310 1050 In
343 1010 616 1050 Alexandrino
647 1011 838 1049 Chronico
870 1025 908 1061 p.
932 1013 1014 1052 892
1041 1012 1231 1061 scriptum
1256 1015 1337 1056 est,
1366 1006 1509 1044 Indict.
1538 1007 1605 1054 12,

151 1070 326 1107 Heraclii
358 1068 406 1109 14
437 1074 476 1104 et
505 1075 594 1117 post
624 1069 707 1104 eius
738 1068 984 1105 consulatum
1016 1070 1091 1114 13,
1135 1066 1310 1103 Heraclii
1338 1065 1504 1101 iunioris
1540 1065 1605 1109 12,

151 1125 382 1163 Heraclium
402 1135 492 1159 cum
510 1122 646 1158 liberis
666 1129 704 1158 et
722 1124 887 1171 coniuge
906 1123 1129 1170 profectum
1146 1123 1200 1163 25
1221 1122 1374 1166 Martii,
1405 1125 1444 1156 et
1464 1117 1515 1154 ad
1532 1120 1605 1154 Ni-

152 1180 375 1220 comediam
410 1176 559 1230 pascha
594 1177 835 1225 celebrasse3
880 1175 1099 1213 secundum
1129 1173 1236 1227 quod
1266 1175 1440 1212 remissis
1470 1175 1607 1211 liberis

153 1252 244 1277 cum
260 1237 430 1274 Martina
449 1235 614 1284 coniuge
635 1235 822 1286 perrexit.
881 1231 1071 1270 debuerat
1100 1229 1299 1283 paschatis
1325 1229 1606 1279 characterem,

151 1302 197 1333 ut
222 1296 265 1332 iu
292 1292 506 1331 levioribus
534 1291 656 1340 solet,
688 1289 922 1328 adscribere.
978 1289 1161 1337 interim,
1200 1289 1234 1325 si
1261 1300 1356 1324 sana
1384 1287 1501 1324 lectio
1532 1294 1606 1335 est,

151 1351 228 1390 hoc
245 1347 392 1402 pascha
410 1350 452 1386 in
471 1361 506 1385 a.
526 1346 566 1384 d.
583 1346 665 1388 624
681 1348 855 1394 incurrit,
885 1345 995 1398 cyclo
1014 1346 1109 1383 solis
1124 1346 1303 1382 Romano
1324 1345 1376 1384 17
1395 1343 1606 1392 bissextili,

150 1410 213 1447 lit.
245 1407 352 1445 dom.
385 1407 439 1455 G,
469 1412 585 1442 term.
614 1402 750 1455 pasch.
777 1403 801 1445 5
830 1401 908 1440 eid.
927 1404 1049 1454 Apr.,
1077 1402 1176 1439 feria
1194 1402 1239 1449 1,
1270 1399 1377 1438 dom.
1395 1398 1531 1452 pasch.
1554 1403 1608 1441 17

149 1464 236 1503 kal.
262 1465 410 1512 Maias,
451 1460 529 1500 hoc
555 1467 614 1498 est
635 1462 732 1512 Apr.
761 1458 828 1501 15.
887 1472 951 1497 ex
968 1457 1157 1496 methodo
1183 1470 1277 1496 vero
1303 1458 1471 1494 Maximi
1495 1457 1606 1509 cyclo

153 1523 248 1560 solis
278 1524 343 1563 12.
401 1523 675 1557 concurrentes
696 1520 723 1558 7
752 1529 844 1554 cum
869 1516 1041 1567 regulari
1061 1518 1088 1558 9
1105 1518 1227 1566 Apr.,
1255 1512 1334 1552 hoc
1353 1521 1413 1552 est
1431 1516 1479 1561 2,
1510 1512 1608 1550 dant

152 1579 295 1616 feriam
310 1580 337 1618 2
355 1578 396 1613 in
416 1576 599 1626 termino.
630 1586 723 1625 ergo
747 1573 796 1614 15
817 1574 913 1624 Apr.
934 1570 1096 1624 pascha.
1125 1584 1265 1610 verum
1278 1571 1426 1608 falsum
1443 1571 1606 1607 omnino

153 1633 377 1673 chronicon
396 1630 498 1668 illud
516 1643 602 1667 esse
621 1644 673 1667 ex
698 1643 743 1667 eo
762 1628 1005 1666 validissime
1028 1628 1236 1678 probatur,
1267 1626 1375 1678 quod
1401 1627 1607 1664 Heraclius

153 1705 190 1728 a.
209 1689 368 1740 imperii
389 1685 441 1727 14
462 1686 577 1736 Cpoli
595 1698 680 1722 esse
701 1697 781 1721 non
801 1685 951 1735 potuit:
980 1681 1059 1729 hoc
1087 1684 1196 1719 enim
1219 1695 1322 1719 anno
1350 1695 1441 1718 cum
1462 1684 1505 1718 in
1532 1683 1608 1719 Al-

151 1748 271 1785 bania
289 1744 464 1782 hiemem
482 1740 723 1779 traduxisset
735 1769 745 1788 ,
776 1746 981 1790 appetente
997 1752 1105 1784 vere,
1134 1739 1249 1775 motis
1268 1751 1313 1774 ex
1330 1737 1518 1775 Albania
1536 1752 1608 1775 ea-

152 1804 262 1848 stris,
292 1807 336 1838 ut
364 1801 418 1837 ait
445 1797 736 1848 Theophanes,
768 1798 810 1832 111
830 1794 1036 1833 Persidem
1056 1796 1208 1846 erupit,
1237 1801 1398 1846 totoque
1421 1793 1608 1845 deinceps

151 1872 254 1898 011110
276 1870 366 1895 011111
387 1853 569 1893 Chosrois
591 1853 756 1891 ducibus
776 1853 980 1904 pugnavit.

262 1917 320 1952 Ne
354 1912 500 1951 diutius
530 1909 727 1957 differam,
758 1910 811 1946 ita
845 1921 1003 1960 prorsus
1033 1908 1242 1955 existimo,
1274 1903 1422 1958 pascha
1441 1904 1543 1943 illud
1563 1909 1606 1944 in

152 1970 347 2011 Chronico
378 1974 729 2007 commemoratum
756 1966 996 2003 celebratum
1015 1965 1062 2002 ab
1084 1964 1266 2001 Heraclio
1287 1975 1372 2001 esse
1392 1975 1428 2000 a.
1449 1964 1607 2014 imperii

155 2032 205 2070 13
239 2026 326 2065 Ind.
362 2027 436 2074 11,
479 2023 624 2062 Christi
654 2023 749 2065 623.
809 2035 886 2074 quo
916 2034 1020 2059 anno
1052 2021 1162 2073 cyclo
1193 2020 1286 2058 solis
1314 2020 1520 2071 Cpolitano
1542 2023 1605 2069 11,

150 2086 270 2123 lunae
294 2086 342 2124 16
362 2083 553 2120 terminus
568 2078 706 2133 pasch.
723 2080 777 2121 21
797 2080 942 2116 Martii.
979 2084 1254 2117 concurrentes
1273 2077 1299 2119 5
1318 2089 1409 2114 cum
1426 2081 1607 2128 προσθε-

149 2146 237 2189 ταῖς
256 2139 283 2181 4
307 2138 401 2177 dant
420 2139 564 2176 feriam
581 2140 607 2178 2
633 2138 675 2173 in
695 2137 879 2174 termino.
936 2134 1028 2173 ideo
1059 2134 1192 2171 Martii
1222 2135 1275 2174 27
1307 2131 1505 2170 dominica
1531 2146 1606 2184 pa-

150 2197 310 2236 schalis.
367 2195 475 2233 idem
504 2195 687 2232 convenit
715 2191 821 2244 apud
847 2194 1012 2230 Latinos
1031 2191 1141 2243 cyclo
1158 2191 1252 2228 solis
1276 2192 1325 2230 16
1345 2190 1404 2226 lit.
1428 2188 1534 2226 dom.
1557 2192 1605 2227 B.

151 2261 269 2306 atque
307 2251 384 2289 hoc
418 2250 579 2303 quidem
612 2263 735 2297 anno,
773 2256 930 2286 auctore
961 2246 1230 2299 Theophane,
1270 2247 1497 2294 Heraclius,
1537 2248 1608 2298 qui

151 2323 255 2348 anno
291 2309 492 2359 superiore
533 2307 688 2358 Cpolim
726 2305 932 2343 hiemandi
971 2317 1089 2343 causa
1120 2317 1172 2341 ex
1201 2304 1391 2340 Armenia
1422 2301 1607 2352 redierat,

150 2367 284 2405 Martii
314 2364 388 2414 15,
418 2363 505 2402 Iud.
527 2365 586 2404 ’11
621 2369 754 2400 contra
781 2361 982 2401 Chosroen
1010 2373 1189 2414 egressus
1212 2365 1285 2398 est.
1343 2358 1450 2411 quod
1473 2366 1607 2398 autem

151 2425 206 2464 25
233 2423 365 2460 Martii
394 2421 594 2473 profectus
621 2421 660 2455 in
690 2417 882 2456 Chronico
910 2420 1077 2470 legitur,
1107 2417 1223 2454 facile
1249 2428 1340 2453 cum
1357 2414 1606 2468 Theophane

151 2480 353 2518 conciliari
384 2484 526 2530 potest.
585 2474 683 2527 quid
711 2477 744 2512 si
773 2477 879 2512 enim
898 2489 970 2526 pro
993 2473 1038 2516 ιε’
1058 2475 1215 2526 scripsit
1233 2470 1502 2523 Theophanes
1522 2470 1606 2514 κε’.)

153 2535 251 2588 quid
270 2537 359 2572 siin
378 2537 518 2572 itinere
543 2533 826 2584 aliquantisper
848 2538 1023 2570 moratus
1049 2530 1137 2570 est?
1168 2537 1234 2567 aut
1262 2528 1493 2567 Nicomedia
1518 2531 1606 2581 ipso

153 2592 218 2630 die
240 2592 548 2628 annuntiationis
566 2589 764 2641 profectus
783 2589 899 2625 tertio
918 2587 1012 2626 inde
1034 2588 1097 2626 die
1115 2585 1263 2638 pascha
1280 2586 1505 2624 celebravit.

263 2649 468 2685 Postremo
497 2660 550 2684 ex
580 2645 644 2683 his
673 2644 856 2682 omnibus
886 2652 1049 2696 apparet
1077 2646 1248 2695 primam
1270 2643 1444 2680 Heraclii
1465 2643 1602 2693 profe-

154 2706 324 2743 ctionem
340 2706 382 2741 in
403 2705 602 2741 Orientem
622 2700 809 2740 accidisse
828 2714 864 2739 a.
883 2703 926 2739 0.
946 2703 1050 2750 622,
1080 2700 1251 2737 Heraclii
1269 2700 1342 2748 13,
1372 2699 1514 2737 Indict.
1535 2702 1600 2740 10.

262 2774 303 2811 Ρ.
327 2762 376 2800 17
397 2773 435 2797 v.
459 2761 524 2800 19.
582 2755 741 2811 ’ἐπάρας
769 2755 836 2798 aaa}
861 2760 934 2798 τοῦ
950 2754 1171 2807 Εὖξείνου]
1201 2754 1520 2808 prochronismus
1542 2762 1601 2792 est

152 2830 190 2854 a.
221 2818 304 2855 fere
332 2817 466 2854 trium.
516 2827 626 2868 *quae
651 2817 757 2856 0111111
775 2822 993 2868 sequuntur
1011 2827 1091 2853 non
1112 2826 1215 2854 anno
1234 2814 1305 2852 illo
1329 2825 1406 2866 quo
1425 2814 1599 2863 primum
