1838 3210
539 163 872 209 DESCRIPTIO
905 164 949 210 S.
981 163 1230 211 SOPHIAE.
1543 162 1611 211 69

159 281 199 314 et
220 274 263 314 in
287 273 437 314 Balneo
457 275 635 314 Etrusci=

374 331 460 369 oola
480 333 577 369 nitet
582 332 715 383 flavia
734 331 967 370 Nomadum
988 332 1119 370 decisa
1140 331 1310 370 metallis

367 401 569 439 purpura.
1334 403 1336 405 ·

156 456 330 482 marmor
345 443 453 481 istud
470 444 712 496 Aegyptium
729 443 960 497 Romanum
975 450 1117 481 vocant
1134 444 1340 495 scriptores
1358 442 1486 481 eiusce
1505 442 1607 491 aevi,

156 507 202 538 ut
233 513 286 537 ex
316 499 492 539 cedreno
512 503 555 538 in
576 501 832 538 Constantino
852 501 913 547 M,
944 506 983 536 et
1005 498 1380 552 Porphyrogenneta
1399 501 1443 537 in
1460 500 1609 537 Basilio

155 569 198 593 n.
221 554 274 597 55
286 586 295 604 ‚
326 563 364 593 et
384 557 634 609 scriptoribus
654 556 703 594 de
720 557 869 607 templo
889 556 932 594 S.
949 554 1121 607 Sophiae
1142 558 1275 594 statim
1290 557 1403 594 initio
1422 557 1608 606 colligere

157 619 229 650 est.
250 622 257 627 ⁴
287 612 512 664 Phrygiam
539 614 667 651 colore
695 615 942 663 variegatum
962 625 1007 649 ac
1026 625 1184 650 roseum
1203 613 1293 650 albo
1313 613 1491 649 caeruleo
1515 625 1610 663 per-

157 671 331 707 mixtum
350 671 523 707 referens
542 677 719 707 recenset
738 676 840 720 part.
862 669 890 709 2
913 682 951 707 v.
974 668 1070 710 205.
1128 668 1177 706 de
1205 681 1281 721 quo
1309 667 1420 706 idem
1443 669 1608 717 Statius,

156 731 202 763 ut
224 733 263 764 et
284 726 334 764 de
354 726 523 777 Libyco,
553 728 595 763 in
616 722 855 777 Epithalam.
913 725 1062 763 Stellae
1082 731 1121 763 et
1139 726 1413 765 Violantillae:

373 782 440 819 hie
453 781 608 832 Libyas
623 782 902 833 Phrygiusque
918 780 1028 818 silex.

158 844 198 876 et
218 839 261 876 iu
282 838 433 876 Balneo
453 839 630 875 Etrusci:

428 893 515 931 sola
533 907 630 931 cavo
649 892 854 944 Phrygiae
870 903 994 943 quam
1020 890 1203 942 Synados
1222 898 1336 929 antro

373 951 456 1001 ipse
476 951 699 987 cruentavit
716 949 886 986 maculis
905 947 1126 986 lucentibus
1144 947 1271 985 Attis.

155 1005 404 1044 Laconicum
426 1007 581 1054 virens,
610 1019 648 1044 v.
670 1006 766 1046 211.
815 1007 926 1044 cuius
958 1005 1078 1043 etiam
1112 1005 1294 1042 meminit
1318 1001 1534 1054 Procopius
1560 1000 1611 1039 de

156 1060 290 1101 Aedis.
310 1063 335 1102 1
369 1066 438 1112 10,
471 1070 509 1101 et
527 1061 637 1100 idem
656 1062 829 1099 Statius:

430 1118 497 1156 hic
519 1119 622 1157 dura
639 1119 852 1156 Laconum

372 1188 472 1212 saxa
494 1177 637 1213 virent.

163 1229 345 1276 Cariam,
374 1232 546 1284 obliquis
579 1244 633 1269 ex
662 1231 880 1282 sanguineo
910 1227 1081 1280 alboque
1109 1223 1233 1265 livido
1252 1224 1447 1263 semitulis
1468 1222 1612 1261 distin-

157 1291 284 1334 ctum,
315 1299 354 1325 v·-
372 1289 469 1328 213.
525 1288 722 1339 Lydium,
750 1287 895 1325 virenti
919 1283 1150 1336 pallidoque
1181 1282 1311 1320 colore
1337 1282 1612 1328 commixtum,
1635 1279 1665 1315 P
1687 1279 1754 1317 531

155 1355 196 1380 V·
212 1342 309 1382 215.
366 1344 698 1381 Proeconnesium
713 1357 752 1381 v.
769 1341 872 1390 2473
904 1342 1015 1379 cuius
1039 1342 1160 1377 etiam
1179 1339 1362 1376 meminit
1378 1338 1616 1388 Anonymus

157 1398 231 1435 sub
263 1398 396 1436 finem.
455 1399 672 1451 Libycum,
701 1399 872 1436 caerulei
896 1397 1017 1435 simul
1039 1403 1079 1433 et
1110 1396 1237 1432 crocei
1260 1394 1422 1442 coloris,
1453 1406 1493 1430 v.
1515 1394 1615 1434 217.

166 1453 358 1492 Celticum
375 1456 556 1506 nigrum,
587 1454 894 1493 candidis-venis
912 1453 1217 1499 interstinctum,
1245 1463 1284 1488 v.
1302 1452 1400 1491 220.
1456 1449 1615 1499 Bospo-
1672 1496 1676 1501 .

157 1512 287 1547 ric-um
314 1511 472 1560 album,
501 1513 545 1548 in
565 1513 756 1548 extremis
775 1512 854 1547 oris
870 1510 1071 1559 nigricans
1085 1536 1096 1555 ‚
1124 1520 1164 1545 v.
1181 1505 1279 1547 249.
1347 1505 1620 1543 Thessalicum.

155 1573 258 1618 part.
273 1567 297 1606 1
319 1580 357 1604 v.
368 1567 464 1616 255,
491 1574 592 1618 part.
604 1569 632 1607 2
651 1568 795 1613 ν.229,
807 1566 903 1607 251.
960 1563 1217 1608 Molos-sium,
1233 1567 1334 1613 part.
1347 1563 1375 1601 2
1392 1574 1431 1599 v.
1444 1562 1526 1603 132
1542 1568 1617 1599 etc.

158 1636 212 1660 ex
238 1629 296 1660 tot
319 1624 440 1674 igitur
463 1625 670 1661 marmoris
691 1621 898 1674 speciebus
919 1626 1078 1658 exstant
1092 1618 1292 1666 infinitae,
1321 1630 1422 1669 quae
1442 1615 1617 1668 Sophia-

156 1691 253 1716 nam
272 1679 412 1717 aedem
430 1679 660 1717 suffulciunt
681 1686 720 1716 et
744 1677 957 1725 adornant,
988 1677 1217 1722 columnae,
1254 1686 1354 1726 quas
1373 1675 1476 1711 inter
1497 1686 1617 1724 prae-

157 1736 298 1774 sertim
322 1735 652 1774 commendantur
680 1748 704 1772 a
733 1733 986 1785 scriptoribus
1011 1739 1098 1770 octo
1121 1729 1422 1783 porphyreticae
1444 1743 1515 1767 seu
1533 1731 1618 1767 Ae-

159 1793 343 1843 gyptiae,
372 1793 479 1842 paris
500 1791 723 1829 altitudinis
742 1797 780 1827 et
796 1790 927 1837 molis,
959 1801 1058 1840 quas
1079 1800 1102 1824 a
1118 1788 1286 1824 muliere
1304 1785 1438 1834 vidua,
1467 1787 1618 1823 Marcia

157 1848 343 1896 nomine,
389 1849 516 1885 Roma
557 1847 828 1893 transmissas,
876 1851 915 1881 et
943 1857 966 1881 a
994 1844 1099 1882 Solis
1132 1841 1297 1879 delubro
1324 1842 1372 1879 ab
1399 1842 1617 1879 Aureliano

159 1905 258 1942 olim
292 1910 495 1942 exstructo
524 1904 760 1951 abstractas,
790 1908 926 1938 auctor
950 1906 1009 1938 est
1035 1897 1142 1950 apud
1162 1897 1360 1936 Codinum
1381 1896 1618 1935 Plutarchus

157 1961 368 1998 Iustiniani
395 1960 755 2011 protosecretarius.
811 1956 886 1995 has
916 1955 968 1994 ad
994 1962 1180 2008 quattuor
1205 1953 1395 2002 conchas,
1425 1955 1528 1990 intra
1543 1954 1618 1990 be-

158 2018 276 2054 matis
299 2017 516 2065 cancellos,
545 2023 648 2054 stare
666 2027 737 2053 suo
757 2015 848 2051 loco
865 2011 1134 2050 ostendemus.
1192 2017 1279 2049 octo
1302 2017 1503 2061 praeterea
1521 2022 1618 2060 pra-

159 2074 237 2111 sini
266 2086 337 2110 seu
363 2072 500 2110 viridis
528 2073 669 2110 coloris
685 2100 695 2120 ‚
733 2068 951 2122 stupendae
978 2070 1126 2120 pariter
1147 2065 1434 2118 magnitudinis
1457 2078 1503 2103 ac
1527 2067 1618 2103 exi-

158 2131 232 2166 mii
260 2128 432 2177 decoris,
462 2127 622 2181 Epheso
643 2142 666 2166 a
682 2127 939 2165 Constantino
963 2131 1143 2177 praetore
1164 2125 1438 2171 transmissas,
1468 2129 1618 2160 ceteras

157 2187 304 2237 partim
343 2186 485 2236 Cyzico
520 2187 665 2237 partim
700 2182 861 2222 Troade
889 2182 956 2220 vel
984 2194 1037 2219 ex
1063 2179 1303 2232 Cycladibus
1341 2185 1459 2230 atque
1496 2180 1617 2216 etiam

160 2240 328 2280 Athenis
349 2240 530 2279 advectas
548 2242 668 2279 refert
687 2239 802 2277 idem·
816 2237 1004 2277 eodinus.
1058 2234 1268 2275 Theuetus
1284 2236 1487 2286 Cosmogr.
1507 2236 1559 2276 19
1589 2236 1614 2275 1

161 2297 211 2335 de
242 2299 438 2336 columnis
466 2299 607 2349 templi
630 2292 845 2348 Sophiani:
885 2296 946 2332 Le
975 2293 1127 2333 dedans
1151 2301 1210 2330 est
1234 2292 1352 2337 beau,
1382 2298 1419 2328 et
1448 2291 1508 2342 s'y
1533 2293 1617 2328 νοίι

158 2355 296 2406 grand
312 2353 472 2391 nombre
497 2354 545 2392 de
564 2354 745 2392 eolonnes
763 2359 800 2389 et
809 2352 951 2403 piliers
969 2351 1086 2403 longa
1111 2357 1148 2387 et
1163 2349 1342 2400 massffls,
1370 2355 1408 2385 et
1424 2348 1472 2386 de
1482 2348 1617 2398 pierre

161 2411 211 2448 de
238 2410 413 2457 marbre‚
440 2412 548 2461 iaspe
576 2418 614 2447 et
638 2409 853 2460 porphyre,
870 2409 962 2459 sort
991 2406 1080 2445 bien
1111 2405 1290 2457 diaprez,
1319 2411 1357 2441 et
1374 2417 1463 2456 cecy
1483 2411 1541 2441 est
1558 2417 1617 2440 au.

162 2467 261 2519 long
276 2468 332 2505 du
346 2467 506 2513 choeur,
534 2469 607 2519 qui
625 2479 760 2504 encore
775 2473 833 2503 est
850 2464 1004 2502 debant.
1058 2463 1140 2501 Sur
1160 2463 1318 2500 chacun
1334 2460 1383 2498 de
1398 2475 1460 2499 ces·
1473 2459 1615 2511 piliers

164 2537 216 2560 on
243 2525 326 2562 voit
351 2538 427 2562 une
448 2525 580 2574 pierre
607 2523 722 2574 large
745 2529 783 2559 et
802 2520 961 2573 grande
977 2520 1025 2558 de
1044 2518 1200 2558 marbre
1219 2519 1307 2570 gri-s·
1324 2531 1446 2569 rouge
1462 2530 1514 2554 ou
1532 2529 1614 2554 ser·-

159 2581 313 2630 pentin.
380 2580 532 2631 Quand
553 2579 582 2618 ὰ
610 2580 773 2630 l'estage
795 2578 886 2616 d’en
909 2577 1027 2624 haut,
1056 2576 1112 2614 les
1131 2575 1312 2613 colonnes
1323 2588 1355 2625 y
1376 2581 1465 2611 sont
1486 2574 1616 2611 moin-

165 2635 255 2673 dres
272 2649 320 2673 en
333 2638 580 2688 proportion‚
605 2638 708 2674 mais
724 2635 823 2686 plus
842 2634 1055 2671 rickement
1070 2631 1255 2685 estoffles.
1314 2632 1432 2668 Dom.
1465 2627 1514 2666 de
1539 2629 1616 2666 Sa-

165 2693 336 2742 ligniaco
365 2694 408 2730 in
432 2695 568 2731 Itiner.
597 2693 690 2731 Eue
715 2698 772 2729 est
798 2692 912 2729 ornee
938 2690 987 2728 de
1006 2690 1211 2742 plusieurs
1235 2687 1376 2726 hames
1401 2693 1442 2724 et
1461 2696 1618 2736 grosse-e

166 2748 350 2785 colonnes
371 2747 460 2786 bien
478 2763 605 2796 rares,
634 2749 790 2795 scavoir
804 2747 893 2786 huit
911 2747 959 2785 de
971 2745 1189 2798 potphyre,
1216 2745 1314 2782 seize
1334 2743 1383 2781 de
1402 2740 1618 2791 serpentin.

167 2811 204 2842 et
234 2811 374 2857 quatre
405 2804 454 2843 de
483 2805 639 2843 marbre
668 2804 809 2843 blanc.-
854 2811 893 2842 et
912 2817 995 2855 par
1017 2803 1172 2849 deseras,
1200 2800 1320 2839 d’une
1347 2798 1446 2836 bella
1468 2795 1620 2848 galerie
