1890 3224
254 205 320 236 xu
870 191 1100 245 QUERCII
1149 186 1152 188 Δ

256 310 386 342 terum
414 301 492 342 hoc
521 301 767 355 poemation‚
799 301 849 340 de
878 315 958 356 quo
984 303 1100 355 plura
1130 303 1227 341 alibi
1257 296 1362 342 dicta
1390 311 1482 344 sunt
1496 335 1507 355 ‚
1538 306 1717 346 omnium

232 376 243 393 ‘
259 374 538 426 opusculorum
555 369 714 409 Pisidae
731 371 906 422 primum
925 377 985 408 est
997 400 1007 420 ,
1049 384 1095 408 ac
1116 369 1284 423 proinde
1304 372 1434 422 prima
1455 374 1498 410 in
1517 372 1612 411 sede
1632 367 1716 412 col-

256 439 472 478 locandum
488 439 579 476 fuit.
638 451 739 491 quae
759 445 978 491 sequuntur
998 438 1104 475 enim
1131 441 1330 491 pertinent
1361 438 1413 476 ad
1437 452 1483 476 ea
1508 453 1610 493 quae
1629 447 1716 479 acta

257 514 461 559 suutvpost
487 518 636 543 annum
664 509 718 548 12
744 507 904 557 imperii
931 504 1112 543 eiusdem
1131 507 1328 556 Heraclii,
1359 505 1505 545 Christi
1526 511 1632 559 6223
1672 510 1715 546 in
1773 516 1783 524 ’

257 587 378 626 quem
394 570 534 611 incidit
552 581 770 611 memorata
784 575 942 611 Persica
961 572 1164 625 expeditio
1186 576 1328 626 prima.
1704 604 1708 607 -

367 644 409 682 2.
468 641 545 690 Εἷς
579 639 653 694 τήν
685 639 905 696 γενομένην
935 640 1085 692 ἔφοδον
1114 644 1196 682 τῶν
1223 638 1441 696 βαρβάρων
1466 642 1535 684 καὶ
1558 644 1616 692 εἷς
1639 642 1716 697 τήν

258 704 394 749 αὐτῶν
414 704 623 761 οἷστοχίαν,
653 706 746 760 ἤτοι
768 707 927 757 {nasong-
947 711 1022 751 τοῦ
1043 708 1260 763 γενομένου
1284 709 1459 763 πολέμου
1486 711 1544 760 εἰς
1566 709 1612 753 τό
1636 715 1718 752 τεῖ-

256 791 327 829 χος
345 778 416 828 τῆς
440 773 901 824 Κωνσταντινουπὸλεως
927 774 1071 828 μεταξύ
1098 774 1289 832 ’Λβοὶρων
1318 777 1388 819 καὶ
1418 781 1498 819 τῶν
1527 781 1716 819 πολιτῶν.

256 843 305 880 de
326 844 546 881 incursione
550 844 674 895 sacta
691 857 718 880 a
739 842 919 881 barbari-5
938 857 989 881 ac
1005 843 1054 881 cle
1060 843 1263 894 frustrato
1281 859 1414 883 eoram
1432 847 1613 893 consilio,
1635 848 1718 885 sive

257 912 441 962 expositio
464 910 560 947 belli
577 911 685 963 quod
699 917 857 962 gestam
876 918 933 948 est
953 911 1013 949 ad
1025 913 1180 950 moenia
1204 913 1365 963 Cpoleos
1383 915 1484 950 inter
1497 913 1657 951 Abares
1681 920 1719 950 et

256 981 373 1017 cives.
433 978 552 1017 huius
571 981 765 1031 poematis
779 1008 789 1028 ,
820 978 930 1032 quod
949 985 1100 1017 constat
1117 978 1194 1021 541
1217 982 1395 1029 senariis,
1425 982 1581 1018 nullam
1598 995 1715 1019 men-
1761 1005 1764 1007 >

253 1048 406 1085 tionem
431 1047 598 1098 ingessit
616 1047 809 1095 Allatius3
851 1045 959 1099 quod
985 1047 1103 1098 plane
1130 1047 1335 1085 confirmat
1360 1046 1538 1086 codicem
1556 1049 1715 1086 Vatica-

254 1128 354 1152 num
366 1145 377 1164 ‚
410 1128 463 1152 ex
483 1127 562 1167 quo
582 1113 862 1166 depromptum
880 1121 959 1163 est,
1002 1127 1094 1151 eum
1117 1128 1197 1154 non
1216 1115 1378 1154 vidisse.
1437 1115 1486 1153 de
1504 1116 1715 1164 Abaribus,

255 1184 327 1235 qui
358 1196 450 1220 cum
478 1183 566 1220 aliis
588 1183 681 1220 feris
702 1183 884 1233 gentibus
902 1184 1174 1220 Romanorum
1194 1182 1386 1222 ditionem
1402 1181 1590 1221 invadere
1610 1195 1656 1220 ac
1673 1184 1715 1220 vi

256 1257 297 1287 et
321 1251 425 1288 ferro
455 1257 608 1288 vastare
636 1251 781 1287 iterum
811 1252 1035 1302 iterumque
1063 1251 1193 1288 moliti
1226 1242 1340 1300 sunt,
1382 1251 1561 1303 pluribus
1593 1257 1715 1302 agunt

256 1319 466 1369 scriptores
482 1318 707 1369 Byzantini.
765 1330 839 1355 nos
862 1318 906 1354 in
923 1318 1076 1355 monito
1107 1324 1145 1355 et
1170 1320 1275 1357 notis
1301 1317 1353 1355 ad
1374 1317 1453 1356 hoc
1473 1320 1714 1369 poemation,

255 1391 449 1437 quantum
486 1386 581 1423 satis
614 1392 695 1435 est,
747 1384 938 1423 diximus.
997 1385 1203 1423 Heraclius
1234 1385 1408 1423 secundo
1442 1386 1549 1424 bello
1581 1393 1716 1424 contra

253 1451 474 1490 chosroam
494 1460 675 1505 suscepto
706 1452 806 1491 adeo
831 1453 1033 1504 praeclare
1051 1466 1138 1490 rem
1154 1455 1288 1491 statim
1307 1461 1505 1504 gesserat,
1544 1461 1588 1492 ut
1610 1467 1714 1492 anno

251 1527 429 1558 vertente
447 1522 530 1561 626
546 1520 629 1556 fere
650 1521 694 1556 in
716 1519 1033 1571 desperationem
1050 1527 1159 1558 actus
1179 1519 1382 1559 Chosroes'
1394 1522 1577 1568 advenis,
1595 1529 1640 1560 ut
1660 1523 1715 1559 ait

251 1586 522 1639 Theophanes
540 1600 585 1636 p.
609 1588 706 1634 263,
737 1586 890 1624 civibus
914 1594 950 1623 et
961 1587 1158 1638 famulis,
1179 1602 1225 1625 ex
1242 1589 1352 1625 'omni
1367 1590 1557 1626 nimirum
1572 1603 1715 1641 genere

249 1656 346 1692 viris
375 1654 559 1700 adlectis,
588 1655 730 1691 ultima
760 1655 935 1705 experiri
967 1653 1197 1693 decreverit.
1261 1655 1483 1694 Sarbarzcm
1506 1670 1596 1694 vero
1623 1671 1715 1694 cum

224 1708 230 1711 =
248 1722 400 1774 reliquo
424 1723 592 1759 exercita
620 1722 762 1772 Cpolin
784 1735 920 1759 versus
938 1723 1063 1767 misit,
1093 1730 1138 1758 nt
1155 1724 1265 1760 initis
1275 1725 1412 1773 pactis
1433 1738 1524 1762 cum
1544 1725 1714 1763 Hunni&

249 1789 429 1841 (Abares
450 1803 513 1827 eos
532 1793 695 1840 vocant)
714 1788 943 1835 Abaribus,
968 1789 1144 1835 Sclavis,
1173 1797 1212 1827 et
1230 1791 1468 1842 Gepidibm,
1488 1806 1571 1830 una
1592 1793 1716 1830 simul

249 1871 384 1895 omnes
403 1856 541 1894 urbem
560 1858 811 1908 impressione
829 1856 954 1908 facta
973 1856 1237 1894 adorirentur.
1299 1857 1371 1896 sed
1397 1866 1440 1897 ut
1464 1861 1508 1896 in
1534 1860 1712 1910 Perside,

250 1928 308 1964 sic
328 1928 449 1964 etiam
463 1924 516 1963 ad
535 1923 829 1963 Chalcedonem
845 1926 1056 1962 Persarum
1073 1938 1163 1976 spes
1187 1925 1452 1975 conciderunt,
1482 1928 1713 1980 Abaresque

251 2007 392 2032 eorum
414 1992 631 2040 foederati,
662 1990 728 2029 dei
744 2005 790 2029 ac
808 1993 973 2043 virginis
991 1992 1176 2045 deiparae
1198 2007 1287 2045 ope,
1316 1994 1396 2031 fusi
1419 2007 1464 2031 ac
1481 1996 1584 2032 caesi
1604 2002 1710 2033 sunt.

251 2063 442 2099 nimirum
463 2058 599 2098 Pisida
617 2058 758 2097 urbem
779 2073 802 2096 a
817 2061 1075 2098 barbarorum
1094 2060 1248 2100 insidiis
1267 2075 1348 2099 non
1374 2069 1531 2099 tantum
1560 2069 1641 2100 arte
1671 2069 1711 2101 et

255 2130 375 2166 armis
401 2135 595 2180 quantum
618 2127 809 2164 miraculo
835 2134 1031 2165 servatam
1045 2128 1168 2165 fuisse
1193 2127 1408 2166 contendit.
1464 2128 1584 2168 huius
1603 2132 1711 2169 enim

254 2197 352 2233 belli
382 2202 518 2233 contra
537 2194 688 2231 Abares
716 2195 938 2246 principem
968 2194 1112 2232 ducem
1135 2197 1271 2233 statuit
1294 2197 1418 2235 fuisse
1446 2198 1644 2248 virginem
1665 2211 1710 2236 ac

254 2261 400 2300 deinde
425 2262 610 2312 Sergium
633 2260 918 2312 patriarcham,
959 2263 1029 2314 qui
1051 2263 1215 2313 virginis
1239 2263 1427 2302 mandata
1447 2266 1491 2302 in
1509 2278 1647 2316 preces
1670 2272 1710 2303 et

253 2331 437 2368 lacrimas
465 2328 612 2366 effusus
639 2329 840 2379 exciperet
863 2335 981 2382 atque
1009 2337 1305 2382 exsequeretur.
1362 2338 1573 2383 propterea
1600 2333 1708 2370 enim

252 2399 309 2436 sic
329 2396 556 2449 adloquitur
580 2408 619 2433 v.
642 2393 746 2436 234:
786 2392 936 2448 ταύτην
962 2399 1282 2446 συνασπίζουσαν
1303 2399 1345 2448 ἐξ
1369 2399 1491 2447 ἔθους
1510 2398 1610 2452 ἔχων
1633 2395 1709 2440 οἶν-

248 2461 520 2519 τεστρατήγεις
548 2461 589 2512 ἐξ
612 2458 738 2503 α’ὗλου
758 2464 925 2514 καρδίας
941 2468 1024 2512 τοῖς
1039 2460 1278 2518 α’ντιτέχνοις
1293 2470 1374 2507 τῶν
1391 2463 1561 2520 ἆγῶνων
1583 2463 1708 2521 ὁργά-

248 2548 347 2581 νοις.
403 2528 520 2580 τόξον
542 2528 616 2584 γοῖρ
638 2527 736 2582 εἶχες
755 2533 828 2571 τοῦ
854 2534 959 2572 θεοῦ
977 2529 1052 2584 τήν
1072 2532 1234 2583 ἐλπίδα,
1276 2530 1457 2586 πύργους
1486 2533 1530 2574 δὲ
1557 2535 1706 2584 πίστιν,

246 2600 315 2642 καὶ
336 2599 429 2652 βέλη
452 2596 501 2638 τοὶ
526 2595 693 2651 δάκρυα.
750 2597 823 2635 sed
843 2598 951 2651 quod
969 2613 1109 2637 verum
1134 2607 1214 2650 est,
1244 2603 1384 2639 acriter
1403 2609 1626 2653 pugnatum
1646 2610 1706 2640 est

246 2675 351 2705 terra
371 2673 411 2704 et
427 2666 548 2714 mari,
578 2672 622 2703 ut
644 2678 697 2702 ex
713 2664 906 2703 Chronico
926 2665 1111 2705 Paschali
1126 2682 1175 2718 p.
1199 2670 1276 2709 391
1310 2675 1349 2706 et
1368 2681 1481 2721 seqq.
1511 2671 1704 2721 intelligi-

247 2742 327 2773 tur.
383 2733 566 2787 quamvis
594 2740 727 2770 autem
753 2734 858 2770 cives
878 2733 1074 2785 Cpolitani
1100 2741 1258 2772 strenue
1285 2749 1328 2778 se
1355 2737 1548 2787 gesserint
1565 2738 1609 2774 iu
1628 2735 1704 2774 hoc

251 2801 371 2850 bello,
401 2807 441 2838 et
458 2801 663 2839 Heraclius
682 2802 725 2839 in
742 2800 904 2840 Perside
927 2801 1109 2840 detentus
1130 2802 1179 2840 de
1200 2803 1326 2841 salute
1347 2803 1456 2842 urbis
1475 2802 1593 2841 valde
1614 2804 1704 2841 fue-
