1890 3224
277 205 371 253 116
632 203 909 259 QUERCIUS
941 202 1000 248 IN
1035 202 1433 250 EXPEDITIONIS

388 317 481 357 173.
538 312 646 352 idem
675 313 771 351 ibid.
814 312 885 355 καὶ
923 315 1058 354 πᾶσαν
1089 309 1267 369 ἐκριβως
1293 311 1370 367 τήν
1397 317 1478 356 τῶν
1505 311 1719 370 βαρβαρων

274 372 425 421 ἐξεῖπεν
444 367 643 423 ατολμίαν.

390 429 483 468 180.
541 428 591 464 cf.
610 424 819 478 Euripides
847 427 890 463 111
910 427 1062 464 Helena
1086 440 1126 463 ν.
1151 426 1247 468 520.
1303 427 1458 465 Curtius
1477 427 1503 469 5
1522 426 1571 468 5:
1601 429 1720 479 igna—

275 486 383 523 viam
403 484 609 521 necessitas
626 485 753 529 acuit,
782 490 819 519 et
837 496 952 534 saepe
968 483 1182 534 desperatio
1202 483 1288 534 spei
1302 497 1424 521 causa
1442 490 1510 520 est.

390 538 483 581 184.
542 539 810 591 Theophanes
833 539 930 577 ibid.
968 555 988 580 ο
1011 537 1054 580 δὲ
1071 536 1239 607 σοβαρὸς
1258 539 1395 607 μηκέτι
1413 537 1630 593 ὑποφέρων
1642 555 1721 592 την

276 597 319 638 ἐν
338 611 393 636 τω
411 593 496 649 ὄρει
520 592 740 665 διατριβήν,
770 592 1008 650 η’ναγκασθη
1026 593 1126 650 πρός
1144 592 1351 648 πόλεμον’
1332 599 1513 649 ορμῆσαι.

392 654 486 694 198.
545 649 622 694 οὐκ
645 649 943 705 ἄνευτρέπιστος
962 665 1014 690 ex
1032 668 1077 701 α,
1106 665 1205 705 quae
1226 652 1409 704 privandi
1424 654 1507 691 vim
1526 650 1659 701 habet,
1686 659 1725 690 et

278 705 502 775 ευτρειτίζω.
539 708 809 762 Theophanes
824 710 921 747 ibid.
944 711 1001 748 sic
1017 708 1178 746 eadem:
1207 708 1228 750 ὁ
1246 707 1290 749 δὲ
1312 707 1496 762 βασιλεῦς
1513 703 1724 777 προῖνούς,

277 765 346 807 καὶ
368 763 560 815 συντάξας
576 782 647 807 τον
670 763 834 818 στρατον
856 765 1006 819 ὁμοίως
1029 766 1084 814 εἰς
1101 769 1207 818 τρεῖς
1228 762 1447 819 φάλαγγας,
1481 765 1537 813 εἰς
1556 780 1631 817 την
1652 780 1724 816 μα-

275 837 351 876 χην
371 820 607 877 προήγαγεν.
646 830 736 860 aute
757 821 856 861 haec
874 824 980 860 enim
997 821 1265 874 Theophanes
1283 824 1402 860 refert
1421 824 1631 860 Persarum
1649 819 1725 858 du·
1784 866 1785 869 Ἰ

278 892 366 916 cem
387 877 545 918 diviso
533 893 577 917 1n
594 880 669 917 tria
687 881 846 946 agmina
864 880 1052 928 exercitu,
1078 878 1258 917 nondum
1272 880 1482 918 manifesto
1496 880 1609 916 terris
1628 878 1724 925 sole,

276 943 459 988 paratum
478 935 529 973 ad
546 949 722 988 pugnam
742 950 794 974 ex
813 938 1026 1007 improviso
1047 937 1289 987 apparuisse.

388 992 485 1035 205.
542 992 652 1030 idem
678 993 774 1030 ibid.
807 996 882 1033 τοῦ
910 991 953 1033 δὲ
979 991 1096 1045 ἡλίου
1127 988 1400 1040 ἀνατείλαντος
1427 989 1496 1031 καὶ
1525 1005 1597 1031 του
1618 989 1728 1056 βασι-

278 1047 376 1095 λέως
392 1046 490 1089 κατοέ
511 1045 706 1097 οἷνατολοὲς
725 1048 982 1116 εὖρεθέντος,
1025 1063 1118 1096 τους
1137 1047 1297 1102 Πέρσας
1317 1044 1512 1096 έσκότιζεν
1534 1063 1561 1099 η
1582 1041 1727 1087 τούτου

279 1100 410 1153 οἷκτίς,
439 1102 488 1145 ὃν
509 1121 563 1151 ως
583 1102 685 1144 θεὸν
705 1118 994 1152 προσεκυνουν.

390 1163 486 1202 206.
543 1157 635 1197 vide
653 1170 771 1208 supra
792 1156 963 1194 Aeroas.
984 1158 1012 1196 2
1032 1154 1130 1197 265.

393 1219 489 1257 210.
545 1212 813 1264 Theophanes
842 1211 939 1249 ibid.
974 1209 995 1252 ὁ
1024 1208 1067 1251 δὲ
1097 1208 1282 1263 βασιλευς
1308 1207 1539 1262 ἐσχημάτισε
1562 1207 1606 1251 τὸ
1632 1207 1732 1251 λαον

280 1272 407 1313 αὐτου
435 1270 492 1319 εἰς
520 1267 657 1323 φυγὴν
681 1268 917 1336 τραπέντας,
939 1266 1024 1321 ικαὶ
1047 1264 1235 1315 λυσάντες
1259 1266 1407 1308 ἐκεῖνοι
1433 1281 1505 1314 τας
1526 1260 1733 1320 φαλαγγας

281 1325 462 1398 ἀκρατῶς
484 1324 644 1367 διώκειν
662 1322 828 1374 τούτους
845 1321 1035 1378 ἐνόμιζον.
1068 1323 1372 1393 ἐπιστραφέντες
1391 1317 1468 1364 οὖν
1486 1323 1527 1363 οἱ
1543 1321 1733 1390 Ῥωμαῖοι

281 1380 468 1436 εὐψύχως
483 1380 650 1431 τούτους
666 1381 921 1437 ἐστρέψαντο,
950 1381 1019 1422 καὶ
1036 1378 1208 1429 πολλους
1225 1376 1395 1430 ἀνεῖλον,
1426 1375 1633 1426 ἐλάσαντες
1655 1394 1733 1418 αυ-

278 1456 374 1488 τους
395 1439 467 1488 ἕως
484 1443 557 1481 τοῦ
575 1437 718 1511 ὅρους,
758 1439 814 1487 εἰς
835 1453 1040 1507 κρυμνους
1057 1433 1204 1486 αὐτούς
1225 1433 1486 1490 ἐμβαλλοντες
1502 1434 1570 1477 καὶ
1585 1431 1734 1485 τόπους

280 1494 523 1551 δυσβατους,
552 1495 621 1536 καὶ
641 1492 794 1543 πάντας
812 1491 959 1542 αὐτούς
978 1493 1235 1547 συνέτριψαν.

392 1556 491 1594 223.
549 1551 676 1590 codex
695 1551 859 1590 exhibet
877 1549 1164 1588 emendationis
1186 1551 1273 1587 loco
1290 1544 1481 1600 κρατιστε.

390 1610 486 1650 226.
545 1609 651 1646 Psal.
674 1610 701 1649 7
733 1609 809 1649 16.
838 1607 1013 1644 incidit·
997 1621 1040 1643 m
1050 1606 1220 1658 foveam
1239 1618 1362 1656 qaam
1371 1604 1490 1655 ficit.

391 1666 489 1705 227.
543 1666 588 1701 in
610 1663 744 1701 codice
763 1665 851 1700 voci
875 1660 993 1709 ὅλους
1012 1663 1318 1729 superinscripta
1339 1667 1398 1697 est
1414 1672 1497 1697 vox
1516 1655 1669 1706 ἄλλους.

391 1721 489 1760 229.
544 1721 644 1757 item
664 1718 730 1760 καὶ
751 1733 899 1765 αυτους
922 1718 965 1755 111
986 1714 1027 1757 κ’
1052 1732 1200 1764 αυτους
1225 1714 1521 1754 immutandum
1543 1727 1628 1752 esse
1645 1727 1736 1752 mo-

281 1785 350 1816 net
373 1787 530 1824 censor‚
570 1782 610 1813 et
629 1774 793 1827 quidem
808 1781 929 1811 recte.
986 1786 1172 1825 egolvero
1193 1786 1265 1824 pro
1289 1772 1376 1824 εἴδη
1402 1769 1619 1823 legendum
1640 1776 1736 1822 puto

284 1832 401 1883 εἶδεν,
429 1840 474 1870 ut
492 1837 568 1870 stet
583 1833 701 1869 metri
718 1843 918 1869 mensura.

397 1891 494 1930 231.
552 1886 601 1925 de
628 1889 712 1927 sole
741 1895 780 1925 et
805 1889 920 1935 luna,
958 1898 1062 1938 aqua
1092 1891 1130 1923 et
1160 1886 1274 1936 igne,
1312 1885 1511 1938 quierant
1528 1886 1740 1921 Persarum

287 1946 357 1995 (135,
378 1945 473 1983 alibi
494 1943 668 1983 diximus
684 1946 812 1996 plura.
869 1941 962 1982 vide
977 1942 1149 1979 Acroas.
1173 1943 1197 1982 1
1221 1944 1289 1984 32.
1347 1938 1740 1978 animadvertendum

287 2011 422 2042 tamen
443 2000 510 2038 hic
530 2008 589 2039 est
608 2003 651 2038 111
668 2015 778 2039 more
797 2001 920 2038 fuisse
938 1998 1045 2050 apud
1063 2001 1224 2047 Persas,
1270 2004 1315 2035 ut
1347 2010 1438 2034 cum
1467 1995 1565 2048 quid
1597 1994 1740 2032 adver-

291 2072 381 2098 sum
398 2059 454 2096 eis
473 2060 667 2107 eveniret,
699 2065 833 2095 contra
849 2069 939 2094 suos
956 2055 1049 2093 deos
1066 2056 1338 2102 irascerentur,
1369 2066 1514 2105 eosque
1535 2058 1743 2090 contume-

291 2117 357 2154 liis
375 2115 607 2167 probrisque
629 2114 841 2162 afficerent,
863 2126 908 2150 ac
925 2119 1117 2164 tanquam
1137 2110 1185 2148 de
1203 2123 1274 2148 sua
1292 2110 1451 2147 fortuna
1467 2122 1610 2161 parum
1629 2108 1741 2145 solli-

292 2173 389 2210 citos
411 2178 734 2223 aspemarentur3
765 2169 808 2207 id
823 2167 930 2222 quod
947 2182 1001 2206 ex
1015 2166 1215 2205 Herodoto
1235 2172 1346 2218 patet
1361 2173 1546 2203 narrante
1564 2167 1742 2202 Xerxem

290 2241 402 2266 mare
422 2228 706 2279 flagellavisse3
738 2225 874 2263 Pisida
890 2238 984 2263 vero
1009 2231 1142 2275 aperte
1164 2222 1274 2260 idem
1298 2221 1364 2260 hic
1384 2222 1554 2259 affirmat
1574 2228 1612 2259 et
1631 2221 1740 2258 alibi.

292 2285 427 2323 confer
444 2284 615 2321 Acmas.
640 2286 660 2324 1
686 2286 740 2324 26
763 2289 801 2319 et
817 2295 922 2332 seqq.
928 2309 945 2327 ,
975 2287 1012 2318 et
1029 2280 1200 2318 Acroas
1220 2282 1247 2320 2
1276 2281 1371 2320 377.

400 2341 497 2381 240.
555 2341 695 2376 Persas
715 2337 766 2376 ad
786 2339 939 2375 bellum
963 2338 1072 2374 exire
1090 2336 1333 2374 mulierculis
1354 2337 1516 2387 stipatos
1534 2332 1741 2371 adnotavi-

289 2409 380 2435 mus
406 2409 515 2446 supr.
549 2394 720 2433 Acroas.
753 2398 780 2436 2
809 2393 905 2436 247.
973 2401 1012 2432 at
1042 2395 1157 2432 nobis
1188 2393 1354 2431 ridicula
1381 2405 1537 2443 semper
1563 2391 1649 2428 visa
1682 2395 1742 2426 est

288 2465 419 2501 causa,
442 2465 563 2504 quam
584 2454 667 2490 eius
689 2449 983 2489 consuetudinis
1004 2449 1168 2488 tradidit
1184 2452 1295 2488 Max.
1315 2450 1463 2502 Tyrius
1483 2444 1740 2486 Dissert.14:

289 2511 345 2546 ait
362 2510 470 2546 enim
491 2507 651 2558 Πέρσας
671 2506 714 2549 δὲ
731 2507 1013 2557 παλλακίδες“’
990 2523 1163 2558 επονται,
1195 2508 1264 2548 ’ἵνα
1280 2520 1480 2560 μαχωνται
1499 2505 1628 2552 καλῶς
1640 2499 1742 2554 νπὲρ

288 2567 370 2606 ταῖν
387 2562 598 2616 φιλτάτων.

401 2621 498 2663 251.
555 2618 825 2672 Theophanes
845 2618 941 2657 ibid
976 2619 1019 2661 ἓν
1044 2618 1088 2660 δὲ
1109 2624 1192 2668 τοῖς
1222 2622 1414 2687 κρημνοῖς
1440 2619 1567 2671 αἶγοῖν
1593 2610 1745 2670 αγρίων

294 2676 411 2729 δίκην
431 2674 747 2745 ἐσκηνοβατουν’
789 2673 963 2724 πολλους
982 2674 1024 2716 δὲ
1039 2676 1107 2717 καὶ
1130 2679 1275 2725 ζῶντας
1296 2672 1541 2745 ἐζωγρησαν,
1569 2670 1745 2738 παρέλα-

296 2734 373 2802 βον
400 2730 444 2773 δὲ
472 2733 542 2774 καὶ
574 2730 620 2775 τὸ
652 2729 806 2774 τούτων
843 2728 1110 2786 στρατόπεδον
1138 2732 1208 2774 καὶ
1239 2735 1375 2773 πᾶσαν
1409 2729 1484 2785 τὴν
1514 2722 1744 2779 ἀποσκευὴν

298 2785 444 2831 αυτῶν.

410 2844 506 2887 253.
563 2844 671 2883 idem
692 2844 790 2884 ibid.
824 2844 867 2886 οἰ
882 2842 952 2886 ‘Se‘
956 2847 1131 2898 Ρωμαῖοι
1144 2842 1246 2899 πρός
1266 2841 1377 2897 »ὕψος
1392 2840 1463 2892 τοὶς
1478 2844 1608 2896 χεῖρας
1624 2837 1746 2881 ἐκτεί-
