1890 3224
518 159 591 202 AD
620 159 991 205 NICEPHORUM
1015 159 1220 204 NOTAE.
1504 160 1598 207 131

146 268 277 308 duxit.
335 269 383 307 ab
405 267 482 308 hoc
506 270 882 309 consceleratissimo
901 276 1069 323 tyranno
1093 270 1257 323 eiusque
1280 269 1600 322 profligatissimo

144 333 307 378 parente
326 328 498 364 Isaurico
517 329 651 365 Leone
671 329 812 379 nuperi
829 328 896 365 isti
913 340 1112 365 sacrarum
1131 328 1353 378 imaginum
1373 326 1599 365 effractores

146 396 239 421 cum
266 385 438 420 amentia
460 383 667 434 perfidiam
687 382 925 432 hauserunt,
954 385 1083 436 iisque
1102 385 1301 435 magistris
1323 390 1442 436 atque
1462 390 1602 422 aucto-

146 439 256 476 r1bus
285 440 517 489 gloriantur.
577 453 631 478 ex
658 439 803 478 horum
829 441 1002 478 factione
1030 441 1268 479 vanissimus
1293 439 1363 477 ille
1387 438 1600 492 Nicephori

146 494 379 533 scholiastes
408 496 655 534 Camerarius
678 498 804 534 multa
825 498 868 533 in
893 498 1160 535 sanctissimas
1184 497 1275 534 illas
1293 496 1503 547 religiones
1529 508 1599 533 ea-

146 564 315 603 rumque
351 551 600 590 defensorem
640 555 876 590 acerrimum
904 555 1095 591 Ioannem
1121 554 1413 590 Damascenum
1440 553 1601 590 furiosis

144 609 226 645 iuis
255 610 297 644 iu
327 611 617 647 commentariis
638 611 833 658 evomuit,
863 611 906 647 in
926 610 1070 662 quibus
1091 616 1188 662 quot
1206 608 1404 662 syllabae,
1433 607 1602 647 totidem

144 664 211 702 vel
235 677 366 715 nugae
391 667 456 702 vel
481 665 750 717 blasphemiae
778 673 882 704 sunt.

256 757 296 794 p·
317 746 367 784 81
389 747 515 786 v.16.
571 744 615 786 ἐν
632 749 716 792 τοῖς
732 742 996 796 καλουμένοις
1010 740 1179 795 τάφοις]
1207 741 1368 794 Pelagii
1389 738 1600 793 sepulchra

145 810 248 849 quae
276 799 423 838 fuerint
446 799 618 839 declarat
633 799 932 852 Theophanes'
921 814 963 838 m
980 799 1146 838 historia
1164 799 1412 838 Constantini
1429 799 1601 863 patriar-

146 853 267 892 chae.
298 853 342 896 τό
373 855 416 896 δὲ
442 869 555 909 σωμα
585 857 755 928 ἔρριψαν
776 858 834 905 εἰς
850 854 899 897 τὰ
920 858 1119 924 Πελαγίου
1138 853 1325 907 σύροντες
1346 849 1465 894 αυτό·
1496 853 1600 894 ἔνθα

143 907 284 965 πρώην
315 910 388 963 μὲν
414 911 595 965 υπῆρχεν
622 912 647 954 0‘
670 916 745 965 τῆς
772 912 889 966 αγίας
909 909 1108 965 μάρτυρος
1130 912 1328 977 Πελαγίας
1350 907 1470 958 ναός,
1501 925 1549 951 ον
1571 926 1595 951 ο
1618 909 1647 943 Ρ
1671 907 1718 944 84

140 967 342 1063 Ξὶεομισὴς
364 968 586 1017 καταλύσας
609 968 678 1010 καὶ
702 966 834 1021 τάφον
861 970 1087 1010 καταδίκων
1117 963 1292 1021 ποιήσας
1323 964 1372 1007 τοὶ
1395 966 1598 1019 Πελαγίου

162 1020 328 1064 κάλεσεν

253 1102 294 1140 Ρ.
315 1090 369 1130 82
392 1103 431 1127 v·
451 1091 493 1130 6.
552 1090 619 1143 Τῷ
645 1086 690 1130 δὲ
715 1086 824 1131 αυ’τω
840 1090 937 1142 ἔτει]
969 1104 1006 1129 a.
1028 1091 1270 1143 Copronymi
1288 1088 1365 1138 24,
1395 1055 1536 1127 Indict.
1554 1087 1597 1137 4,

141 1146 318 1183 Ianuarii
336 1147 386 1185 21
415 1151 548 1182 contra
565 1146 758 1195 Bulgaros
775 1149 922 1194 movit,
952 1148 1007 1183 ait
1025 1146 1309 1197 Theophanes.
1363 1158 1499 1182 revera
1522 1158 1598 1182 an·-

141 1214 217 1238 nus
241 1202 324 1238 eius
345 1201 502 1252 imperii
520 1200 597 1237 fuit
615 1202 684 1248 25,
714 1200 860 1239 Christi
875 1175 971 1243 766.
1029 1203 1078 1239 ab
1097 1215 1143 1239 ea
1163 1200 1414 1252 expeditione
1434 1202 1597 1251 turpiter

142 1256 260 1294 rediit
286 1257 378 1294 Iulii
408 1259 474 1297 17.
530 1255 625 1293 inde
651 1257 823 1308 Augusti
846 1258 898 1298 21
927 1264 1053 1295 totam
1074 1257 1177 1295 hanc
1192 1255 1442 1308 *tragoediam
1462 1263 1597 1295 contra

142 1312 386 1351 orthodoxos
406 1326 451 1350 ac
469 1315 680 1364 praecipue
701 1312 916 1352 monachos
936 1315 1137 1352 excitavit.

250 1394 290 1432 Ρ.
303 1383 356 1422 83
379 1380 494 1420 v.1o.
552 1376 704 1420 τούτων
723 1375 814 1421 δὲ’
783 1396 838 1434 ην
849 1376 1060 1433 Ἀντίοχος]
1091 1379 1252 1419 eosdem
1264 1385 1442 1417 recenset
1454 1376 1596 1417 Theo·-

143 1435 297 1488 phanes
319 1443 358 1474 et
375 1437 524 1475 Paulus
541 1437 755 1475 Diaconus.
811 1436 1047 1506 λογοθέτης
1047 1440 1121 1478 τοῦ
1140 1434 1294 1503 δρόμου
1316 1435 1460 1474 dicitur
1480 1434 1547 1472 hic
1570 1447 1596 1472 a.

140 1492 410 1545 Nicephoro‘
385 1509 406 1533 ο
426 1495 507 1532 τῶν
524 1493 725 1544 δημοσίων
741 1490 983 1559 πραγμάτων
998 1509 1070 1542 τας
1083 1490 1329 1559 ὑπομνήσεις
1342 1492 1596 1542 διακομίζων,

142 1550 251 1602 quod
274 1550 455 1600 magistri
479 1550 694 1587 memoriae
722 1551 927 1600 proprium
955 1556 1051 1586 erat.
1109 1551 1198 1601 qui,
1233 1555 1277 1586 ut
1306 1555 1365 1586 est
1386 1550 1428 1584 in
1451 1548 1594 1584 notitia

139 1608 298 1657 imperii
319 1605 549 1652 Orientalis,
576 1608 847 1643 annotationes
867 1604 1008 1653 dictat,
1037 1604 1113 1643 hoc
1133 1612 1190 1643 est
1211 1606 1421 1655 scripturas
1438 1603 1590 1651 breves,

142 1664 286 1714 quibus
307 1674 354 1699 ea
373 1661 623 1700 continentur
645 1673 746 1712 quae
770 1662 958 1713 principis
977 1663 1139 1698 nomine
1162 1666 1386 1699 statuuntur
1405 1666 1472 1696 aut
1494 1672 1592 1696 con-

140 1721 359 1756 firmantur.
427 1715 498 1754 sed
524 1723 562 1753 et
584 1717 766 1767 precibus
795 1716 1026 1768 respondet,
1069 1715 1145 1754 hoc
1170 1723 1229 1753 est
1253 1727 1441 1766 responsa
1472 1713 1593 1751 dictat

142 1774 245 1827 quae
265 1775 448 1825 princeps
467 1772 615 1809 libellis
636 1773 880 1823 supplicibus
900 1771 1065 1810 dederit.
1124 1770 1174 1809 ad
1190 1770 1289 1808 haec
1307 1770 1523 1821 diplomata
1539 1768 1592 1806 ad

142 1829 381 1868 currendum
400 1830 560 1866 nomine
586 1830 775 1880 principis
797 1829 862 1866 vel
883 1829 1063 1879 magistri
1086 1828 1307 1865 officiorum
1330 1826 1423 1863 dare
1445 1839 1591 1862 mune-

141 1889 196 1925 ris
227 1885 406 1925 eiusdem
433 1885 529 1933 fuit,
560 1897 583 1921 a
603 1897 682 1936 quo
700 1883 916 1937 λογοθὲτης
932 1900 1004 1924 του
1027 1881 1179 1936 δρόμου
1203 1883 1330 1920 dictus
1353 1887 1425 1919 est.
1483 1887 1591 1918 cete-

140 1957 231 1980 rum
262 1941 368 1995 apud
392 1939 683 1992 Theophanem
704 1942 1003 1988 Constantinus,
1031 1953 1112 1977 non
1133 1938 1373 1986 Antiochus,
1402 1938 1588 1989 patricius

141 1999 285 2037 dicitur
307 2006 346 2036 et
361 1996 578 2050 λογοθέτης
594 1999 667 2036 τοῦ
685 1992 849 2048 δρόμου.
906 1997 1017 2034 cuius
1043 1996 1165 2033 frater
1187 1995 1403 2045 Strategius
1424 1991 1588 2044 spatha-

137 2057 221 2094 rius
246 2062 285 2093 et
307 2054 545 2093 domesticus
564 2053 853 2090 excubitorum.

251 2121 305 2159 ib.
326 2135 366 2161 v.
383 2123 453 2163 21.
509 2117 631 2172 όρκον
663 2115 755 2159 κατ’
783 2115 951 2189 αὕτομῦ]
964 2117 1135 2168 Augusti
1167 2118 1222 2159 30
1256 2114 1396 2154 Indict.
1423 2113 1450 2156 4
1481 2115 1588 2153 Con-

138 2179 309 2217 stantino
330 2174 638 2243 patriarchatum
652 2173 856 2226 abrogat‘
833 2191 853 2215 ο
869 2170 1078 2227 ὁμώνυμος
1095 2173 1385 2220 Constantinus,
1415 2184 1587 2223 eumque

136 2236 313 2286 primum
331 2235 374 2270 in
392 2234 582 2281 Hieriam,
610 2230 739 2270 inde
727 2245 770 2269 111
786 2232 1015 2283 Principum
1031 2230 1205 2268 insulam
1224 2228 1416 2280 deportat.
1445 2225 1586 2265 Theo-

134 2290 303 2343 phanes.

249 2371 289 2408 Ρ.
309 2354 363 2397 84
382 2369 420 2394 v-
441 2355 483 2395 3·
542 2350 725 2405 Νικήταν
745 2351 812 2405 δὲ]
840 2353 1072 2392 Novembris
1093 2354 1143 2394 16
1163 2350 1252 2399 die,
1281 2348 1368 2388 Ind.
1388 2349 1436 2397 5,
1464 2350 1585 2388 Nice-

137 2421 198 2452 tas
219 2414 267 2451 ab
285 2414 521 2465 imperatore
539 2409 591 2448 ad
607 2408 911 2461 patriarchalem
927 2409 1066 2458 sedem
1086 2415 1244 2446 evectus
1266 2413 1338 2444 est.
1394 2378 1518 2444 idem.

250 2478 304 2516 ib.
323 2492 362 2518 v.
381 2482 422 2521 7·
481 2476 630 2530 φορείῳ
658 2472 946 2527 ἐποχουμενον]
978 2483 1063 2514 tam
1089 2476 1195 2513 enim
1222 2471 1463 2511 crudeliter
1450 2485 1582 2542 impe-

137 2537 277 2574 ratoris
295 2537 406 2573 iussu
424 2534 631 2585 vapularet
646 2539 691 2569 ut
707 2531 890 2570 incedere
905 2545 986 2571 non
1004 2538 1151 2585 posset.
1181 2529 1230 2568 de
1250 2531 1334 2568 eius
1351 2528 1582 2583 καθαιρέσει

138 2605 185 2630 ac
204 2593 450 2629 accusatione
469 2587 750 2641 Theophanes.

251 2656 305 2694 ib.
330 2670 369 2695 v.
393 2658 459 2698 18
515 2658 575 2711 τῷ
590 2652 820 2708 καλουμένῳ
836 2653 999 2709 Malim]
1028 2652 1093 2691 adi
1119 2651 1285 2691 Suidam
1305 2658 1345 2690 et
1364 2650 1582 2702 europala-

141 2721 210 2752 teu
238 2715 320 2753 sive
353 2712 564 2752 Codinum.
620 2709 843 2750 aedificium
869 2710 1069 2764 quoddam
1092 2709 1207 2762 Cpoli
1224 2709 1301 2748 fuit
1320 2709 1444 2760 signis
1463 2707 1582 2747 variis
