1890 3224
639 189 866 234 BELLUM
898 187 1200 232 AVARIGIJM.
1479 212 1500 223 -
1579 182 1642 228 51

411 303 468 347 δι’
493 298 542 346 οὗ
565 300 767 361 φράσαιμι
788 303 834 345 τὸ
857 299 1094 360 ’ςένὸσπορον
1114 302 1246 359 τέρας,

412 373 458 415 τὸ
480 376 553 414 τοῦ
571 372 754 428 γέροντος
774 370 1048 413 δυσκάθεκτον
1066 370 1237 426 ἔγγονον,

411 439 439 494 ἢ
462 440 531 482 τὸν
551 438 764 496 κεραυνόν,
797 438 825 493 ἢ
846 439 916 485 τὸν
938 437 1121 493 ἒζιιψυχον
1144 436 1283 489 σάλον,

328 515 383 554 90
417 502 452 565 ᾧ
470 512 634 563 γλῶσσα
653 507 727 560 μὲν
747 505 935 563 πρόσεστι
955 507 1250 562 συγκεκομμένη

413 577 480 618 καὶ
505 579 661 629 πνεῦμα
685 574 827 632 πικρὸν
846 577 914 616 καὶ
933 575 1184 631 πεφυρμένος
1204 572 1319 629 λόγος

415 645 480 685 καὶ
500 650 630 700 χεῖρες
654 645 738 700 εἰκῇ
760 647 1014 700 ψηλαφῶσαι
1037 643 1082 685 τὸ
1107 644 1223 700 ξίφος

415 714 481 754 καὶ
506 711 642 766 θυμὸς
664 711 794 754 ἄττων
816 713 872 760 εἷς
893 709 1115 765 ἀνάμνησιν
1135 711 1291 765 με’θηςς

412 786 526 821 ποῖον
546 779 622 836 γὰρ
647 778 761 836 ἔργον
782 777 809 833 ἢ
831 778 1098 835 φιλόπλουτον
1113 777 1248 835 χάριν,

324 848 379 890 95
414 849 544 890 πίστιν
568 848 612 888 δὲ
631 849 751 888 ποίαν
773 848 839 887 καὶ
863 845 982 901 λόγου
1005 848 1071 888 καὶ
1095 845 1343 903 πράγματος,

412 913 434 957 ὃ
452 913 581 956 πάντα
601 912 788 971 πράττων
807 912 1096 971 συμφερόντως
1117 913 1309 969 δεσπότης

412 987 587 1039 παρῆκεν
607 981 634 1036 ἢ
652 986 829 1036 μεθῆκεν
850 984 906 1031 εἷς
922 980 1171 1037 ὑπερθέσεις,

411 1052 544 1093 θέλων
561 1049 739 1104 μαλάξαι
757 1050 830 1104 τὴν
849 1048 1072 1091 ἀσύνθετον
1094 1048 1215 1106 φύσιν

412 1120 542 1173 σχέσει
569 1122 788 1174 λογισμῶν,
825 1119 984 1173 δωρεῶν
1008 1116 1232 1171 ὑποσχέσει,

295 1190 374 1231 100
408 1191 548 1228 πειθοῖ
565 1186 616 1228 τὰ
636 1190 775 1242 πρῶτα
796 1187 862 1226 καὶ
881 1184 986 1242 λόγῳ
1007 1185 1058 1226 τὰ
1079 1184 1267 1242 δεύτερα,·

413 1256 530 1296 ποίαν
552 1255 596 1296 δὲ
613 1252 798 1309 γλώσσης
819 1253 890 1294 οὐκ
912 1254 1063 1307 ἐκίνησε
1083 1251 1209 1309 λύραν

413 1323 455 1364 ἔκ
474 1326 545 1375 τῆς
563 1320 710 1364 ἑαυτοῦ
729 1325 925 1374 μουσικῆς
941 1318 1210 1376 ἡρμοσμένην,

411 1384 438 1446 ᾗ
457 1391 637 1432 πείθεται
653 1390 727 1443 μὲν
743 1386 935 1437 πολλάκις
951 1388 1002 1430 τὰ
1018 1390 1161 1444 θηριά,

413 1457 630 1514 πραΰνεται
654 1458 697 1499 δὲ
719 1458 784 1498 καὶ
812 1455 857 1498 τὸ
878 1458 1060 1510 ὁημῶὸες
1079 1455 1250 1513 θράσος,

299 1526 378 1570 105
413 1525 435 1567 ὃ
454 1527 608 1581 μυρίων
629 1542 690 1574 τις
710 1522 935 1580 εὐπορήσας
950 1524 1133 1580 Ὄρφέων

414 1593 486 1636 οὐκ
510 1592 559 1635 ἂν
579 1591 777 1647 μαλάξοι·
810 1593 876 1633 καὶ
899 1591 976 1646 γὰρ
1003 1591 1291 1647 ἐργωδέστερον

413 1661 632 1718 ἄνθρωπον
651 1658 750 1710 εἶξαι
771 1663 844 1701 τοῦ
862 1658 1042 1712 μαλάξαι
1059 1661 1203 1716 θηρία.

412 1729 523 1782 ὅμως
542 1730 650 1770 ἐνίκα
673 1731 723 1784 τῇ
741 1729 865 1783 κρίσει
884 1731 956 1768 τοῦ
972 1728 1155 1783 χείρονος
1217 1745 1226 1750 ·

412 1795 434 1838 ὃ
454 1795 667 1852 βάρβαρος
687 1798 782 1843 νοῦς
800 1794 873 1847 τὴν
893 1794 1019 1847 κακὴν
1042 1796 1154 1848 νίκην
1178 1791 1301 1846 ἔχων·

299 1866 379 1908 110
412 1861 433 1906 ὅ
454 1865 527 1918 μὲν
545 1863 623 1919 γὰρ
647 1862 773 1904 αὐτοῦ
794 1861 869 1910 τὰς
885 1862 1154 1914 μελανθείσας
1174 1860 1324 1916 φρένας
1344 1889 1348 1895 «

351 1927 353 1929 ’
412 1931 537 1989 ἔργων
556 1931 787 1988 φιλέχθρων
810 1929 1064 1986 ἐκκαθαίρειν
1085 1929 1214 1985 ἠξίου,

285 2085 331 2120 97
353 2082 526 2127 παρεῖδεν
547 2082 578 2116 P
717 2081 784 2116 102
806 2077 927 2127 ἑαυτῷ
949 2079 1084 2116 codices
1107 2082 1143 2114 et
1163 2079 1207 2114 ed
1342 2075 1409 2112 103
1430 2073 1506 2120 τὰ]
1528 2073 1591 2109 καὶ
1613 2074 1642 2107 Ρ

287 2131 355 2165 110
374 2128 601 2173 μαλανθείας
622 2125 759 2162 codices
783 2131 818 2162 et
838 2126 882 2160 ed

196 2274 349 2308 guarum,
372 2274 439 2308 quo
453 2273 585 2297 narrem
600 2273 643 2296 ex
657 2260 836 2307 peregrino
852 2260 975 2295 semine
989 2262 1184 2303 monstrum,
1199 2257 1288 2293 senis
1302 2257 1495 2291 indomitum
1510 2254 1646 2299 genus?

196 2310 351 2343 dicamne
365 2309 490 2342 fulmen
506 2314 564 2341 aut
579 2308 753 2341 animatam
768 2307 952 2352 procellam
961 2332 972 2348 ,
995 2307 1076 2350 (90)
1100 2306 1154 2339 cui
1167 2305 1282 2348 lingua
1297 2310 1351 2336 est
1365 2304 1481 2336 blaesa
1496 2306 1532 2334 et
1546 2301 1645 2334 ferox

197 2355 358 2399 spiritus,
382 2358 418 2387 et
437 2353 558 2387 mixtus
582 2364 710 2395 sermo,
733 2357 770 2386 et
792 2362 908 2385 manus
929 2358 1054 2385 temere
1069 2355 1318 2385 contrectantes
1333 2349 1497 2392 gladium,
1522 2350 1558 2380 et
1572 2345 1646 2379 ani-

197 2410 271 2433 mus
295 2399 467 2433 exsultans
490 2397 723 2432 recordatione
746 2397 946 2431 ebrietatis?
977 2397 1108 2442 ecquod
1129 2396 1215 2430 enim
1231 2395 1378 2428 officium
1393 2397 1454 2426 aut
1468 2402 1556 2436 quae
1570 2401 1645 2424 mu-

197 2456 297 2488 nera,
319 2445 402 2488 (95)
426 2454 590 2489 quamque
613 2443 714 2476 fidem
737 2447 774 2476 et
796 2442 886 2476 dicto
903 2446 939 2476 et
954 2443 1045 2475 facto
1068 2441 1285 2487 praestitam,
1309 2439 1419 2472 omnia
1432 2438 1560 2471 utiliter
1575 2435 1646 2469 dis-

224 2501 328 2523 oneus
341 2490 484 2534 despota
499 2488 607 2522 omisit
621 2492 680 2522 aut
694 2487 857 2530 neglexit,
879 2493 919 2520 ut
936 2488 1088 2521 traheret
1102 2497 1225 2527 moras,
1251 2485 1390 2519 studens
1405 2482 1555 2517 emollire
1568 2482 1645 2515 foe-

197 2501 365 2579 gin-agam
390 2540 542 2568 naturam
566 2533 602 2567 vi
626 2533 765 2567 rationis
792 2537 828 2566 et
853 2532 1014 2566 donorum
1036 2532 1275 2586 promissione,
1299 2530 1405 2574 (100)
1428 2526 1648 2574 persuasione

199 2579 360 2624 primum,
383 2585 419 2613 et
443 2579 564 2613 deinde
586 2578 739 2623 scripto?
772 2587 872 2622 quam
894 2582 1007 2611 autem
1028 2577 1166 2622 hnguae
1190 2587 1255 2610 non
1279 2575 1383 2608 movit
1403 2574 1510 2618 lyram
1527 2584 1571 2606 ex
1585 2581 1647 2605 sua

199 2624 326 2658 musica
348 2624 487 2658 scientia
508 2629 726 2670 temperatam
737 2649 748 2667 ,
772 2633 860 2667 quae
874 2633 1041 2667 persaepe
1055 2623 1176 2656 suadet
1190 2622 1291 2655 etiam
1305 2621 1398 2654 feras
1413 2617 1648 2660 ‹le-,mulcetque

201 2669 302 2703 etiam
325 2680 368 2713 po
392 2669 518 2703 ularem
542 2669 736 2711 audaciam,
761 2667 867 2710 (105)
891 2678 990 2711 quam
1015 2668 1072 2721 qui
1097 2666 1264 2701 sexcentis
1286 2666 1471 2699 instructus
1497 2660 1647 2706 Orpheis

200 2718 348 2758 nequeat
386 2714 496 2748 enire=
537 2715 660 2760 quippe
686 2718 740 2748 est
763 2712 932 2746 difficilius
952 2713 1103 2746 hommes
1124 2712 1259 2745 domare
1285 2722 1383 2756 quam
1407 2709 1514 2744 lenire
1535 2709 1640 2740 feras.

199 2759 331 2792 interea
367 2759 523 2793 vincebat
558 2759 694 2804 maligni
725 2757 850 2792 iudicio
879 2757 1043 2791 barbarus
1070 2757 1216 2801 iniquam
1244 2756 1422 2790 victoriam
1450 2757 1641 2798 reportans.

201 2805 306 2849 (110)
330 2814 406 2838 nam
426 2804 482 2839 ille
504 2804 638 2850 quidem
662 2804 758 2839 liuius
777 2802 905 2848 nigram
919 2803 1064 2838 mentem
1079 2812 1102 2838 a
1114 2801 1213 2837 factis
1225 2801 1410 2837 criminosis
1423 2808 1571 2846 purgare
1584 2807 1642 2831 sa-
