1890 3224
584 192 844 237 PERSICAE
877 190 1147 236 AGROASIN
1178 189 1255 235 ΠΙ.
1314 258 1320 267 ι
1551 188 1644 234 117

192 318 330 352 ναντες
354 305 410 359 τῷ
433 306 519 359 θεῷ
538 318 581 344 ευ
584 303 818 357 χαριστουν,
853 301 922 345 καὶ
939 304 994 358 τῷ
1014 297 1326 356 στρατηγήσαντι
1347 300 1475 347 καλοῖς
1493 299 1650 352 βασιλεῖ

192 357 394 408 συντόνως
407 372 696 413 προσηυχοντο.

304 417 568 459 280.1(13111
584 417 683 455 ibid
716 416 759 457 οἳ
783 413 859 485 γοῖρ
885 414 983 481 πρὶν
1008 413 1109 483 μηδὲ
1134 411 1338 483 Περσικην
1357 410 1474 453 κόνιν
1497 409 1644 465 τολμή-

192 488 329 522 σαντες
347 475 474 524 ἰδεῖν,
509 477 586 515 νῦν
616 489 689 522 τας
719 470 870 525 σκηνας
898 468 1053 512 τούτων
1082 467 1323 520 ἆσαλεύτους
1346 466 1528 524 εὑρόντες
1552 469 1644 510 ἐλα-

190 528 482 585 φυρολόγησαν.

301 587 570 636 282.11333,
600 587 753 638 opinor,
784 584 901 633 dicta,
931 591 975 622 ut
991 586 1262 623 Romanorum
1282 585 1532 622 securitatem
1551 589 1642 621 ante

192 652 231 682 et
258 651 349 696 post
378 644 545 682 relatam
573 644 778 682 victoriam
803 641 1057 680 demonstret.
1115 642 1296 679 solebant
1325 642 1432 678 enim
1455 641 1641 687 Romani,

191 715 282 739 cum
300 700 438 738 datum
459 708 542 739 erat
562 702 741 752 sig-num,
779 700 946 737 tentoria
968 698 1189 750 deponere,
1228 705 1272 736 ut
1295 696 1347 735 ad
1373 696 1643 734 dimicandum

190 765 322 796 essent
340 760 469 809 magis
490 758 682 809 expediti.
738 757 928 809 Polybius
951 756 999 793 de
1030 756 1225 793 Castrum.
1256 756 1377 792 Rom.
1412 756 1455 791 in
1485 755 1637 805 antiqq.

190 816 310 852 Rom.
333 822 424 852 tom.
458 818 507 856 10
519 829 568 865 Ρ.
592 813 696 855 984:
738 810 834 854 όταν
850 810 895 853 το
917 814 1076 865 πρῶτον
1094 812 1282 866 σημαίνῃ,
1312 806 1554 851 καταλύουσι
1571 825 1643 857 τας

190 867 351 924 σκηνάς.
407 873 541 924 itaque
560 869 697 909 Pisida
728 871 782 907 ait
807 873 1006 908 Romanos
1034 876 1118 906 tam
1137 881 1274 906 securo
1296 870 1427 905 animo
1448 865 1641 919 prodiisse

189 927 240 966 ad
264 941 463 979 pugnam,
493 935 538 965 ut
566 941 618 964 113
639 928 806 979 tentoria
826 925 990 979 quidem
1008 932 1123 963 antea
1144 925 1394 973 demiserint3
1433 923 1643 961 redeuntes

188 991 321 1022 autem
342 987 476 1023 statim
495 997 604 1022 arma
620 984 850 1035 proiecisse,
879 989 925 1020 ut
947 984 1057 1020 omni
1074 995 1166 1019 cura
1184 983 1304 1020 soluti
1320 983 1424 1019 vires
1441 983 1643 1018 animum-

188 1054 266 1093 que
294 1043 422 1093 epulis
454 1042 681 1089 reficerent3
735 1039 843 1092 911οᾶ
874 1047 957 1078 erat
991 1052 1045 1076 ex
1069 1039 1234 1076 militari
1260 1038 1468 1089 disciplina
1496 1037 1642 1074 servari

187 1098 370 1142 solitum⁷
410 1105 454 1130 ut
486 1112 539 1129 cx
562 1098 731 1129 Leunoi
718 1111 816 1142 1.mp
847 1098 899 1132 16
926 1099 954 1131 2
982 1097 1194 1141 colligitur.
1252 1093 1523 1143 Theophanes
1553 1092 1641 1130 loco

186 1165 313 1203 nuper
333 1152 450 1188 citato
471 1150 586 1186 aliter
602 1147 760 1186 videtur
780 1149 1057 1198 interpretatus
1074 1145 1276 1184 Pisidam:
1297 1150 1353 1185 ait
1371 1151 1477 1187 enim
1491 1151 1642 1187 Roma-

186 1222 259 1247 nos
276 1221 359 1245 11011
381 1205 434 1244 3(1
457 1219 528 1244 5113
547 1206 716 1242 tentoria
733 1217 934 1252 reversos,
973 1202 1046 1242 sed
1064 1202 1117 1240 ad
1135 1205 1294 1242 Persica
1310 1217 1437 1256 1159113
1457 1219 1642 1257 progres-

187 1278 251 1303 sos
283 1277 392 1311 esse,
434 1275 535 1314 quae
560 1263 707 1299 intacta
737 1262 987 1298 invenerunt.
1047 1273 1148 1312 91133
1169 1261 1438 1312 interpretatio
1460 1263 1495 1298 si
1513 1264 1642 1313 magis

187 1319 355 1368 arridet,
398 1317 612 1356 dicendum
640 1324 699 1356 est
718 1319 920 1356 Romanos
940 1319 1153 1354 Persarum
1180 1318 1315 1355 castris
1343 1318 1512 1368 potitos,
1550 1325 1642 1356 tan-

186 1390 308 1430 quam
327 1375 378 1413 ad
397 1389 468 1414 sua
487 1389 529 1414 se
549 1376 802 1427 recepissent,
823 1375 881 1412 ibi
905 1387 1042 1412 securo
1062 1375 1196 1412 animo
1213 1375 1425 1426 quievisse.

300 1434 397 1474 283.
455 1431 630 1484 σκέπην,
668 1433 831 1483 opinor,
860 1432 974 1483 pouit
989 1444 1061 1483 pro
1077 1437 1161 1469 tota
1182 1438 1378 1468 armatura
1398 1431 1533 1482 gravi,
1566 1443 1645 1483 qua

186 1504 228 1528 se
249 1488 397 1527 milites
415 1490 626 1540 tegebant3
667 1490 850 1541 quamvis
877 1487 1002 1540 σκέπη
1027 1501 1120 1526 vere
1150 1495 1252 1526 esset
1279 1489 1416 1539 capitis
1434 1495 1647 1538 tegumen-

186 1554 273 1584 tum
294 1561 316 1583 e
333 1546 454 1597 pelle.
511 1517 705 1597 Polybius
730 1545 805 1583 loc.
830 1545 896 1582 cit.
918 1558 964 1595 Ρ.
988 1546 1092 1586 866:
1109 1548 1495 1614 προσεπικοσμεῖται
1516 1542 1560 1584 δὲ
1578 1544 1648 1585 καὶ

185 1606 283 1643 λιτω
303 1603 622 1670 περικεφαλαίω,
650 1600 746 1642 ποτὲ
765 1599 809 1642 δὲ
828 1600 898 1641 καὶ
918 1598 1122 1642 λυκείαν’
1101 1598 1132 1654 η’
1150 1616 1188 1641 τι
1206 1616 1287 1641 των
1303 1597 1499 1642 τοιούτων
1520 1600 1647 1642 ἐπιτί-

184 1664 322 1708 θεται,
363 1658 510 1710 σκέπης
539 1675 623 1710 αμα
649 1657 720 1697 καὶ
748 1658 915 1709 σημείου
941 1672 1072 1708 χαριν.
1131 1656 1265 1695 53(1111
1281 1659 1476 1709 accipiam
1495 1656 1648 1710 σκέπην

185 1730 256 1767 pro
279 1722 490 1763 armatura,
511 1715 607 1752 facit
628 1713 765 1751 addita
781 1713 931 1751 notatio
953 1711 1200 1766 πεπκηγμένη,
1219 1725 1322 1765 91133
1342 1721 1453 1752 531110
1467 1716 1647 1752 maxime

187 1773 392 1818 convenit,
432 1773 542 1809 cuius
568 1766 732 1821 longam
762 1768 1068 1820 descriptionem
1093 1770 1304 1807 instituens
1326 1769 1437 1807 idem
1455 1771 1648 1821 Polybius

179 1843 227 1880 Ρ
251 1827 333 1870 874
354 1829 432 1865 311·
462 1827 506 1868 ἐκ
524 1828 671 1867 διπλου
695 1822 969 1878 σανιδώματος
988 1821 1228 1894 ταυροκὸλλη
1249 1822 1450 1895 πεπηγώς,
1480 1822 1648 1894 ὄθονίῳ,

186 1883 283 1938 μετοῖ
301 1882 345 1925 δὲ
361 1886 486 1925 ταῦτα
505 1883 673 1938 μοσχείῳ
692 1882 853 1937 δέρματι
876 1882 1148 1935 περιείληπται
1166 1897 1241 1932 την
1260 1879 1372 1930 ἔκτός
1391 1868 1646 1933 ἐπιφάνειαν,
1678 1897 1686 1903 ·

186 1955 209 1979 3
240 1955 319 1994 qua
350 1940 612 1992 descriptione
643 1953 738 1978 sane
766 1952 849 1978 non
871 1937 1025 1976 abludit
1044 1937 1147 1975 illud
1166 1937 1326 1976 Pisidae
1344 1937 1451 1991 quod
1466 1941 1645 1991 sequitur

185 2012 224 2037 v.
236 2001 343 2040 286-
374 1993 528 2050 φόρτον
546 1996 592 2038 ἐκ
612 1992 798 2049 κτήνους.
838 1997 946 2034 recte
957 2002 1091 2033 autem
1107 2001 1264 2033 scutum
1282 1994 1485 2033 dicebatur
1503 1995 1640 2050 σκέπη,

184 2056 278 2107 91113
299 2061 409 2094 tanta
427 2061 510 2091 erat
527 2053 804 2105 magnitudine
821 2060 866 2091 ut
883 2059 1013 2090 totum
1031 2065 1134 2103 pene
1152 2053 1325 2090 militem
1342 2053 1557 2103 obtegeret.

295 2113 393 2153 293.
449 2112 626 2163 legerem
645 2108 767 2152 οὕτω.
822 2109 900 2148 hoc
918 2107 1222 2161 epiphonemate
1241 2111 1360 2160 primi
1377 2110 1475 2147 belli
1492 2110 1642 2147 Persici

184 2169 451 2206 narrationem
473 2167 642 2217 claudit,
681 2167 817 2205 dicens
844 2174 999 2205 tantam
1024 2167 1147 2204 fuisse
1164 2167 1338 2204 Heraclii
1355 2168 1398 2203 in
1418 2179 1460 2203 re
1479 2167 1643 2204 militari

186 2226 406 2273 scientiam,
426 2231 471 2262 ut
486 2238 570 2263 non
587 2223 707 2263 modo
726 2237 773 2262 ea
788 2226 921 2262 omnia
943 2236 1045 2276 quae
1065 2236 1088 2260 a
1107 2223 1305 2261 veteribus
1324 2222 1468 2260 tradita
1484 2223 1642 2260 fuerant

186 2283 347 2319 0111111110
366 2283 543 2329 noverit,
584 2280 656 2319 sed
683 2283 938 2348 antiquorum
964 2282 1086 2318 etiam
1109 2281 1282 2318 inventis
1302 2281 1419 2331 plura
1444 2277 1643 2317 addiderit

186 2351 267 2376 11011
285 2346 400 2376 311133
423 2338 472 2375 ab
489 2338 571 2376 11115
592 2339 829 2389 excogitata.

296 2397 394 2436 296.
452 2393 723 2446 Theophanes
744 2394 818 2432 loc.
841 2395 908 2431 cit.
941 2392 1002 2441 τίς
1026 2389 1102 2446 γὰρ
1127 2390 1291 2446 ἤλπιζεν
1309 2388 1354 2434 τὸ
1373 2394 1453 2433 τῶν
1472 2394 1645 2447 Περσων

186 2444 493 2504 δυσμαχώτατον
511 2450 628 2505 γένος
649 2453 755 2492 νῶτα
777 2451 922 2492 δοῦναί
943 2464 1039 2490 ποτε
1056 2448 1282 2502 Ῥωμαίοις.

301 2510 396 2550 308.
453 2509 555 2546 verti
573 2510 686 2564 quasi
704 2509 904 2559 legeretur
920 2505 1177 2558 τυλουμένων
1189 2535 1200 2555 ,
1233 2512 1278 2543 ut
1297 2511 1394 2557 puto
1415 2503 1647 2556 legendum.

301 2565 396 2605 309.
453 2564 546 2604 vide
573 2579 692 2617 supra
719 2579 760 2603 v.
781 2567 860 2613 61,
892 2576 994 2616 91133
1015 2564 1117 2601 circa
1141 2575 1281 2602 vocem
1309 2558 1388 2614 υλη
1416 2569 1455 2599 31
1483 2557 1648 2614 ἀφορμή

188 2619 404 2669 attigimus.

303 2676 398 2716 311.
454 2677 604 2716 Abares
619 2707 629 2727 ‚
660 2690 758 2729 gens
777 2677 863 2714 fera
882 2682 921 2713 et
938 2677 1127 2714 Romanis
1144 2675 1322 2723 infensa,
1367 2675 1523 2726 quoties
1545 2673 1648 2710 vires

192 2729 243 2769 ad
259 2731 466 2770 inferenda
481 2733 627 2772 damna
643 2739 895 2786 receperant,
934 2734 1165 2784 interposita
1194 2738 1310 2783 pacta
1333 2743 1415 2768 non
1448 2743 1533 2768 esse
1563 2741 1648 2765 531·-

189 2794 281 2825 vata
302 2788 583 2828 causabantur:
622 2790 717 2829 hinc
742 2798 846 2828 recte
876 2796 1010 2828 noster
1034 2791 1090 2827 ait
1106 2788 1148 2838 ἐξ
1166 2787 1304 2836 ἔθους.
1361 2787 1477 2838 plura
1492 2815 1503 2834 ,
1544 2796 1647 2836 quae

190 2842 269 2883 huc
300 2851 502 2897 spectant,
539 2847 687 2887 videsis
725 2848 768 2886 111
796 2859 928 2898 Ροεηι.
958 2847 1007 2885 de
1038 2845 1140 2884 hello
1169 2844 1302 2884 Abas.
1332 2842 1468 2882 Pisida
1496 2841 1646 2880 Abares
