1890 3224
428 201 504 242 DE
537 200 923 245 EXPEDITIONE
957 202 1181 247 PERSICA
1214 204 1334 248 ACR.
1364 206 1416 250 ΙΙ.
1585 206 1647 250 27

409 313 568 368 βλέπων
589 312 765 369 ἀδήλους
785 321 992 371 πανταχοῦ
1013 317 1087 368 τὰς
1108 316 1304 373 ἐκβάσεις.

292 382 375 425 340
409 387 466 440 πῇ
485 383 526 431 δί
551 384 593 434 ἓξ
615 381 790 439 ἀνάγκης
810 385 884 435 τὰς
905 387 1091 436 Κιλικίας
1113 386 1292 438 εἰσόδους

384 486 389 490 .
408 453 474 493 καὶ
491 451 564 506 τὴν
584 450 760 507 δυσάντη
779 455 846 494 καὶ
866 456 1207 510 κατεστενωμὲνην

408 526 600 577 κρημνοῖς
620 537 662 561 τε
683 522 750 561 καὶ
771 519 948 578 φάραγξι
969 527 1042 576 τῆς
1061 521 1159 565 ὁδοῦ
1178 524 1295 567 θέσιν

405 588 634 645 ἀνατρέχειν
654 587 859 645 ὥρμησεν·
894 590 998 631 ἀλλὰ
1017 590 1198 634 κάνθάδε

407 656 615 713 ἀνατροπὴ
635 663 788 711 κατεῖχε
813 658 887 712 τὴν
908 657 1070 714 γνώμην
1087 658 1222 703 πάλιν.

291 722 372 765 345
406 729 478 779 τῆς
492 724 700 781 Ἀρμενίας
724 725 801 781 γὰρ
827 725 949 768 αὐτὸν
970 725 997 781 ἦ
1023 728 1201 778 διέξοδος

405 791 543 834 ἔδακνε
552 824 566 843 ,
599 791 745 846 μήπως
761 794 946 836 ἐντεῦθεν
963 795 1162 848 εἰσβαλὼν
1180 794 1349 852 φθάσῃς

401 862 468 902 καὶ
490 864 626 901 πᾶσαν
645 859 774 916 ἄρδην
797 860 1049 918 συνταράξῃς
1065 865 1265 919 Περσίδα.

402 929 469 969 καὶ
490 927 621 968 πολλὰ
639 931 795 970 λυττῶν
810 922 895 979 τοῖς
913 929 1056 980 νόθοις
1074 930 1325 987 βουλεύμασι

401 995 593 1051 λογισμὸν
611 993 711 1049 εἶχεν
729 996 914 1050 οὐδαμοῦ
927 997 1146 1052 βεβηκότα,

286 1064 368 1107 350
403 1063 498 1105 ἀλλ’
520 1062 655 1120 ὥσπερ
677 1062 908 1115 εὖκύλιστος
929 1066 1105 1117 ἄστατος
1126 1067 1245 1116 λίθος

402 1133 593 1187 ἐπείγεται
611 1132 685 1185 μὲν
706 1131 808 1188 πρὸς
827 1132 1084 1190 κατάρροπον
1103 1133 1263 1188 βάθος,

402 1202 458 1249 εἷς
478 1202 503 1241 δ
508 1200 520 1215 ³
544 1200 782 1257 ἄντὲρεισμα
799 1202 1044 1257 προσβαλών
1062 1201 1279 1258 ἀνετράπη,

401 1266 530 1316 οὕτως
546 1266 824 1321 ὅλισθήσαντα
844 1273 925 1311 τῶν
942 1269 1232 1323 βουλευμάτων

388 1332 455 1377 ’τὰ
478 1335 610 1377 πολλὰ
631 1337 748 1388 τοῦδε
764 1340 838 1378 τοῦ
859 1338 980 1379 λίθου
1003 1340 1231 1392 κυλίσματα

285 1403 366 1446 355
401 1410 490 1453 ταῖς
510 1402 780 1454 ἀστατούσαις
800 1405 992 1462 ἐκφοραῖς
1013 1404 1231 1460 ὠθούμενοι

397 1469 577 1528 γνώμαις
595 1472 854 1528 ἀνετρέποντο
875 1480 965 1523 ταῖς
985 1475 1196 1524 ἐναντίαις.

446 1538 587 1593 (Όμως
601 1537 784 1594 ὑπήχθη,
819 1543 887 1582 καὶ
906 1539 1088 1594 κατόπιν,
1112 1542 1231 1593 κυνὸς
1252 1541 1364 1596 δίκην

399 1614 552 1664 σειραῖς
574 1609 783 1659 δεθέντος,
811 1608 855 1658 ἒξ
875 1608 1051 1664 ἀνάγκης
1068 1611 1230 1652 εἵλκετο.

399 1677 484 1732 εῗκῇ
508 1676 552 1717 δὲ
573 1679 746 1729 μοχθῶν
769 1678 836 1718 καὶ
856 1675 990 1731 μάτην
1009 1676 1252 1731 πονούμενος

284 1745 366 1785 360
398 1745 566 1792 διπλοῦς
586 1742 764 1799 δρόμους
786 1743 957 1798 ἤλαυνεν
980 1747 1036 1795 εἷς
1058 1744 1153 1787 ὁδὸν
1174 1747 1286 1799 μίαν.

400 1810 494 1853 ἀλλ’
520 1809 576 1859 ὥς
592 1809 765 1863 ἑτοίμοις
785 1813 854 1852 καὶ
872 1813 1271 1868 προησφαλισμέναις

397 1884 487 1928 ταῖς
506 1885 711 1928 τακτικαῖς
732 1895 806 1921 σου
827 1880 1072 1935 προσβαλὼν
1091 1880 1307 1934 εὖτεχνίαις

398 1945 566 2003 ἄνευρον
589 1946 701 2006 αὐτῷ
722 1946 795 2002 τὴν
815 1946 951 2004 μάχην
972 1947 1182 2005 ἠπίστατο,

266 2096 336 2132 246
359 2095 470 2133 ἔνθεν
490 2097 670 2134 Pindarus.

176 2232 234 2264 tus
251 2233 304 2265 est
320 2241 364 2265 ne
380 2232 553 2268 contraria
569 2245 590 2268 a
606 2232 742 2267 consilio
758 2234 956 2278 evenirent,
979 2234 1070 2268 nulla
1085 2233 1205 2268 videns
1220 2244 1264 2267 ex
1277 2234 1380 2280 parte
1393 2232 1550 2277 patentes
1566 2231 1638 2265 exi-

174 2280 243 2311 tus.
279 2276 383 2320 (340)
407 2288 497 2312 nunc
511 2290 596 2312 vero
612 2280 656 2313 ob
671 2280 904 2313 necessitatem
918 2280 952 2313 in
969 2280 1123 2314 Ciliciam
1136 2279 1283 2323 ingredi,
1308 2283 1342 2313 et
1353 2289 1417 2324 per
1429 2278 1637 2311 inaccessam

176 2325 213 2356 et
235 2326 422 2356 coartatam
444 2323 593 2368 undique
616 2325 696 2358 altis
716 2326 975 2380 praeruptisque
993 2325 1136 2370 rupibus
1148 2325 1237 2359 viam
1252 2324 1438 2359 ascendere
1454 2322 1636 2376 contendit.

175 2377 294 2401 verum
320 2367 376 2401 hic
400 2368 501 2402 etiam
525 2370 596 2403 eius
620 2373 674 2403 est
696 2369 819 2404 iterum
842 2375 1015 2405 immutata
1038 2370 1217 2406 sententia.
1263 2370 1371 2414 (345)
1395 2368 1485 2414 quod
1501 2379 1587 2402 emm
1601 2379 1636 2400 m

175 2412 365 2446 Armeniam
379 2418 517 2458 pateret
531 2415 642 2448 aditus
653 2440 663 2457 ,
685 2414 825 2451 dolebat
834 2441 844 2458 ‚
867 2428 911 2450 ne
920 2417 1018 2450 sorte
1031 2416 1112 2450 inde
1123 2420 1302 2462 promptus
1319 2424 1514 2459 erumperes
1527 2418 1564 2447 et
1570 2417 1635 2466 ἧο-

174 2461 246 2491 tam
266 2457 337 2492 late
364 2460 583 2494 conturbares
607 2460 794 2495 Persidem.
839 2465 944 2506 atque
967 2462 1016 2496 ita
1031 2462 1104 2496 suis
1118 2466 1277 2496 aestuans
1291 2460 1470 2504 illegitimis
1487 2458 1635 2511 consiliis

176 2503 376 2537 sententiam
391 2504 511 2539 habuit
525 2515 692 2550 nunquam
707 2512 970 2551 permanentem.
1018 2508 1120 2552 (350)
1142 2507 1203 2541 sed
1218 2510 1256 2540 ut
1272 2505 1434 2540 rotundus
1449 2505 1536 2549 lapis
1550 2508 1632 2556 titu-

174 2547 296 2581 banter
311 2549 442 2593 positus
457 2550 604 2584 truditur
618 2551 750 2595 quidem
764 2551 798 2584 in
814 2552 999 2587 subiectam
1015 2553 1281 2597 profunditatem
1291 2578 1302 2595 ,
1324 2551 1426 2595 inque
1441 2553 1632 2594 oppos1tum

176 2592 306 2627 obicem
319 2593 459 2639 illapsus
472 2596 623 2640 proruit,
646 2596 696 2629 sic
710 2596 815 2630 multa
829 2597 958 2632 incerta
974 2598 1184 2632 consiliorum
1203 2608 1306 2642 saepe
1320 2596 1354 2629 in
1369 2597 1435 2630 hoc
1449 2606 1534 2628 saxo
1550 2605 1630 2626 ver-

176 2638 282 2671 sando
309 2640 478 2674 molimina
505 2642 610 2685 (355)
630 2641 781 2676 instabili
807 2643 928 2677 adacta
951 2643 1074 2677 mentis
1087 2643 1213 2688 impetu
1229 2641 1404 2676 sententiis
1421 2640 1632 2686 proruebant

179 2683 366 2717 contrariis.
413 2695 531 2719 verum
545 2686 602 2720 ille
616 2687 850 2732 premebatur,
883 2699 925 2722 ac
937 2693 1019 2735 post
1032 2693 1068 2722 te
1083 2694 1176 2722 retro
1191 2691 1231 2720 ut
1245 2698 1362 2721 canem
1375 2687 1521 2721 vinctum
1534 2690 1628 2717 cate-

176 2728 230 2761 nis
249 2728 433 2763 necessitas
459 2732 628 2766 trahebat.
673 2733 813 2767 multum
838 2738 950 2768 autem
982 2735 1110 2768 frustra
1134 2744 1174 2767 se
1199 2733 1396 2766 excrucians
1418 2736 1454 2766 et
1472 2731 1630 2764 laborans

175 2773 280 2817 (360)
304 2773 428 2818 duplici
441 2776 577 2809 tandem
593 2787 693 2810 cursu
706 2778 740 2811 in
755 2789 854 2812 unam
869 2783 999 2823 partem
1014 2778 1146 2823 irrupit.
1193 2789 1309 2812 verum
1324 2777 1382 2811 ubi
1396 2777 1431 2810 in
1446 2779 1581 2821 paratas
1593 2777 1630 2806 et

176 2819 407 2864 praemunitas
421 2831 467 2855 ex
481 2827 557 2856 arte
569 2821 707 2856 militari
721 2827 798 2859 tuas
810 2824 930 2860 incidit
943 2825 1070 2870 copias,
1089 2828 1126 2858 et
1138 2823 1300 2870 imparem
1314 2823 1380 2858 sibi
1394 2833 1470 2856 esse
1483 2829 1629 2866 pugnam
