1890 3224
310 165 405 210 122
695 198 698 202 .
920 166 1146 210 PETAVII

303 276 415 314 libris
437 275 555 327 longe
583 273 762 314 diversus
790 288 814 313 a
842 273 1091 328 Theophane
1121 276 1319 316 Diaconus
1351 284 1431 328 est3
1470 275 1514 316 id
1542 278 1649 332 quod
1675 281 1758 319 alio

302 333 391 370 loco
412 331 755 371 demonstrabitur.
1493 361 1496 364 .

414 387 510 425 ibid.
571 389 697 426 multa
734 395 826 427 sunt
862 386 938 427 hao
969 390 1010 426 in
1039 388 1300 442 topographia
1327 402 1535 441 perperam
1565 403 1588 428 a
1615 390 1756 431 Theo-

300 444 432 496 phane
465 443 673 496 descripta.
739 447 913 497 primum
940 446 1033 483 Atel
1066 448 1271 497 ingentem
1299 447 1465 484 fiuvium
1481 449 1634 486 asserit
1666 462 1756 486 cum

300 502 432 538 Tanai
461 502 620 539 misceri
653 508 771 554 atque
800 504 842 539 in
865 501 1105 540 Maeotidem
1131 502 1360 540 decurrere:
1391 502 1462 541 sed
1483 511 1600 541 antea
1622 517 1755 543 rursus

301 570 324 594 a
345 559 477 595 Tanai
499 556 705 596 diductum
723 557 944 610 Cophinem
962 559 1028 595 vel
1048 559 1178 596 facere
1202 560 1268 596 vel
1287 559 1469 610 excipere
1490 559 1603 610 (nam
1625 561 1757 598 ambi-

299 626 376 664 gue
400 613 616 666 loquitur),
652 622 771 667 atque
791 616 834 651 in
854 617 1065 653 Ponticum
1084 629 1299 653 exonerare
1321 629 1405 653 sese
1420 645 1430 664 ,
1468 615 1519 653 ad
1535 618 1757 668 Necropyla

298 676 339 706 et
373 673 504 723 Κριοῦ
533 667 763 724 πρόσωπον.
821 678 913 708 sunt
940 670 1041 709 haec
1079 674 1228 723 aegroti
1262 674 1406 710 veteris
1439 675 1604 711 somnia.
1662 673 1756 711 Atel

297 725 407 763 idem
427 733 486 764 est
510 740 601 764 cum
619 726 707 765 Rha
725 728 945 766 Sarmatiae
966 730 1162 766 Asiaticae
1182 730 1334 779 ingenti
1353 742 1447 766 sane
1469 729 1601 778 fluvio,
1634 740 1756 782 quem

296 782 404 819 Edel
432 783 480 820 ab
512 784 656 822 accolis
681 785 862 823 Tartaris
895 783 1096 837 hodieque
1126 787 1323 822 nominari
1349 782 1542 833 referunt,
1587 786 1636 823 ab
1665 786 1755 823 aliis

302 839 350 877 V
341 838 445 891 olga.
508 846 548 877 at
568 841 602 878 is
624 853 756 893 neque
783 854 876 878 cum
891 842 1023 879 Tanai
1046 843 1187 880 miscet
1204 841 1345 890 undas,
1373 855 1504 894 neque
1523 843 1565 879 in
1585 843 1757 880 Maeotia

300 893 393 932 dem
413 893 484 933 sed
504 897 547 933 iu
568 899 798 949 Hyrcanum
821 898 987 949 pelagus
1015 899 1220 937 evolvitur.
1278 897 1350 937 sed
1373 905 1412 936 et
1432 899 1581 936 falsmn
1597 899 1754 936 Tanain

299 952 349 989 ab
371 953 531 990 Ibericis
559 955 671 1006 Pylis
700 961 767 991 aut
786 955 960 993 Caucaso
985 955 1122 993 fluere.
1180 953 1289 1007 quod
1315 968 1408 993 vero
1437 962 1658 993 monstrum
1687 953 1755 992 hio

296 1016 500 1060 procreat,
541 1023 632 1047 cum
653 1010 701 1048 ab
722 1012 849 1049 Atelis
878 1018 918 1049 et
935 1012 1086 1049 Tanais
1115 1010 1280 1049 divortio
1302 1010 1448 1049 exinde
1469 1010 1690 1062 Cophinem
1709 1013 1756 1048 in

298 1068 434 1117 Κριοῦ
453 1061 670 1117 πρόσωπον
689 1065 872 1105 derivat?
930 1069 1045 1120 quasi
1065 1066 1154 1104 Rha
1173 1074 1281 1104 trans
1297 1068 1455 1104 Tanain
1478 1068 1634 1118 elapsus
1648 1096 1658 1116 ‚
1686 1068 1755 1104 in-

295 1122 474 1159 numeris
498 1125 714 1173 penetratis
731 1124 935 1172 amnibus,
979 1137 1025 1161 ac
1047 1124 1264 1161 Tauricam
1280 1121 1591 1172 Cherronesum,
1632 1136 1755 1175 quam

295 1177 376 1214 lata
396 1184 466 1224 est,
498 1190 681 1215 emensus
698 1178 742 1214 in
757 1180 969 1214 Ponticum
988 1178 1180 1215 decurrat.
1218 1178 1398 1216 inaudita
1414 1180 1534 1230 plane
1554 1186 1646 1217 sunt
1662 1181 1755 1217 istaa

294 1240 336 1270 at
359 1235 466 1270 enim
485 1232 727 1284 Theophani
747 1232 1007 1271 condonanda
1025 1246 1071 1271 eo
1087 1235 1214 1284 magis
1233 1232 1332 1271 haec
1348 1236 1564 1283 oscitantia,
1592 1234 1700 1287 quod
1713 1242 1754 1273 et

256 1287 261 1292 ’
293 1291 337 1326 in
355 1288 611 1327 historiarum
631 1290 886 1342 scriptoribus
907 1290 995 1328 aliis
1016 1291 1252 1342 plerumque
1279 1292 1346 1328 vel
1367 1290 1466 1329 fides
1483 1290 1558 1329 hac
1578 1293 1621 1328 in
1641 1298 1754 1342 parte

291 1347 359 1383 vel
377 1345 584 1396 diligentia
603 1345 819 1385 desiderari
839 1347 977 1385 soleat.
1016 1346 1088 1385 sed
1105 1360 1223 1384 nemo
1245 1348 1287 1384 in
1307 1347 1383 1385 hoc
1399 1355 1531 1386 tractu·
1545 1347 1753 1386 delinean-

293 1402 344 1440 do
363 1403 604 1441 luculentius
624 1410 726 1441 errat
747 1416 868 1455 quam
897 1405 967 1456 qui
987 1405 1304 1442 accuratissimus
1337 1411 1376 1441 et
1405 1403 1574 1442 habetur
1600 1417 1622 1442 a
1648 1417 1754 1442 non-

291 1460 415 1497 nullis
435 1466 473 1496 et
490 1458 630 1497 haberi
647 1461 773 1498 voluit
790 1462 1040 1498 Ammianus.
1098 1459 1166 1498 hic
1191 1461 1219 1497 l.
1248 1463 1303 1501 22
1333 1462 1389 1498 sic
1408 1462 1621 1499 Ponticam
1638 1461 1752 1498 illam

292 1517 499 1566 regionem
525 1518 749 1554 narratione
779 1530 851 1554 sua
872 1516 1068 1555 deformat
1086 1523 1131 1554 ut
1150 1517 1270 1554 aliam
1286 1529 1339 1554 ex
1359 1518 1438 1554 alia
1460 1524 1621 1568 repente
1642 1518 1753 1554 fece-

290 1574 356 1609 rit.
428 1573 610 1623 inprimis
639 1574 846 1609 Euxinum
876 1574 932 1611 ait
958 1571 1136 1624 Scythici
1170 1586 1283 1610 arcus
1312 1574 1355 1609 in
1382 1575 1556 1624 speciem
1581 1575 1754 1624 geminis

289 1628 477 1665 cornibus
501 1629 672 1676 inflecti,
704 1627 813 1680 quod
835 1642 976 1666 verum
1000 1635 1072 1666 est.
1130 1627 1236 1680 quod
1264 1635 1395 1666 autem
1424 1636 1602 1666 extrema
1633 1628 1752 1667 huius

290 1697 405 1721 arcus
429 1683 528 1722 duos
552 1697 637 1722 esse
657 1686 854 1736 Bosporos
874 1685 1032 1733 asserit,
1071 1685 1332 1721 Cimmerium
1350 1691 1388 1722 et
1405 1684 1645 1733 Thracium,
1675 1684 1753 1723 hoc

290 1753 386 1777 vero
412 1740 701 1792 perabsurdum
720 1747 793 1778 est.
851 1740 963 1778 addit
987 1739 1159 1778 eundem
1177 1742 1384 1778 Euxinum
1404 1741 1614 1779 Maeotidis
1633 1742 1752 1793 palu-

292 1796 409 1834 dibus
429 1796 479 1834 ad
502 1799 703 1835 Orientem
723 1796 867 1846 claudi,
889 1795 998 1850 quod
1017 1809 1143 1849 aeque
1162 1793 1444 1849 οἷνιστορησίαν
1464 1796 1636 1835 hominis
1655 1811 1751 1849 pro·—

295 1852 367 1891 dit.
427 1855 514 1905 quis
532 1853 632 1891 adeo
656 1853 922 1906 geographiae
941 1852 1072 1902 rudis,
1105 1855 1173 1906 qui
1196 1855 1238 1890 in
1263 1852 1447 1906 ScythIco
1473 1855 1543 1892 illo
1567 1867 1658 1892 arcu
1677 1867 1752 1892 ne·-

294 1911 393 1947 sciat
410 1911 524 1947 nervi
547 1911 673 1948 instar
691 1912 912 1948 Asiaticum
929 1923 1015 1948 esse
1035 1911 1130 1948 litus
1149 1923 1173 1948 a
1189 1912 1366 1961 Bosporo
1386 1909 1437 1947 ad
1455 1910 1624 1948 Colchos
1641 1909 1750 1948 Pha-

293 1968 437 2018 sinque
461 1966 655 2004 fiuvium?
686 1980 732 2003 ac
755 1980 859 2015 cum,
888 1973 933 2003 ut
952 1965 1062 2004 idem
1081 1967 1277 2018 loquitur,
1309 1965 1517 2018 Scythicus
1536 1979 1648 2005 arcus
1670 1968 1751 2004 cir-

294 2022 517 2060 cumductis
542 2024 727 2074 utrinque
745 2024 938 2060 introrsus
959 2022 1113 2073 pandis
1140 2029 1177 2059 et
1194 2022 1351 2073 patulis
1375 2023 1559 2060 cornibus
1583 2025 1751 2074 effigiem

294 2079 416 2115 lanae
434 2079 687 2116 decrescentis
706 2080 913 2125 ostendat,
951 2079 1197 2116 medietatem
1225 2086 1333 2116 reeta
1360 2086 1398 2116 et
1416 2079 1588 2117 rotunda
1606 2079 1750 2130 regula

294 2136 511 2182 dividente,
541 2138 718 2187 primum
740 2149 863 2174 cornu
887 2136 936 2173 ab
958 2148 1027 2173 ora
1046 2133 1243 2173 Thraciae
1260 2137 1303 2172 in
1322 2137 1454 2185 Κριοῦ
1471 2134 1654 2186 μέτωπον
1676 2135 1750 2173 ἀρε

293 2193 446 2241 sinere,
496 2192 590 2229 inde
617 2193 779 2242 regulae
805 2194 931 2230 instar
962 2198 1124 2229 extento
1157 2190 1392 2229 Cherronesi
1417 2192 1550 2229 littore
1580 2192 1750 2229 alterum

293 2262 416 2286 cornu
434 2249 681 2299 aliquantum
699 2261 817 2299 supra
828 2249 1086 2286 Cimmerium
1100 2249 1321 2298 Bosporum
1337 2245 1527 2297 inchoari,
1546 2247 1750 2286 indidem-

294 2318 373 2356 que
392 2305 529 2355 procul
550 2304 601 2341 ad
621 2303 788 2342 Colchos
808 2311 846 2342 et
871 2303 1020 2342 Phasin
1039 2316 1165 2355 usque
1183 2305 1346 2355 porrigi,
1377 2303 1618 2342 Maeotidem
1632 2317 1748 2356 porro

291 2363 453 2398 Euxino
469 2363 597 2399 Ponto
616 2374 775 2412 prorsus
793 2360 845 2398 ad
860 2362 1169 2411 septentrionem
1185 2359 1442 2398 incumbere?
1493 2374 1594 2413 quae
1615 2362 1750 2399 omnia

291 2425 501 2468 poetarum
518 2418 834 2468 elegantissimus
854 2418 1069 2468 Dionysius
1102 2414 1126 2457 o‘
1151 2414 1392 2470 περιηγητής
1417 2419 1546 2455 aureis
1569 2417 1748 2454 versibus

173 2483 202 2515 P
226 2482 271 2518 77
297 2476 452 2511 cecinit.
511 2475 665 2526 reliqua
698 2473 805 2526 apud
834 2472 1006 2511 eundem
1025 2474 1283 2511 Ammianum
1307 2487 1388 2510 non
1410 2475 1541 2511 minus
1566 2472 1746 2521 ridicula,

295 2531 406 2567 velut
423 2543 514 2567 cum
535 2543 559 2568 a
576 2532 758 2569 Carambi
775 2532 1042 2582 promontorio
1063 2532 1304 2567 maritimam
1322 2542 1432 2567 oram
1444 2559 1453 2576 ,
1492 2531 1602 2585 cuius
1623 2530 1748 2580 Halys

295 2587 458 2623 initium
476 2595 546 2635 est,
576 2589 688 2625 nervi
707 2589 881 2639 speciem
900 2585 1090 2624 exhibere
1111 2585 1206 2623 dicit
1227 2585 1379 2623 duabus
1400 2598 1513 2623 arcus
1536 2587 1747 2622 summita-

295 2643 402 2680 tibus
430 2644 636 2693 implicati.
695 2645 805 2696 atqui
834 2644 951 2694 longe
980 2649 1071 2681 ante
1090 2643 1299 2680 Carambin
1325 2643 1394 2679 ille
1421 2655 1565 2680 nervus
1591 2643 1745 2693 incipit,

282 2694 285 2709 ⁵
296 2711 428 2751 neque
451 2701 575 2751 Halys
595 2701 738 2740 fluvius
757 2702 795 2738 ei
813 2701 1081 2752 promontorio
1107 2698 1205 2737 adeo
1226 2700 1377 2737 vicinus
1399 2705 1470 2736 est.
1526 2698 1640 2735 mitto
1668 2698 1746 2735 alia

296 2768 495 2808 peraeque
513 2757 660 2795 absona
672 2786 682 2806 ‚
723 2771 825 2811 quae
843 2759 885 2795 in
910 2755 986 2794 hac
1005 2757 1124 2794 Ponti
1144 2763 1184 2793 et
1202 2757 1243 2793 in
1262 2757 1435 2807 Aegypti
1459 2752 1746 2805 chorographia

298 2820 338 2851 et
354 2814 395 2852 in
413 2814 499 2854 aliis
515 2814 639 2852 ferme
657 2815 840 2854 omnibus
857 2814 1100 2854 committere
1115 2813 1229 2853 solet.
1259 2819 1375 2866 atque
1395 2819 1439 2851 ut
1457 2824 1509 2849 ex
1527 2809 1746 2863 Theopha—
