1890 3224
250 207 314 253 50
607 181 966 238 NICEPHORUS
999 171 1312 224 CPOLITANU
1312 169 1343 213 S

250 326 333 371 τοῖς
349 318 513 372 ἐχθροῖς
531 304 738 365 παρρησία
755 298 914 344 ἐδέδοτο
936 294 1064 342 ἀδεῶς
1080 289 1154 340 τὰς
1165 282 1372 339 Ῥωμαίων
1389 276 1704 331 καταλήίζεσθαι

247 387 411 446 χώρας,
446 377 607 427 οὐδενὸς
637 371 794 421 τούτοις
817 363 1024 422 ἰσχύοντος
1047 353 1355 403 ἀντιτάττεσθαι
1363 381 1378 402 ,
1412 346 1483 390 καί
1501 360 1590 386 τινα
1610 337 1706 383 τού-

251 473 331 501 των
354 447 591 501 ἀποδασμὸν
612 446 667 493 εἷς
689 437 905 498 τριάκοντα
927 431 1079 488 ἄνδρας
1101 419 1401 483 περιιστάμενον
1425 414 1519 471 ι’ίχρι
1537 413 1706 467 Χρυσο-

253 522 410 570 πόλεως
452 517 682 562 κατελθεῖν,
725 499 1068 564 παραθαλάσσιον
1108 493 1258 550 χωρίον
1290 487 1452 540 ἅντικρυ
1484 477 1707 530 Βυζαντίου

255 592 357 648 πρὸς
384 586 498 643 ἣλιον
530 582 741 635 ἀνίσχοντα
772 571 1005 631 ἱδρυμένον,
1037 565 1106 608 καὶ
1127 560 1221 610 τοὺς
1238 558 1311 613 μὲν
1333 550 1477 597 αὐτόσε
1500 544 1742 602 οἶκήτοραςὸ

204 669 236 704 C
259 654 516 715 ἀποσφάξαι,
549 650 623 700 τὰς
642 648 685 690 δὲ
701 642 938 702 πορθμίδας
958 637 1160 691 ἐμπρῆσαι
1181 631 1291 677 ναῦς.

391 716 668 767 Ἰουστινιανὸς
700 714 744 756 δὲ
778 712 820 753 ἐν
848 706 987 764 μνήμῃ
1013 702 1112 758 ἔχων
1140 698 1230 753 περὶ
1258 697 1331 747 τῆς
1364 684 1573 745 γενομένης
1606 677 1716 734 αὐτῷ

260 796 362 854 πρὸς
373 792 602 847 Ἀψίμαρον
619 782 731 840 παρὰ
751 782 833 824 τῶν
852 778 894 819 ἐν
912 775 1100 830 Χερσῶνι
1121 766 1334 818 διαβολῆς,
1368 759 1467 805 ναῦς
1487 749 1587 794 πολὺ
1607 746 1719 789 πλεί-

263 880 362 913 στας
388 861 455 903 καὶ
484 851 706 912 διαφόρους
727 845 983 903 συναγείρας,
1013 833 1240 894 ἐμβιβάσας
1260 826 1360 884 παρ’
1385 824 1510 867 αὗτοῦ
1527 818 1643 874 ἄχρις
1665 814 1720 862 εἷς

265 929 406 975 ἑκατὸν
431 923 621 983 χιλιάδας
645 916 824 977 ἀριθμὸν
857 913 1036 967 ἀνδρῶν,
1073 901 1228 951 εῗὺότας
1250 898 1292 940 ἔκ
1315 913 1358 939 τε
1381 897 1461 936 τῶν
1483 898 1720 944 στρατιωτι-
1733 883 1777 918 10

264 1004 345 1044 κῶν
379 991 636 1049 καταλόγων,
671 987 728 1030 ἔτι
757 985 800 1027 δὲ
830 982 897 1024 καὶ
927 981 1002 1021 τοῦ
1033 971 1250 1031 γεωργικοῦ
1280 967 1348 1007 καὶ
1370 965 1449 1020 τῶν
1469 951 1725 1011 βαναυσικῶν

264 1070 414 1122 τεχνῶν
435 1067 515 1106 τῶν
536 1077 578 1102 τε
600 1059 642 1099 ἐκ
665 1059 738 1108 τῆς
759 1045 982 1106 συγκλήτου
1009 1043 1162 1096 βουλῆς
1189 1036 1255 1078 καὶ
1283 1035 1356 1074 τοῦ
1381 1032 1453 1082 τῆς
1477 1022 1631 1069 πόλεως
1651 1014 1727 1070 δή-

269 1153 363 1192 μου,
397 1131 605 1187 Στὲφανον
628 1123 673 1167 δέ
689 1137 780 1164 τινα
796 1115 1005 1172 πατρίκιον
1025 1110 1072 1152 τὸ
1095 1107 1254 1157 ἐπίκλην
1264 1099 1488 1151 ’Άσμηκτον
1507 1094 1578 1132 τοῦ
1594 1082 1728 1129 τοιοῦ-

270 1220 342 1248 του
370 1198 515 1243 στόλου
542 1188 717 1249 ἡγεμόνα
743 1179 1045 1242 προβαλόμενος
1075 1174 1294 1225 ἐξέπεμψε,
1328 1159 1557 1220 προστάξας
1579 1151 1733 1200 πάντας

273 1271 370 1320 τοὺς
397 1269 438 1309 ἐν
465 1265 654 1320 Χερσῶνι
684 1256 752 1298 καὶ
780 1248 983 1305 Βοσπόρῳ
1015 1245 1082 1288 καὶ
1113 1241 1208 1289 τοὺς
1235 1238 1315 1279 τῶν
1347 1232 1481 1274 ἄλλων
1511 1223 1729 1281 ἀρχοντιῶν
1742 1220 1785 1257 15

222 1346 254 1381 D
279 1338 402 1387 λαοὺς
429 1335 583 1390 ξίφεσιν
613 1321 879 1380 ἀνηλωκέναι,
909 1315 1057 1358 Ἠλίαν
1086 1310 1130 1352 δὲ
1152 1310 1232 1350 τῶν
1256 1302 1380 1346 αὐτοῦ
1404 1291 1644 1353 δορυφόρων
1661 1287 1735 1330 σῦν

281 1407 391 1463 αὐτῷ
416 1399 585 1444 ἀπιόντα
605 1394 781 1452 ἄρχοντα
800 1388 1019 1443 Χερσῶνος
1035 1377 1351 1436 ἐγκαταστῆσαι,
1387 1366 1443 1409 ἔτι
1465 1364 1510 1407 δὲ
1532 1361 1599 1403 καὶ
1619 1359 1737 1412 Βαρ-

281 1473 406 1527 δάνην
429 1467 634 1526 Ἀρμένιον
663 1464 721 1518 τῷ
740 1458 839 1515 γένει
860 1452 1063 1509 ἐξόριστον
1081 1447 1202 1489 ἐκεῖσε
1223 1440 1466 1484 καταλιπεῖν.
1532 1427 1740 1483 Στέφανος

285 1544 329 1587 δὲ
361 1540 428 1583 διὰ
457 1540 530 1590 τῆς
557 1532 762 1582 Ποντικῆς
801 1519 1018 1573 θαλάσσης
1052 1515 1154 1572 πρὸς
1181 1509 1233 1553 τὰ
1263 1510 1384 1550 ἐκεῖσε
1413 1495 1656 1556 περαιωθεὶς
1687 1490 1741 1533 τὰ

285 1602 609 1667 προστεταγμένα
643 1594 840 1650 ἐπλήρου,
880 1581 1070 1643 μειράκιά
1100 1596 1190 1623 τινα
1217 1577 1332 1630 ὀλίγα
1358 1575 1416 1627 τῷ
1443 1563 1601 1610 συνόντι
1629 1559 1796 1616 αῦτῷῖθ

288 1681 374 1734 λαῷ
393 1673 447 1724 ὥς
468 1674 592 1725 δῆθεν
613 1661 851 1718 αῗχμάλωτα
872 1649 1145 1712 περιποιήσας.
1211 1644 1281 1687 τὸν
1299 1639 1458 1682 Δοῦνον
1479 1633 1524 1675 δὲ
1542 1630 1612 1673 τὸν
1629 1629 1743 1682 Χερ-

289 1750 418 1793 σῶνος
450 1739 625 1796 ἄρχοντα
656 1733 723 1774 καὶ
754 1730 915 1770 Ζωΐλον
945 1715 1247 1778 πρωτοπολίτην
1267 1705 1475 1764 λεγόμενον
1498 1700 1565 1742 καὶ
1587 1695 1746 1752 ἐτέρους

294 1814 448 1869 ἄνδρας
475 1798 775 1859 τεσσαράκοντα
806 1797 886 1838 τῶν
918 1784 1223 1847 ἓμφανεστέρων
1253 1772 1462 1830 δεσμώτας
1492 1767 1567 1811 σὺν
1593 1761 1748 1821 γυναιξὶ

389 1930 412 1963 2
431 1924 517 1967 καί]
541 1915 634 1954 ὥστε
650 1915 738 1951 καίῒ
829 1912 874 1947 10
895 1902 1115 1952 staminas?
1206 1897 1251 1934 13
1262 1889 1452 1937 Ἀσμικτον
1470 1886 1500 1920 Ρ
1593 1881 1638 1918 14
1657 1888 1750 1923 προ-

391 1967 615 2020 βαλλόμενος
635 1964 665 1998 P

303 2169 426 2215 globus
449 2155 686 2205 chrysopolin
707 2161 818 2195 usque
840 2145 959 2191 (quod
979 2140 1142 2188 oppidum
1163 2146 1207 2169 ex
1227 2132 1375 2167 adverso
1392 2121 1559 2169 Byzantii
1575 2121 1620 2154 ad
1638 2117 1755 2152 orien-

303 2222 375 2250 tem
397 2210 503 2246 solem
526 2206 571 2238 ad
593 2211 686 2236 mare
710 2197 814 2232 situm
836 2192 916 2235 est)
941 2188 1184 2236 perrumpunt,
1211 2183 1248 2213 et
1270 2171 1455 2220 oppidanis
1474 2167 1631 2204 omnibus
1654 2164 1757 2207 iugu-

305 2260 389 2295 latis
411 2250 562 2295 navigiis
586 2248 699 2291 ignem
721 2239 895 2275 iniiciunt.

159 2326 193 2350 a,
218 2314 284 2351 709
394 2297 608 2336 Iustinianus
631 2287 771 2324 interim
794 2279 979 2318 delationis
1000 2274 1103 2311 istius
1126 2280 1274 2313 memor,
1300 2276 1371 2311 qua
1388 2261 1481 2308 apud
1501 2257 1714 2305 Apsimarum
1739 2263 1762 2286 a

309 2343 531 2387 Chersonitis
552 2341 591 2374 in
613 2332 799 2384 periculum
829 2328 997 2363 adductus
1022 2322 1156 2361 fuerat,
1193 2316 1336 2350 classem
1365 2309 1544 2344 multarum
1566 2314 1608 2337 ac
1629 2297 1762 2334 diversi

312 2393 450 2442 generis
471 2386 610 2424 navium
638 2377 810 2419 instituit,
841 2373 879 2407 in
902 2381 1002 2416 quam
1023 2370 1160 2402 centum
1181 2363 1258 2396 fere
1280 2356 1376 2393 milia
1397 2352 1568 2388 hominum
1587 2343 1764 2391 imposuit,

312 2440 440 2488 partim
465 2446 509 2470 ex
535 2427 738 2467 militaribus
770 2419 967 2459 ordinibus,
1000 2411 1127 2459 partim
1157 2420 1200 2443 ex
1230 2403 1364 2440 rustica
1396 2399 1497 2445 plebe
1518 2399 1581 2429 aut
1602 2391 1764 2437 opificum

314 2488 437 2527 turba,
478 2478 605 2526 partim
644 2471 793 2514 denique
833 2476 877 2499 ex
911 2458 1088 2497 senatorio
1119 2454 1242 2489 ordine
1272 2446 1485 2492 reliquisque
1515 2439 1664 2475 civibus.
1711 2433 1766 2468 his

316 2530 473 2568 omnibus
496 2523 711 2569 Stephanum
735 2506 1167 2561 patriciumcognomento
1189 2496 1378 2532 Asmictum
1400 2492 1521 2525 ducem
1550 2479 1766 2530 praeposuit,

318 2587 395 2612 cum
411 2569 581 2608 mandatis
601 2572 640 2601 ut
657 2564 857 2598 chersonae
879 2567 920 2590 ac
941 2549 1091 2596 Bospori
1112 2546 1371 2585 vicinarumque
1389 2535 1684 2582 praefecturarum
1701 2536 1766 2571 po-

317 2621 418 2670 pulos
439 2627 555 2652 omnes
579 2609 704 2658 gladiis
725 2605 928 2643 conficeret,
962 2597 1076 2632 Eliam
1100 2604 1185 2628 vero
1212 2600 1256 2624 ex
1277 2579 1532 2621 Praetorianis,
1564 2574 1625 2620 qui
1646 2573 1685 2607 in
1707 2582 1768 2604 co-

320 2668 445 2704 mitatu
474 2665 567 2703 erat,
600 2658 801 2691 Chersonae
828 2647 1056 2694 praeficeret,
1079 2639 1277 2679 ibidemque
1295 2630 1490 2666 Bardanem
1513 2621 1682 2668 quendam
1702 2617 1768 2654 Ar-

320 2721 456 2749 menum
489 2704 640 2742 exsulem
672 2698 896 2742 relinqueret.
942 2690 996 2724 his
1025 2683 1178 2731 acceptis
1207 2678 1404 2723 Stephanus
1434 2669 1581 2706 Pontico
1615 2661 1702 2699 mari
1731 2660 1769 2695 in

321 2759 415 2794 illam
438 2754 615 2799 regionem
642 2748 800 2782 invectus
832 2740 928 2774 iussa
957 2729 1177 2788 imperatoris
1208 2722 1429 2767 exsequitur:
1463 2723 1594 2762 paucos
1625 2710 1771 2744 iuvenes

322 2802 536 2850 captivorum
568 2797 643 2830 loco
672 2792 711 2826 in
740 2787 866 2824 milites
892 2793 974 2818 suos
991 2777 1130 2813 dwidit.
1176 2773 1313 2806 Dunum
1336 2766 1536 2801 Cher-sonae
1558 2756 1771 2804 praefectum

325 2855 362 2886 et
383 2846 517 2883 Zoilum
545 2839 699 2877 civitatis
724 2832 915 2883 prIncipem
937 2827 1094 2871 aliosque
1115 2819 1263 2866 triginta
1290 2813 1433 2850 circiter
1455 2820 1499 2844 ex
1525 2798 1770 2840 illustrioribus

1092 3020 1100 3038 V
