1890 3224
496 170 568 214 AD
601 169 971 215 NICEPHORUM
1006 169 1208 212 NOTAE.
1487 166 1585 213 117

131 278 204 316 lim
235 278 426 316 translata
458 290 545 316 esse
573 274 621 319 τὰ
651 274 825 332 gosowini
850 271 969 326 ξύλα,
1000 275 1143 314 Indict.
1164 278 1204 318 2.
1262 274 1585 329 prochronismus

133 341 192 373 est
213 347 407 372 annorum
425 334 507 373 fere
531 335 571 383 6,
602 332 800 386 siquidem
820 346 857 371 a.
878 332 1071 371 duntaxat
1091 333 1264 371 Heraclii
1284 332 1351 381 24,
1380 339 1425 370 ut
1448 338 1584 370 auctor

132 398 193 429 est
209 389 481 443 Theophanes
501 404 546 432 ac
565 390 778 439 Cedrenus,
803 397 1067 442 transportata
1088 390 1137 428 ab
1156 391 1393 441 imperatore
1415 389 1584 427 sanctis-

131 449 234 486 sima
255 461 300 485 ac
319 447 475 486 vivifica
502 461 602 486 cmx
620 454 700 496 est,
742 447 914 499 Syriacis
942 447 1059 490 rebus
1088 447 1208 499 plane
1237 445 1467 497 desperatis.
1525 451 1584 483 est

131 502 197 542 hic
228 517 263 542 a.
293 505 336 544 C.
357 504 461 554 634,
489 503 632 542 Indict.
656 506 698 545 7.
754 503 815 542 bis
846 504 969 556 igitur
996 504 1155 556 Cpolim
1180 501 1344 541 advecta
1375 515 1474 540 crux
1504 508 1578 540 est.
1601 503 1630 537 P
1654 503 1702 538 72

132 562 307 612 primum
327 574 363 599 a.
386 561 558 598 Heraclii
581 561 646 609 19,
675 560 796 598 simul
813 566 931 612 atque
957 574 978 596 e
1004 559 1167 598 Perside
1189 566 1343 611 recepta
1364 565 1438 597 est.
1478 556 1586 596 unde

133 617 183 654 ab
204 618 387 656 Heraclio
411 618 622 665 translata,
664 617 713 654 ab
747 615 887 654 eodem
915 615 1044 654 denno
1070 623 1159 668 post
1181 629 1305 654 annos
1325 617 1350 655 6
1373 614 1424 652 ad
1446 615 1588 652 urbem

133 675 311 712 remissa.
370 681 409 711 at
426 672 671 726 Nicephorus
695 680 906 725 utramque
932 674 1232 711 translationem
1255 673 1478 724 promiscue
1506 669 1585 708 ha-

131 730 231 767 buit.
311 730 541 782 Sigebertus
573 744 611 768 a.
644 730 726 771 635
761 730 974 770 Saracenis
1007 731 1061 767 ait
1096 729 1258 780 ‚Syriam
1284 727 1584 778 infestantibus,

131 786 349 824 Heraclius
377 801 532 825 crucem
556 793 741 824 sanctam
762 786 914 824 domini
932 784 985 823 ab
999 785 1258 823 Hierusalem
1279 783 1435 835 Cpolim
1452 790 1585 822 trans-

132 843 236 880 tulit.
297 857 378 882 uno
397 857 502 883 anno
517 844 608 897 plus
630 841 739 880 dicit.
797 842 869 881 sed
889 856 1024 880 revera
1046 855 1172 879 annus
1192 842 1270 879 fuit
1288 839 1384 882 634.

244 913 286 951 p.
303 902 358 941 26
380 913 419 938 v.
439 900 480 940 9.
538 896 590 941 οὗ
609 897 737 948 πολὺς
758 897 801 939 δὲ
820 894 984 951 χρόνος]
1014 899 1186 936 Heraclii
1209 900 1263 938 22
1278 926 1288 945 ,
1319 895 1468 935 Christi
1487 897 1584 944 631,

132 955 284 994 Arabes
303 969 327 993 a
349 957 538 994 Romanis
559 955 746 994 deficiunt
762 956 811 993 ob
834 968 972 1005 rogam
991 957 1075 993 sive
1092 954 1324 993 donativum
1341 953 1390 990 ab
1410 954 1586 1004 impera-

132 1014 230 1051 toris
258 1010 438 1049 eunucho
467 1025 559 1050 cum
586 1013 826 1049 contumelia
858 1011 1110 1062 denegatum.
1179 1008 1366 1062 Theoph.
1389 1010 1522 1060 sigeb.
1548 1022 1587 1045 a.

132 1071 231 1111 633.
260 1066 403 1113 ‚eodem
425 1081 461 1106 a.
481 1069 648 1106 moritur
670 1066 914 1105 execrandus
936 1069 1006 1105 ille
1024 1066 1293 1105 Machometes
1311 1065 1374 1103 die
1395 1067 1500 1104 Iunii
1520 1066 1589 1105 17.

133 1125 322 1163 successit
340 1123 598 1172 Abubecher,
637 1125 707 1175 qui
728 1137 763 1161 a.
783 1125 957 1162 Heraclii
974 1126 1051 1172 23,
1081 1122 1223 1162 Indict.
1244 1123 1292 1171 5,
1320 1122 1588 1160 Palaestinam

133 1181 316 1218 vastavit.
374 1193 410 1217 a.
427 1192 520 1218 vero
538 1181 713 1216 Heraclii
729 1178 783 1218 24
801 1181 978 1225 moritur,
1002 1178 1092 1215 lnd.
1110 1181 1150 1224 7,
1178 1190 1269 1214 cum
1288 1185 1504 1227 regnasset,
1534 1178 1591 1214 ait

134 1234 419 1288 Theophanes,
450 1248 485 1273 a.
503 1237 543 1276 2.
588 1233 801 1275 ,cedrenus
819 1232 929 1271 addit
943 1246 1103 1272 menses
1119 1235 1161 1275 6.
1217 1232 1393 1272 succedit
1408 1235 1589 1281 Omarus,

135 1307 159 1331 a
177 1306 256 1346 quo
274 1294 414 1331 Bostra
435 1293 618 1343 aliaeque
640 1290 756 1328 urbes
777 1296 1041 1341 expugnatae.

248 1348 302 1387 ih.
336 1362 376 1387 v.
403 1350 469 1389 10.
528 1343 657 1395 εὕθῦς
672 1342 923 1399 Ἡράκλειος]
953 1345 1096 1384 eodem
1116 1345 1290 1383 Heraclii
1315 1357 1352 1382 a.
1372 1341 1429 1387 34
1449 1342 1591 1382 Theo-

135 1405 256 1444 dorus
277 1405 453 1443 Heraclii
473 1405 594 1443 frater
618 1404 667 1441 ab
687 1405 830 1441 Omaro
849 1404 1032 1452 vincitur,
1061 1400 1154 1439 inde
1174 1403 1364 1439 Emesam
1388 1398 1440 1438 ad
1459 1402 1591 1452 impe-

132 1470 309 1501 ratorem
336 1463 452 1513 sugit.
510 1461 575 1503 cui
595 1473 797 1498 successor
822 1458 936 1497 datus
957 1466 1016 1497 est
1032 1460 1188 1497 Baanes
1213 1465 1252 1496 et
1270 1456 1507 1496 Theodorus
1526 1470 1592 1495 sa-

137 1520 321 1557 cellarius
333 1549 344 1567 ,
376 1532 400 1556 a
415 1531 493 1570 quo
514 1517 664 1555 Arabes
682 1515 834 1554 Edessa
849 1517 1091 1554 Damascum
1112 1528 1239 1567 usque
1256 1515 1398 1565 fugati.
1451 1512 1595 1553 Theo-

136 1575 291 1628 phanes
309 1583 349 1613 et
367 1573 582 1612 cedrenus.

251 1645 292 1683 p.
304 1634 357 1673 27
378 1645 416 1669 v.
426 1630 466 1672 5.
491 1630 534 1671 ἐκ
549 1624 695 1670 τούτου
710 1623 965 1681 παρήγγειλε]
977 1626 1152 1664 Heraclii
1171 1624 1240 1674 25,
1258 1623 1404 1664 iisdem
1420 1625 1593 1663 auctori-

133 1689 212 1727 bus
225 1717 234 1735 ‚
264 1690 419 1725 Baanes
438 1700 484 1725 ac
501 1684 740 1724 Theodorus
759 1686 934 1722 Heraclii
958 1682 1078 1721 duces
1100 1697 1122 1720 a
1139 1683 1347 1721 Saracenis
1368 1683 1594 1730 vincuntur,

133 1748 194 1788 ‚23
212 1744 325 1792 Iulii,
353 1744 453 1781 feria
473 1745 512 1790 3,
545 1740 838 1793 inTheophane
861 1746 1009 1778 nostro.
1055 1738 1128 1777 sed
1145 1739 1315 1790 Augusti
1334 1750 1406 1789 pro
1424 1738 1518 1775 Iulii
1540 1751 1596 1775 ex

135 1800 320 1839 Miscella
348 1797 657 1838 rescribendum.
715 1796 856 1835 accidit
883 1795 958 1834 hoc
988 1809 1026 1833 a.
1054 1796 1099 1833 C.
1128 1794 1232 1844 634,
1270 1795 1382 1846 cyclo
1408 1794 1503 1832 solis
1522 1797 1592 1842 27,

136 1858 198 1896 lit.
222 1856 329 1895 dom.
353 1858 400 1894 B.
458 1854 530 1894 sed
551 1853 732 1893 nondum
751 1854 925 1891 Heraclii
945 1865 981 1890 a.
999 1853 1142 1889 inierat
1162 1850 1215 1892 25
1228 1879 1240 1901 ,
1284 1863 1376 1890 cum
1394 1849 1523 1888 adhuc
1542 1848 1598 1891 24

138 1913 364 1952 decurreret
386 1925 478 1951 cum
498 1910 640 1950 Indict.
655 1913 696 1952 7.

249 1969 305 2007 ib.
340 1983 379 2007 v.
414 1972 478 2011 17.
535 1970 618 2007 τῶν
645 1963 756 2006 Οὕνν
808 1960 1071 2015 ουνδοῦρων]
1099 1961 1381 1999 Constantinus
1409 1959 1594 2012 Porphy-

136 2039 275 2076 rogen.
306 2026 336 2063 l.
364 2027 393 2067 2
423 2024 473 2063 de
503 2022 693 2063 Themat.
735 2014 1144 2074 Ονννογουνδοῦρους
1180 2019 1235 2056 ait
1271 2023 1433 2056 vocatos
1469 2018 1594 2056 fuisse

135 2084 343 2122 Buloaros.

214 2111 239 2134 ο
251 2153 291 2191 p.
310 2140 364 2180 28
382 2150 420 2177 V.
442 2138 484 2177 2.
538 2130 731 2186 Ἰωάννην
746 2130 813 2174 τὸν
831 2131 1074 2185 Βαρκαίνης]
1096 2127 1368 2181 Theophanes
1388 2142 1433 2167 ac
1445 2127 1596 2167 Cedre-

130 2208 216 2233 nus
235 2207 277 2232 a.
290 2196 343 2234 27
364 2194 532 2231 missum
555 2198 718 2230 narrant
742 2190 790 2227 ab
818 2190 1056 2240 imperatore
1074 2190 1264 2226 Ioannem
1284 2185 1430 2223 ducem
1446 2198 1596 2236 cogno-

140 2257 276 2290 mento
308 2251 493 2286 Kartzam
523 2246 821 2300 (Theophanes
852 2244 1076 2295 Καταίας),
1115 2245 1312 2282 Osroenae
1335 2243 1594 2294 praefectum,

141 2309 213 2361 qui
240 2304 535 2345 chalcedonem
557 2304 662 2357 (leg.
682 2301 914 2342 Chalcidem
935 2315 988 2340 ex
1005 2299 1211 2350 Miscella)
1235 2298 1287 2336 ad
1304 2297 1445 2336 Iadum
1462 2300 1596 2337 Omari

135 2365 287 2402 ,ducem
310 2361 512 2415 profectus
540 2367 699 2398 centum
722 2361 834 2396 milia
860 2371 1074 2397 numorum
1100 2357 1300 2408 pollicitus
1323 2362 1402 2404 est,
1440 2368 1491 2393 ne
1509 2357 1596 2401 Eu-

132 2420 326 2473 ,phi-atem
343 2419 542 2456 transiret.
599 2415 709 2468 quod
729 2417 822 2467 quia
841 2416 966 2454 inscio
984 2416 1221 2466 imperatore
1241 2412 1409 2460 fecerat,
1439 2412 1596 2460 relega-

143 2485 208 2516 tus
227 2483 300 2526 est,
331 2477 447 2527 eique
466 2485 668 2512 successor
688 2471 803 2510 datus
825 2478 883 2510 est
899 2472 1166 2509 Ptolemaeus.
1215 2467 1286 2506 sed
1307 2469 1432 2506 alium
1450 2468 1498 2505 ab
1517 2466 1594 2505 hoc

133 2536 294 2572 *Ioanne
315 2538 470 2583 oportet
491 2531 608 2568 illum
626 2542 711 2567 esse
731 2527 779 2565 de
801 2541 879 2580 quo
896 2526 1140 2580 Nicephorus
1164 2523 1240 2562 hoc
1258 2525 1360 2562 loco.

258 2588 313 2626 ib.
347 2601 386 2625 v.
415 2590 483 2630 22.
540 2589 613 2638 τῆς
637 2583 796 2638 Ἱερίας]
838 2583 930 2621 vide
964 2597 1063 2622 num
1102 2595 1148 2620 eo
1175 2582 1370 2632 pertineat
1397 2578 1593 2618 distichon

145 2643 249 2684 illud
272 2657 325 2683 ex
343 2643 465 2683 Anth.
490 2645 519 2682 l.
535 2644 563 2684 4
583 2656 617 2680 c.
638 2645 663 2684 3
683 2641 739 2689 εἰς
758 2640 913 2681 εἴσοδον
934 2639 1102 2694 ἷερείαςε

363 2702 507 2744 τοῦτον
524 2694 796 2745 Ἰουστινιανός
816 2692 989 2750 ἆγάκλεα
1008 2697 1168 2747 δείματα
1182 2694 1324 2747 χῶρον,

448 2752 568 2798 ὕδατι
584 2754 654 2797 καὶ
669 2754 763 2809 γαίῃ
781 2749 924 2802 κάλλος
941 2745 1217 2805 ἐπικρεμάσας.

149 2827 281 2868 neque
303 2814 410 2853 enim
430 2811 482 2853 ad
504 2812 647 2852 aedem
660 2814 711 2852 B.
728 2811 902 2862 Virginis
922 2810 1120 2863 pertinere
1143 2805 1320 2856 videtur,
1349 2810 1393 2844 ut
1411 2804 1602 2854 interpres
