1890 3224
412 170 488 212 DE
522 170 704 216 REBUS
731 171 879 216 POST
907 173 1229 218 MAURIGIUM
1257 173 1465 221 GESTIS.
1600 175 1663 219 23

210 279 379 341 Σειρόην
400 288 557 337 καλῶν,
595 286 664 328 καὶ
695 284 752 336 ὥς
779 285 853 328 οὗκ
874 281 925 341 ἦν
947 285 1059 345 αὐτῷ
1075 287 1171 330 ποτὲ
1191 287 1294 330 κατὰ
1314 285 1475 343 γνώμην
1493 286 1665 341 βασιλέα

209 355 281 405 τῆς
298 350 444 395 ἑαυτοῦ
466 351 585 408 δόξης
605 354 915 396 ἐκπεπτωκέναι·
951 356 1014 398 διὸ
1037 356 1132 398 οὐδὲ
1151 354 1359 413 Χοσρόην.
1429 355 1514 398 ἀλλ’
1540 358 1575 405 εἰ
1595 358 1663 398 καὶ

209 423 376 464 πλεῖστα
403 422 472 462 καὶ
498 419 669 464 κάκιστα
697 419 911 476 Ῥωμαίοις
938 426 1006 466 καὶ
1028 426 1212 481 Πέρσαις
1236 425 1455 476 ἐπέδειξεν,
1487 422 1663 467 ἔσπευσα

211 487 282 540 ι’ίν,
328 486 476 547 ἔφασκε
488 521 503 541 ,
544 490 844 547 περισωθέντα,
887 494 923 534 εἴ
951 493 1018 535 καὶ
1047 492 1099 535 τὰ
1124 492 1303 546 μάλιστα
1338 493 1665 550 ε’πικρατεότερος

175 554 410 612 ὄὲγενόμην,
446 559 503 608 εἲς
516 556 589 612 τὴν
611 557 734 601 αὐτοῦ
757 558 1038 603 ἀποκαθιστᾶν
1053 563 1274 615 βασιλείαν.
1308 561 1408 611 θεὸς
1424 560 1496 615 τὴν
1513 562 1662 603 ἐκείνου

207 623 404 682 πρόθεσιν
430 625 610 681 ἐγνωκὼς
640 631 842 682 μετῆλθεν
872 628 983 687 αὐτῷ
1012 629 1131 680 ἀξίαν
1158 629 1232 684 τὴν
1257 630 1391 685 δίκην,
1426 628 1482 679 ὥς
1500 629 1560 684 μὴ
1581 633 1664 672 τῶν

207 696 366 735 πολλῶν
393 695 584 750 γενέσθαι
614 694 846 748 κατάλυσιν,
880 695 976 751 ἡμῖν
995 702 1066 740 νῦν
1087 698 1160 753 τὴν
1183 699 1322 741 ἕνωσιν
1341 696 1663 753 παρασχόμενος.

208 763 302 818 περί
325 778 367 804 τε
394 767 475 805 τῶν
503 764 706 820 ζῳοποιῶν
734 763 862 814 ξύλων
884 760 939 808 ὧν
958 763 1037 808 εἷλε
1058 766 1278 823 Σάρβαρος
1298 768 1339 817 ἐξ
1356 764 1658 823 Ἱεροσολύμων,
1678 774 1714 809 G

208 833 388 886 λιπαρῶς
418 831 591 874 ἐπέκειτο
620 833 834 888 ἐπιζητῶν·
882 832 903 875 ὅ
925 835 969 875 δὲ
998 833 1190 889 ὑπέσχετο
1221 835 1363 877 δώσειν
1370 866 1389 886 ,
1421 834 1527 890 εἴπερ
1551 834 1663 892 αἰετῷ

155 897 434 955 1οκατάφωρα
460 899 624 955 γένοιτο.
699 902 792 957 περί
819 919 862 944 τε
890 906 971 944 τῶν
999 908 1256 958 πρεσβευτῶν
1284 902 1355 952 οὕς
1383 905 1533 951 >castog-
1560 902 1665 958 πρὸς

205 965 400 1022 Χοσρόην
419 965 598 1023 ἀπήγαγε
621 966 742 1026 δόλῳ,
764 967 819 1018 ῶς
828 968 1028 1020 Λεόντιος
1046 971 1120 1024 μὲν
1137 975 1259 1028 κοινιιῦ
1276 969 1446 1027 θανάτῳ
1463 968 1664 1022 ἐτελεύτα,

203 1033 299 1084 τοὺς
322 1035 366 1076 δὲ
383 1034 531 1085 ἄλλους
545 1035 740 1092 Χοσρόης
760 1035 893 1087 ξύλοις
910 1037 1092 1091 ἔκτεινεν,
1122 1038 1374 1092 αἰσθόμενος·
1386 1038 1510 1080 αὐτὸν
1525 1036 1662 1096 Ἠρά-

203 1105 334 1145 κλειον
357 1104 412 1153 εἷς
426 1103 500 1158 τὴν
516 1104 724 1161 Περσικὴν
741 1104 995 1159 εἷσβαλόντα.
1124 1094 1141 1113 ’

338 1171 484 1222 Εὐθὺς
502 1166 573 1214 οὖν
594 1171 763 1228 Σειρόης
779 1173 979 1225 ἐτελεύτα,
1008 1181 1152 1231 κρατεῖ
1165 1174 1210 1216 δὲ
1226 1178 1299 1229 τῆς
1315 1173 1526 1227 βασιλείας
1542 1174 1661 1230 Περ-

150 1245 193 1282 15
205 1242 287 1281 σῶν
314 1238 486 1294 Καβόης
498 1271 518 1290 ,
547 1238 657 1290 ὅστις
681 1241 773 1294 μετ’
806 1241 854 1284 οὗ
882 1241 986 1284 πολὺ
1015 1243 1195 1296 τέθνηκε.
1262 1241 1366 1296 μεθ’
1390 1240 1436 1283 ὃν
1454 1239 1661 1294 βασιλεύει

203 1309 378 1363 Περσῶν
394 1306 630 1363 Ὁρμίσδας,
650 1306 695 1359 ὃς
710 1310 778 1350 καὶ
798 1309 920 1359 αὐτὸς
940 1307 1269 1366 διαπρεσβεύεται
1291 1308 1393 1367 πρὸς
1405 1307 1663 1365 “Ηράκλειον,

203 1373 274 1417 τόν
294 1393 336 1418 τε
356 1375 458 1418 ἴδιον
475 1375 564 1418 υἱὸν
581 1377 655 1419 σὺν
665 1375 852 1434 χρήμασι
870 1379 937 1420 καὶ
958 1376 1104 1434 δώροις
1116 1376 1400 1432 πολυτιμήτοις
1416 1377 1519 1433 πρὸς
1537 1377 1660 1420 αὐτὸν
1678 1387 1713 1422 1)

205 1443 445 1487 ἀπέστειλεν.
514 1442 702 1499 ἐσήμαινε
722 1446 767 1487 δὲ
788 1446 858 1487 διὰ
878 1444 1127 1503 γραμμάτων
1145 1445 1242 1489 τάδε
1267 1443 1345 1488 ιἬν
1363 1444 1512 1502 τρόπον
1531 1446 1662 1502 λέγετε

204 1511 275 1554 τὸν
297 1512 398 1554 θεὸν
428 1510 543 1567 ὖμῶν
574 1515 750 1567 δοθῆναι
777 1519 932 1571 γηραιῷ
959 1516 1035 1557 τινὶ
1065 1513 1274 1572 ἀνθρώπῳ
1302 1514 1471 1567 Συμεὼν
1500 1515 1557 1563 εἷς
1587 1514 1664 1564 τὰς

149 1579 410 1636 Ξθᾶγκάλας,
443 1579 571 1631 οὕτως
598 1583 666 1623 καὶ
693 1581 763 1624 τὸν
783 1582 928 1626 δοῦλόν
952 1599 1025 1626 σου
1048 1583 1118 1625 τὸν
1137 1581 1226 1625 υἱόν
1246 1599 1326 1636 μου
1346 1583 1492 1635 δίδωμι
1516 1583 1572 1631 εἷς
1588 1582 1663 1632 τὰς

199 1647 339 1707 χεῖράς
369 1666 459 1693 σου.
527 1651 638 1705 γνοίη
666 1650 712 1694 δὲ
738 1649 838 1701 θεὸς
864 1649 911 1693 ὃν
937 1655 1092 1706 σεμνῶς
1122 1649 1302 1706 ποιήσεις
1332 1649 1490 1709 αὖτῷ.”
1560 1647 1583 1692 ὃ
1619 1649 1664 1692 δὲ

293 1801 317 1838 7
338 1799 560 1834 πολιτειῶνῒ
694 1800 740 1836 21
764 1795 831 1845 ὃν]
857 1795 955 1835 ὅσαῖ

149 1938 155 1959 ‘-
205 1934 350 1979 scribit,
370 1934 479 1968 filium
499 1934 679 1980 appellans
699 1934 825 1970 Siroen
838 1961 850 1980 ‚
881 1934 964 1969 nulli
986 1946 1026 1970 se
1043 1943 1194 1992 unquam
1214 1933 1370 1980 principi
1385 1934 1568 1981 imperium
1592 1935 1663 1970 eri-

230 1993 289 2016 ere
310 1980 483 2025 voluisse,
519 1992 635 2025 neque
659 1981 730 2026 ipsi
764 1983 852 2015 adeo
878 1981 1041 2015 Chosroi.
1086 1977 1095 1991 ‘
1110 1981 1170 2025 qui
1191 1980 1333 2014 tametsi
1356 1981 1606 2026 quamplurima
1626 1981 1664 2015 in

202 1993 331 2061 gersus
366 2038 478 2071 aeque
509 2039 551 2061 ac
573 2027 749 2061 Romanos
776 2027 945 2061 scelerate
975 2026 1206 2070 commiserit,
1240 2026 1391 2060 libenter
1419 2023 1663 2061 nihilominus”

203 2073 320 2107 aiebat
341 2068 531 2118 “sospitem
556 2083 634 2106 eum
656 2078 762 2117 atque
779 2073 1004 2117 incolumem,
1032 2073 1115 2107 licet
1132 2072 1169 2105 in
1186 2076 1363 2125 potestate
1386 2072 1571 2116 haberem,
1594 2072 1662 2106 im-

201 2119 304 2166 perio
325 2129 388 2152 suo
410 2117 654 2153 restituissem.
701 2120 764 2153 sed
788 2120 885 2164 deus,
909 2118 971 2164 qui
994 2118 1086 2152 illius
1110 2117 1256 2152 consllia
1277 2124 1457 2163 cognorat,
1481 2118 1604 2163 dignas
1624 2118 1664 2152 in

204 2175 281 2199 eum
299 2176 431 2210 poenas
451 2164 650 2208 constituit,
683 2176 728 2198 ne
747 2166 789 2199 ab
810 2177 851 2199 eo
873 2164 1012 2210 plurimi
1034 2164 1107 2198 suis
1132 2165 1238 2198 rebus
1262 2169 1527 2206 everterentur;
1550 2163 1664 2198 idem-

203 2221 272 2256 que
293 2210 394 2243 nobis
415 2221 535 2255 pacem
557 2221 599 2244 ae
621 2211 840 2245 concordiam
864 2206 1074 2245 concessit.”
1120 2210 1250 2243 adiecit
1272 2215 1457 2254 praeterea
1479 2214 1515 2244 et
1540 2209 1662 2244 condi-

204 2256 339 2290 cio‘nem
363 2255 464 2298 hanc,
487 2261 528 2290 ut
548 2255 691 2290 vivifica
711 2256 823 2302 ligna,
849 2268 939 2302 quae
963 2258 1137 2291 Sal-barus
1161 2267 1205 2289 ex
1227 2254 1482 2299 Hierosolymis
1508 2260 1665 2290 transtu-

202 2302 305 2346 lerat,
331 2300 400 2335 sibi
421 2301 663 2344 redderentur,
689 2302 792 2348 eique
812 2303 867 2336 rei
889 2303 1070 2337 admodum
1094 2301 1260 2335 instabat.
1285 2312 1375 2346 quae
1399 2302 1521 2335 Siroes
1542 2300 1663 2335 reddi-

203 2354 318 2383 turum
342 2358 381 2381 se
403 2346 582 2392 promisit,
616 2348 648 2380 si
673 2349 808 2393 uspiam
838 2348 999 2383 iuvenire
1030 2353 1164 2394 posset.
1210 2347 1255 2380 de
1288 2346 1414 2391 legatis
1436 2357 1544 2389 vero,
1574 2357 1663 2392 quos

205 2393 324 2428 Saitus
362 2393 486 2427 fraude
525 2392 778 2428 circumventos
809 2395 854 2428 ad
882 2395 1063 2429 Chosroen
1095 2393 1324 2438 perduxerat,
1357 2392 1409 2426 ita
1436 2390 1663 2436 significavit,

203 2438 389 2474 Leontium
410 2437 561 2473 naturali
582 2438 679 2472 exitu
701 2439 959 2485 vitamfinisse,
982 2445 1118 2474 ceteros
1141 2439 1323 2472 chosroen
1345 2438 1517 2473 fustuario
1538 2449 1663 2473 neess-

204 2498 257 2532 ce,
279 2496 356 2520 cum
378 2485 524 2531 primum
544 2484 702 2518 Heraclii
723 2484 761 2519 in
778 2485 960 2520 Persidem
982 2485 1210 2531 irruptionem
1230 2483 1399 2518 audisset.

294 2553 405 2588 Paulo
432 2556 515 2599 post
534 2553 639 2588 Siroe
665 2558 814 2597 mortuo,
838 2553 976 2588 Caboes
998 2554 1183 2588 Persarum
1204 2551 1387 2597 imperium
1407 2551 1562 2594 obtinet;
1594 2562 1664 2596 quo

205 2599 331 2634 iterum
368 2611 438 2634 non
474 2600 578 2644 longe
614 2604 738 2644 postea
778 2600 943 2634 defuncto
973 2600 1179 2634 Hormisdas
1219 2597 1388 2632 succedit.
1435 2597 1496 2643 qui
1524 2596 1664 2642 quidem

204 2644 339 2689 legatos
362 2650 398 2679 et
419 2646 497 2690 ipse
521 2646 565 2679 ad
585 2645 786 2680 Heraclium
803 2645 942 2680 mittens
955 2673 966 2691 ‚
999 2645 1108 2680 filium
1130 2655 1228 2679 suum
1246 2655 1322 2678 cum
1346 2642 1505 2689 pecuniis
1526 2654 1567 2677 ac
1587 2653 1663 2676 mu-

205 2691 347 2726 neribus
367 2691 551 2735 exquisitis
571 2693 617 2726 nd
645 2693 791 2726 eundem
816 2690 954 2736 allegat.
1000 2703 1106 2737 porro
1131 2689 1300 2725 eiusmodi
1318 2689 1499 2724 literarum
1522 2694 1664 2723 senten-

204 2737 261 2771 tia
284 2737 356 2772 fuit
384 2733 692 2783 “quemadmodum
723 2738 824 2773 deum
847 2742 1003 2774 vestrum
1030 2737 1149 2772 dicitis
1178 2735 1256 2770 seni
1282 2735 1419 2771 cuidam
1446 2733 1603 2771 Simeoni
1627 2732 1667 2766 in

206 2783 307 2817 ulnas
330 2784 469 2827 datum,
501 2783 554 2818 ita
575 2795 642 2829 ego
667 2795 806 2819 servum
829 2787 943 2829 tuum,
964 2783 1073 2818 filium
1095 2793 1227 2826 meum,
1261 2784 1340 2816 mas
1366 2781 1404 2816 in
1428 2791 1548 2815 manus
1570 2790 1665 2813 com-

210 2829 324 2866 mitto.
370 2829 466 2866 norit
482 2830 568 2865 deus
593 2841 695 2876 quam
719 2834 760 2866 tu
780 2829 875 2866 illum
895 2830 1043 2866 honeste
1063 2829 1113 2864 sis
1137 2824 1357 2864 habimus?
1399 2827 1493 2862 hunc
1514 2825 1667 2872 impera-
