1890 3224
712 196 1035 242 PRAEFATIO.
1495 210 1601 242 και

147 322 224 365 ego
243 310 451 363 legissem,
481 309 615 349 statim
633 323 706 362 per
726 310 934 362 epistolam
953 309 1090 361 rogavi
1111 309 1160 348 cl.
1179 310 1339 348 Patrem
1357 309 1599 360 neemiam,

148 379 330 419 eiusdem
353 378 551 417 Athenaei
576 379 842 430 professorem
868 379 1171 416 celeberrimum
1197 385 1237 416 et
1264 390 1319 416 ex
1342 391 1390 416 eo
1410 383 1603 429 tempore,

149 461 230 502 quo
257 460 332 486 nos
360 448 476 485 ambo
510 445 751 497 degebamus
781 448 994 495 Panormi,
1030 448 1203 484 amicum
1231 447 1531 495 suavissimum,
1558 453 1605 483 ut

147 529 227 570 qua
245 513 398 554 ratione
421 522 460 553 et
475 513 595 552 modo
614 521 770 565 posset,
800 513 945 552 horum
965 513 1146 552 codicum
1166 516 1350 552 notitiam
1369 515 1605 566 ampliorem

147 595 271 637 quam
293 595 395 636 quae
415 584 458 619 in
481 583 659 633 catalogo
679 589 783 620 esset
800 580 903 619 mihi
924 584 1253 631 communicaret,
1284 584 1318 620 is
1343 589 1477 620 autem
1499 581 1605 620 hanc

147 659 344 703 spartam,
376 663 455 702 quo
483 648 587 687 nihil
610 652 782 702 optatius
802 645 904 687 mihi
920 652 1147 702 contingere
1165 652 1316 702 potuit,
1347 649 1457 687 dedit
1489 651 1605 687 alteri

143 716 408 757 Bibliothecae
429 716 583 756 custodi
600 719 807 756 Franciseo
827 720 982 768 Bertae,
1010 720 1096 757 viro
1115 718 1355 767 doctissimo,
1387 725 1504 771 atque
1523 716 1603 755 hu-

144 789 376 825 manissimo
389 816 400 835 ,
431 787 501 838 qui
529 793 668 837 sponte
700 793 739 823 et
768 787 872 824 ultro
885 815 896 836 ,
928 794 967 824 et
985 788 1096 824 nulla
1113 785 1205 826 vilis
1220 785 1415 825 mercedis
1436 799 1505 838 spe
1527 785 1605 823 du-

146 861 252 904 ctus,
282 852 544 891 iniucundum
572 866 671 891 onus
698 854 840 902 subiit,
870 866 997 891 unum
1022 868 1075 892 ex
1101 854 1255 892 duobus
1285 853 1484 892 codicibus
1508 866 1603 892 con—

144 923 255 970 tulit,
286 933 457 973 suasque
475 922 518 957 in
538 927 750 973 utrumque
771 921 1065 960 observationes
1089 922 1141 960 ad
1162 936 1227 960 me
1246 920 1464 960 liberaliter
1477 923 1604 959 misit.

144 988 216 1028 sed
245 995 290 1026 ut
317 990 404 1039 ipse
429 989 596 1037 fatetur,
627 996 795 1041 uterque
815 987 943 1027 codex
965 989 1159 1028 mendose
1180 991 1349 1042 scriptus
1370 997 1429 1028 est
1448 990 1605 1028 saeculo

146 1057 220 1105 15,
250 1055 370 1109 idque
398 1069 451 1093 ex
478 1057 722 1095 variantibus
748 1056 843 1094 inde
875 1059 1076 1110 excerptis
1101 1057 1259 1095 abunde
1286 1064 1410 1110 patet«
1465 1058 1605 1095 titulus

142 1123 291 1162 codicis
320 1123 402 1165 304
435 1123 501 1161 hie
532 1132 610 1173 est,
659 1128 698 1164 Γ
693 1126 857 1179 εῶργίου
885 1123 1075 1167 διακόνου
1105 1125 1174 1166 καὶ
1201 1122 1499 1180 χαρτοφύλακος
1531 1126 1605 1177 τῆς

142 1189 365 1246 ἁγιωτάτης
383 1194 455 1231 τοῦ
475 1192 581 1232 θεοῦ
602 1188 774 1246 μεγάλης
794 1187 1004 1246 ἐκκλησίας
1022 1190 1504 1240 Κωνσταντινσυπόλεως,
1532 1194 1606 1233 τοῦ

141 1259 338 1308 Πισίδου,
366 1258 586 1311 προοίμιον
613 1259 671 1306 εἰς
699 1256 775 1311 τήν
801 1258 1056 1315 Ἐξαήμερον
1081 1259 1134 1302 δι’
1155 1258 1335 1314 ἰάμβων,
1367 1262 1437 1313 qui
1465 1261 1605 1298 titulus

141 1327 184 1362 in
205 1326 395 1376 Catalogo
414 1339 456 1376 p.
478 1326 558 1366 393
580 1326 637 1363 sic
653 1326 801 1377 legitur
820 1329 961 1366 Latine
987 1336 1146 1366 tantum
1172 1342 1406 1381 expressus,
1445 1328 1609 1379 Georgii

140 1394 302 1431 diaconi
327 1400 364 1429 et
391 1391 712 1444 chartophylacis
736 1397 1011 1433 sanctis-simae
1034 1397 1100 1434 dei
1128 1397 1312 1434 ecclesiae
1346 1397 1390 1434 C.
1419 1397 1472 1433 P.
1497 1396 1608 1433 Pisi-

140 1462 291 1506 densis,
321 1474 482 1497 carmen
500 1462 542 1497 in
559 1461 854 1511 Ηεκαέιηενοηῑ
887 1462 960 1501 sed
976 1465 1122 1503 melius
1141 1473 1180 1503 et
1198 1464 1251 1502 ad
1267 1464 1432 1503 verbum
1448 1462 1606 1512 reddas,

147 1528 314 1578 Geor-gd
332 1534 405 1564 ete.
430 1529 704 1566 sanctie-simae
722 1537 760 1566 et
776 1543 951 1582 magnae
969 1531 1035 1569 dei
1052 1533 1238 1570 ecclesiae
1256 1539 1509 1583 cognomento
1531 1532 1610 1568 Pa·-

138 1594 267 1640 sidae,
308 1595 354 1631 in
389 1594 669 1634 Hexae'meron
705 1596 850 1634 iambis
879 1601 1146 1650 conscriptum
1170 1600 1429 1650 prooemium.
1491 1600 1527 1636 is
1550 1605 1610 1637 est

90 1664 95 1668 ‘
138 1656 267 1700 codex
303 1663 416 1700 cuius
451 1666 585 1702 variae
611 1665 803 1703 lectiones
831 1665 1098 1705 laudatissimi
1126 1668 1203 1705 viri
1236 1668 1435 1705 FrancISci
1465 1669 1609 1705 Bertae

136 1730 329 1768 beneficio
346 1730 454 1781 apud
470 1744 536 1770 me
557 1739 671 1782 sunt,
703 1748 725 1770 e
747 1733 892 1785 quibus
914 1742 1049 1772 tamen
1067 1732 1226 1773 nullum
1245 1734 1521 1773 adiumentum
1541 1749 1610 1773 ca—

138 1810 232 1849 pere
252 1798 368 1835 nobis
389 1799 501 1835 licuit
520 1799 588 1836 vel
605 1798 657 1835 ad
675 1801 981 1839 emaculandum
1001 1803 1066 1840 vel
1089 1802 1141 1839 ad
1158 1802 1484 1853 locupletandum
1501 1803 1609 1841 Pisi—

139 1863 215 1902 dae
230 1871 408 1902 textum:
440 1867 573 1903 omnia
598 1868 706 1904 enim
722 1866 807 1905 illic
828 1875 921 1906 sunt
939 1871 1175 1921 interpolate
1198 1877 1238 1908 et
1259 1869 1424 1907 barbare
1444 1870 1606 1920 scripta.

137 1931 211 1970 sed
237 1933 278 1970 in
312 1946 358 1970 eo
385 1934 507 1970 etiam
535 1942 744 1972 occurrunt
769 1934 908 1974 decem
935 1938 997 1974 illi
1022 1939 1168 1975 senarii
1195 1939 1239 1975 in
1267 1935 1431 1974 laudem
1459 1936 1604 1987 Sergii,

136 2013 236 2053 quos
264 1998 441 2038 diximus
471 2003 652 2052 superius
677 2015 730 2040 ex
753 2002 841 2041 cod.
863 2005 951 2042 Vat.
974 2005 1056 2047 166
1078 2012 1286 2057 excerptos
1305 2006 1350 2041 in
1373 2001 1605 2043 Hexaeme-

135 2078 211 2106 ron
235 2080 321 2106 nos¹
338 2076 604 2120 comportasse
622 2077 715 2122 post
733 2082 895 2110 versum
912 2074 985 2114 21-
1044 2074 1141 2125 quin
1167 2075 1289 2111 etiam
1307 2072 1385 2111 hoc
1402 2075 1446 2112 in
1467 2073 1603 2112 codice

135 2137 380 2175 Taurinensi
397 2145 553 2189 praeter
573 2137 713 2177 decem
731 2137 777 2177 hi
797 2140 865 2178 alii
887 2133 966 2179 duo
984 2139 1186 2179 adduntur
1202 2141 1414 2180 versiculi:
1441 2140 1473 2196 ἡ
1500 2155 1603 2196 προ·
1617 2158 1654 2194 p.
1666 2146 1822 2184 xxvm

122 2200 272 2258 ’γραφὴ
301 2201 345 2244 δὲ
374 2203 458 2246 τῶν
487 2203 714 2247 λαλούντων
744 2206 959 2262 δραμάτων
977 2207 1078 2263 ἔρως
1097 2211 1318 2264 προσευχῆς
1337 2207 1409 2249 καὶ
1424 2206 1606 2263 θεότρω-

135 2285 198 2319 τος
221 2267 353 2324 λόγος,
389 2282 490 2325 quos
511 2275 555 2312 in'
574 2282 733 2313 textum·
748 2286 830 2314 non
847 2278 1071 2329 recepimus·
1081 2304 1092 2326 ,
1124 2278 1218 2330 quia
1233 2277 1349 2315 nobis
1367 2276 1605 2316 videbantur

136 2351 223 2377 esse
239 2341 360 2377 nimis
376 2341 525 2379 inficeti
546 2350 584 2381 et
600 2343 760 2382 Pisidae
776 2347 1013 2398 neutiquam
1033 2347 1258 2383 convenii-ea
1318 2344 1390 2384 sed
1409 2348 1479 2398 qui
1496 2347 1605 2385 volet

135 2408 319 2459 recipiat,
351 2406 569 2448 dummodo
601 2425 672 2462 pro
704 2409 946 2467 θεότρωτος,
977 2422 1079 2465 quae
1109 2412 1251 2464 putida
1271 2425 1355 2452 vox
1372 2419 1432 2450 est
1452 2420 1492 2450 et
1509 2414 1605 2451 bar·-

134 2473 250 2523 bara,
281 2476 391 2527 legat
408 2477 643 2533 θεοπρεπής
660 2476 789 2534 λόγος.-
829 2481 992 2519 alterius
1012 2487 1146 2520 autem
1165 2480 1310 2520 codicis
1327 2483 1412 2523 360
1427 2482 1601 2531 titulum,

135 2541 248 2579 mlius
286 2541 533 2585 characteres
572 2546 673 2586 adeo
707 2561 794 2586 esse
822 2547 1015 2587 evanidos
1046 2559 1113 2587 me
1146 2551 1304 2588 monuit
1338 2550 1466 2586 amice
1494 2548 1604 2587 idem

133 2609 253 2646 Berta
278 2617 324 2648 ut
352 2614 424 2651 vix
448 2615 531 2666 legi
551 2618 728 2667 possint,
757 2616 960 2668 proferam
981 2625 1036 2655 ex
1061 2619 1273 2669 Catalogo‚
1297 2618 1341 2654 in
1362 2626 1442 2670 quo
1461 2627 1503 2669 ps
1519 2615 1602 2659 485

134 2673 235 2713 haec
261 2675 482 2719 habentur:
512 2684 715 2739 Γεωργίου
736 2681 926 2726 διακόνου
948 2684 1023 2738 τῆς
1045 2681 1220 2741 μεγάλης
1241 2686 1313 2726 τσῦ
1335 2689 1441 2727 θεοῦ
1460 2685 1602 2735 ἔκκλη-

135 2742 224 2791 stag
247 2743 316 2785 καὶ
335 2746 642 2805 ρεφερενδαρίου
666 2754 739 2793 τοῦ
759 2747 930 2794 Πισίδσυ
954 2753 1076 2807 στίχοι
1095 2751 1288 2795 πολιτικοὶ
1309 2753 1367 2802 εἰς
1386 2750 1432 2794 τὸ
1450 2747 1602 2803 Ἑξαή-

131 2825 253 2864 μερον
279 2815 353 2855 τοῦ
378 2812 550 2869 μεγάλου
578 2819 808 2871 Βασιλείαν,
857 2821 1021 2872 Georgii
1041 2821 1202 2859 diaconi
1222 2831 1396 2873 magnae
1417 2820 1600 2859 ecelesiae
