1838 3210
503 163 854 209 DESCRIPTIO
873 164 918 210 S.
955 162 1205 210 SOPHIAE.
1514 161 1589 207 75·

130 276 552 330 peram'substitutum
579 281 752 315 censent.
808 282 994 328 quattuor
1029 290 1146 328 porro
1174 277 1217 313 in
1250 272 1348 313 aede
1378 272 1582 326 Sophiana

132 333 338 372 nartheces
365 335 500 372 statuit
527 333 720 372 Codinus:
743 328 831 374 ’άπὸ
851 336 924 373 τοῦ
953 329 1130 386 βήματος
1151 331 1262 386 μέχρι
1280 334 1362 372 τῶν
1378 329 1582 384 τεσσάρων

134 387 375 443 ναρθήκων,
404 397 448 427 ut
473 396 511 428 et
530 392 787 442 Anonymus:
815 388 885 429 καὶ
902 392 983 429 τῶν
1003 387 1206 442 τεσσάρων
1223 384 1446 440 ναρθήκων
1466 402 1583 427 κατε-

132 445 309 499 χρύσωσε
325 443 372 486 τά
390 444 522 499 ὅροφα
541 446 582 495 ἐξ
600 446 760 487 ὖελίνου
780 448 930 497 χρυσοῦ
944 442 1204 499 λαμπρότατα.
1262 444 1333 483 sed
1352 446 1437 482 iure
1454 443 1584 481 addu-

132 503 249 540 bitari
271 510 402 554 potest
425 501 576 541 31111οο
594 503 682 541 loco
707 509 890 554 quattuor
910 503 1064 555 aliquas
1085 504 1256 554 porticus
1280 504 1495 540 exteriores
1517 502 1584 537 in-

132 561 284 607 nuerit,
314 559 428 597 binas
456 560 605 597 scilicet
633 558 685 597 ad
713 558 1015 597 occidentem'et
1035 558 1132 596 duas
1156 559 1253 596 alias
1278 558 1330 596 ad
1346 558 1586 610 septentrio-

132 629 227 653 nem
254 622 292 653 et
320 615 540 654 meridiem.
599 614 708 668 quod
729 614 892 668 quidem
911 615 1088 655 indicare
1109 615 1266 653 videtur
1287 615 1396 652 idem
1415 616 1586 665 Anony-

132 685 243 719 mus,
277 673 448 710 scribens
478 673 742 710 Iustinianum
763 674 946 710 statuisse
976 673 1055 724 (an
1076 686 1192 720 vere,
1223 673 1292 709 alii
1315 669 1511 720 viderint)
1541 676 1586 708 ut

132 729 312 780 quisquis
332 742 403 779 pro
423 728 659 766 delictorum
680 727 801 766 modo
824 736 1020 766 arceretur
1042 742 1065 767 a
1087 731 1228 777 sacris,
1259 730 1301 765 in
1318 726 1382 766 his
1401 734 1586 780 quattuor

130 782 384 826 narthecibus
413 791 556 832 staret3
598 797 677 836 quo
698 783 862 837 quidem
879 786 968 823 loco
989 783 1336 835 ‹plume-nartheces
1353 791 1488 832 vocat,
1519 785 1587 820 in·-

132 847 332 891 comperta
358 839 460 878 mihi
484 842 656 889 ratione,
685 842 764 878 nisi
786 841 888 879 forte
911 840 1019 893 quod
1041 841 1093 878 ad
1112 842 1253 893 templi
1270 842 1370 879 fines
1388 840 1587 878 haberen-

130 903 195 934 tur
218 898 392 948 porticus
416 898 515 935 istae
546 898 775 935 exteriores.
833 904 937 935 certe
966 899 1126 935 tertium
1153 896 1383 935 narthecem
1407 896 1587 935 eiusdem

131 951 241 990 aedis
279 951 505 1004 Sophianae
540 954 748 992 observare
785 960 850 991 est
878 955 922 991 in
946 960 1070 992 'sexta
1097 953 1260 1006 Synodo
1285 956 1374 991 Act.
1405 956 1478 1002 18,
1516 953 1587 990 ubi

129 1005 377 1061 δικύμβαλον
404 1009 448 1052 ἐν
475 1009 592 1064 τρίτῳ
620 1006 800 1064 νάρθηκι
824 1006 995 1064 μεγάλης
1015 1010 1223 1063 ἐκκλησίας
1239 1012 1443 1057 statuitur,
1473 1010 1587 1047 nullo

130 1066 208 1105 alio
234 1064 404 1114 indici03
438 1068 508 1118 qui
533 1066 698 1119 quidem
720 1068 860 1105 tertius
882 1066 1053 1105 narthex
1075 1070 1201 1119 prima
1219 1068 1398 1105 fortassis
1421 1067 1542 1104 fuerit
1562 1079 1585 1102 e

127 1122 253 1160 tribus
280 1123 518 1174 porticibus,
548 1136 646 1175 quas
679 1123 730 1161 ad
762 1122 1007 1163 occidentem
1035 1123 1144 1162 aedis
1176 1123 1402 1175 Sophianae
1430 1124 1587 1161 stetisse

128 1179 262 1216 scribit
291 1180 440 1217 Paulus
470 1180 744 1229 Sssenfiarius,
787 1193 967 1233 quaeque
1004 1179 1195 1230 ἐξώτατος
1232 1177 1394 1233 νάρθηξ
1429 1179 1586 1217 videtur

127 1236 347 1286 nuncupari
375 1235 482 1287 apud
515 1236 686 1274 eundem
714 1239 972 1288 Anonymum
1003 1251 1043 1289 p.
1073 1236 1171 1278 248.
1237 1250 1332 1274 nam
1359 1242 1494 1274 auctor
1526 1242 1587 1274 est

128 1292 281 1328 Goarus
312 1293 531 1330 etiamnum
557 1294 716 1332 Graecis
746 1292 1032 1347 ἐξωνάρθηκας
1060 1295 1276 1332 exteriores
1307 1295 1503 1344 porticus,
1540 1298 1586 1329 ut

126 1348 333 1386 interiores
351 1346 639 1401 ἒσωνάρθηκας
659 1349 750 1388 dici.
807 1363 924 1401 porro
943 1347 1211 1403 δικύμβαλον,
1240 1351 1285 1387 111
1303 1350 1422 1387 fallor
1434 1378 1444 1397 ,
1473 1349 1586 1386 locus

128 1410 188 1441 est
221 1411 402 1442 constans
431 1403 584 1443 duabus
603 1407 754 1455 trullis,
782 1408 1037 1459 κνμβαλικῶς
1057 1420 1127 1445 seu
1149 1408 1192 1443 in
1214 1405 1380 1444 modum
1401 1406 1587 1457 cymbali,

74 1488 80 1496 .
128 1459 466 1511 quemadmodum
489 1462 566 1499 fuit
592 1464 722 1500 maior
749 1461 858 1500 aedis
885 1464 1024 1511 trulla,
1055 1465 1278 1501 exstructis.
1337 1465 1392 1500 ita
1419 1459 1590 1514 τρικύμ-

127 1517 254 1568 βαλον
275 1519 349 1556 τοῦ
370 1518 695 1570 τζυκανιστηρίου
714 1526 910 1556 memorat
929 1519 1075 1556 alicubi
1095 1518 1268 1557 Codinus
1286 1522 1328 1557 in
1348 1519 1592 1569 Originibus.

126 1573 212 1611 iure
242 1573 364 1623 igitur
390 1573 563 1611 Allatius
589 1573 690 1611 haec
718 1575 838 1612 verba
859 1574 909 1612 de
928 1573 1116 1613 narthece
1137 1576 1280 1615 infert:
1311 1575 1478 1613 narthex
1500 1588 1592 1612 vero

128 1636 236 1666 extra
260 1628 583 1681 ecclesiamjbrte
605 1644 661 1668 an
680 1632 857 1682 antiqui-s·
878 1631 1117 1682 temporibus
1129 1631 1280 1682 suerit,
1313 1646 1392 1669 non
1413 1632 1587 1682 disputo.

125 1698 220 1722 nam
240 1692 285 1722 ut
305 1685 532 1735 nartheces,
565 1686 673 1739 quod
693 1701 744 1724 ex
763 1686 974 1738 praedictis
997 1690 1091 1726 satis
1113 1695 1241 1739 patet,
1274 1690 1372 1727 olim
1388 1695 1502 1726 extra
1525 1702 1592 1725 ec-

127 1742 291 1779 clesiam
308 1755 379 1779 seu
398 1745 530 1794 potius
551 1750 665 1781 extra
688 1744 878 1781 ecelesiae
896 1752 1008 1796 septa
1025 1745 1155 1792 fuere,
1185 1747 1260 1782 etsi
1277 1746 1378 1783 forte
1391 1774 1402 1793 ,
1431 1752 1476 1782 ut
1493 1758 1590 1796 pro-

126 1799 216 1845 nai,
247 1800 349 1835 sacri
369 1797 632 1847 haberentur,
662 1801 718 1836 ita
734 1802 912 1837 vicissim
930 1814 1002 1851 pro
1022 1808 1125 1838 certo
1148 1800 1288 1843 haberi
1311 1801 1429 1839 debet
1451 1808 1588 1852 poste-

127 1854 296 1891 rioribus
325 1855 494 1892 saeculis
515 1853 745 1892 narthecem
764 1868 854 1892 eam
877 1855 986 1894 aedis
1006 1869 1138 1894 sacrae
1161 1864 1337 1907 partem,
1366 1870 1488 1908 quam
1509 1855 1588 1895 ho-

127 1909 192 1947 die
224 1911 362 1947 navim
394 1924 599 1959 vocamus,
633 1912 872 1962 appellatam
885 1941 896 1960 ,
927 1919 970 1949 ut
989 1920 1098 1963 patet
1117 1926 1169 1951 ex
1189 1912 1436 1964 Euchologio
1459 1920 1498 1950 et
1519 1926 1588 1951 ce-

126 1967 219 2004 teris
241 1967 480 2004 Graecorum
501 1967 709 2005 ritualibus
731 1968 842 2006 libris
867 1975 906 2005 et
930 1970 1082 2021 aliquot
1102 1970 1301 2007 inferioris
1326 1971 1465 2007 aetatis
1485 1971 1584 2006 scri—

125 2023 323 2075 ptoribus,
354 2036 453 2075 quos
486 2022 623 2061 laudat
649 2023 758 2062 idem
784 2025 956 2062 Allatius
983 2027 1025 2062 in
1050 2027 1214 2064 Dissert.
1246 2025 1295 2064 de
1322 2027 1586 2064 recentiorum

126 2081 367 2116 Graecorum
395 2080 555 2131 templis
586 2093 626 2131 p.
660 2083 737 2121 110
768 2087 807 2117 et
841 2083 1110 2134 sequentibus.
1167 2081 1232 2120 his
1262 2084 1396 2120 favere
1429 2081 1587 2120 videtur

126 2137 304 2173 Lexicon
326 2149 387 2173 ms
413 2149 466 2173 ex
488 2135 728 2174 bibliotheca
746 2138 894 2188 Regia,
928 2137 1014 2176 cod.
1032 2141 1165 2187 2062,
1195 2145 1238 2176 ut
1265 2146 1304 2177 et
1332 2145 1468 2176 auctor
1483 2141 1587 2191 Ety—

126 2192 333 2243 mologici:
364 2188 524 2245 νάρθηξ
547 2189 626 2234 άπὸ
648 2195 722 2233 τοῦ
748 2193 894 2246 νέρθεν
923 2192 1052 2247 ’ἤγουν
1079 2191 1265 2236 κάτωθεν
1292 2198 1366 2236 τοῦ
1398 2192 1588 2247 ἅμβωνος

125 2252 299 2289 κεῖσθαι.
357 2247 452 2286 hinc
490 2250 597 2286 enim
628 2250 820 2287 evincitur
846 2250 1076 2288 narthecem
1106 2253 1149 2288 111
1177 2253 1343 2290 ecclesia
1372 2254 1588 2300 exstitisse,

127 2306 162 2343 si
191 2304 356 2357 quidem
383 2306 487 2343 infra
516 2306 727 2343 ambonem
740 2308 922 2356 exstitit3
955 2307 1076 2360 idque
1095 2306 1189 2346 inde
1209 2310 1360 2346 factum
1384 2310 1587 2357 existimo,

128 2360 237 2413 quod
265 2375 355 2399 cum
379 2363 422 2398 in
445 2362 646 2414 plerisque
673 2363 834 2414 templis
857 2377 903 2401 ac
924 2363 1088 2402 aedibus
1112 2367 1231 2403 sacris
1257 2364 1440 2403 deessent
1467 2378 1589 2417 capa-

128 2419 252 2456 ciores
272 2419 446 2469 porticus
469 2425 508 2456 et
525 2417 732 2456 nartheces
749 2418 801 2456 ad
818 2433 956 2458 earum
971 2422 1167 2459 vestibula
1181 2451 1192 2470 ‚
1222 2423 1292 2474 qui
1317 2435 1371 2459 ex
1390 2434 1590 2460 canonum

128 2481 336 2525 praecepto
356 2475 399 2511 in
418 2476 467 2511 iis
485 2477 697 2513 consistere
717 2476 974 2526 tenebantur,
1003 2479 1107 2516 intra
1124 2479 1249 2529 ipsius
1269 2479 1458 2516 ecclesiae
1475 2479 1588 2515 clau-

128 2536 207 2567 stra
237 2529 492 2581 postmodum
523 2530 686 2569 admissi
715 2533 815 2580 sint,
857 2534 914 2570 ita
942 2540 1078 2571 tamen
1107 2541 1152 2572 ut
1181 2548 1204 2572 a
1229 2536 1383 2587 reliqua
1407 2533 1588 2572 fidelium

128 2585 244 2636 plebe
265 2585 590 2637 discernerentur,
621 2601 746 2640 eaque
765 2589 918 2627 obirent
935 2592 1074 2628 munia
1093 2604 1195 2643 quae
1213 2593 1255 2628 in
1272 2590 1459 2629 narthece
1476 2592 1586 2638 olim,

129 2643 171 2678 in
193 2643 322 2691 primo
344 2642 505 2681 aedium
526 2657 726 2682 sacrarum
743 2652 862 2697 atque
883 2645 982 2684 adeo
1004 2649 1146 2698 pronai
1168 2649 1235 2686 vel
1256 2649 1374 2686 navis
1391 2649 1586 2698 ingressu.

130 2697 236 2735 unde
256 2705 360 2736 recte
378 2699 585 2739 nartheces
605 2699 709 2739 dixit
727 2702 902 2753 Symeon
922 2701 1109 2742 Thessal.
1129 2705 1317 2756 Opuscul.
1335 2711 1470 2741 contra
1488 2702 1588 2740 hae-
1612 2706 1642 2740 P
1660 2706 1728 2744 536

130 2767 259 2802 reses,
291 2768 362 2792 sua
387 2757 577 2794 nimirum
602 2764 751 2809 aetate,
779 2761 859 2800 τῶν
886 2762 999 2801 ναῶν
1025 2756 1153 2814 α’ρχάς
1177 2767 1438 2812 nuncupatos.
1496 2757 1588 2797 vide

129 2809 419 2863 Theophanem
440 2825 480 2863 p.
501 2814 597 2855 203.
