1838 3210
255 187 320 237 84
825 187 906 230 DU
939 185 1124 231 CANGII

255 306 473 339 ceterarum
496 309 597 350 quae
619 308 732 334 muro
755 295 958 344 orientali,
989 295 1059 348 qui
1083 291 1192 332 aedis
1222 298 1443 344 postremus
1471 299 1552 340 est,
1586 290 1700 331 adia-

256 363 368 404 cent,
399 357 550 392 clausos
571 351 747 390 cardines
767 354 917 403 aperire
939 351 1165 398 aedituum3
1197 351 1289 401 quia
1306 350 1481 388 fortassis
1499 362 1568 386 eae
1590 354 1700 386 erant

256 419 419 464 portae,
462 423 561 462 quae
597 407 843 446 aedituorum
883 422 997 446 curae
1029 406 1309 445 incumbebant
1337 416 1408 443 seu
1437 407 1699 443 ostiariorum.

253 481 348 507 nam
374 475 418 504 ut
439 474 497 504 est
519 464 625 516 apud
647 465 842 503 Isidorum
861 466 1086 503 Iuniorem'
1075 477 1118 501 ιιι
1140 464 1252 515 epist.
1275 461 1326 499 ad
1346 461 1615 510 Luhfredum,
1646 460 1704 498 ad

254 525 460 561 ostiarium
479 523 678 571 pertinent
709 521 839 559 claves
870 521 1071 566 ecelesiae,
1100 527 1145 558 ut
1170 518 1335 556 claudat
1362 525 1399 554 et
1421 519 1576 568 aperiat
1603 525 1703 555 tem-

244 580 363 631 plum
388 579 468 624 dei,
497 585 535 614 et
560 579 693 614 omnia
723 591 825 629 quae
855 585 950 615 sunt
972 579 1080 614 intus
1108 582 1292 627 extraque
1318 575 1539 621 custodiat,
1556 574 1702 622 fideles

199 654 201 657 ν
253 637 435 686 recipiat,
462 633 638 682 infideles
660 641 697 670 et
718 635 1069 671 excommunicatos
1084 633 1251 674 reficiat,
1311 629 1417 668 unde
1435 631 1614 682 πυλωροί
1638 630 1703 668 di-

254 699 395 730 cuntur
414 693 456 727 in
478 690 644 741 epistola
664 702 764 741 quae
783 691 823 728 S.
843 691 997 740 Ignatio
1017 689 1212 735 tribuitur,
1233 693 1271 724 et
1287 688 1364 724 alia
1382 687 1424 724 S.
1437 687 1610 725 Cornelii
1620 689 1701 736 PP,

254 760 355 800 quae
380 753 509 784 exstat
533 745 640 797 apud
661 747 877 784 Eusebium
899 748 998 783 Hist.
1017 746 1123 783 Eccl.
1149 747 1173 784 6
1202 743 1271 784 35.
1327 744 1509 796 θυρωροί
1535 745 1577 781 in
1607 757 1704 783 con-

253 805 344 842 cilio
366 801 527 840 Laodic.
551 815 637 839 can.
661 801 715 843 34
741 810 778 840 et
800 800 1024 854 Epiphanio
1047 803 1090 838 in
1115 801 1297 851 Exposit.
1354 799 1449 837 fidei
1473 799 1702 849 catholicae,

254 861 333 898 nisi
364 873 435 910 per
466 872 605 896 vocem
635 855 822 911 νεοκόρος
848 859 1093 909 intelligatur
1117 855 1398 903 subdiaconus,
1417 858 1494 893 cui
1515 855 1703 894 catechu-

253 929 392 954 menos
423 922 461 952 et
488 916 734 966 paenitentes
761 916 803 951 in
830 915 1037 952 ecclesiam
1065 911 1311 950 introducere
1334 918 1372 948 et
1393 925 1445 949 ex
1467 925 1512 949 ea
1536 912 1718 950 educere·

253 972 529 1019 incumbebat,
561 983 614 1007 ex
637 970 777 1008 eodem
800 972 964 1009 concilio
984 969 1230 1017 Laofficeno,
1260 975 1305 1006 ut
1326 981 1494 1006 canones
1519 971 1571 1009 22
1590 977 1629 1006 et
1649 971 1703 1009 23

253 1030 559 1080 interpretantur
584 1029 758 1064 Zonaras
781 1034 820 1064 et
837 1029 1069 1074 Balsamon,
1099 1023 1435 1077 quemadmodum
1460 1023 1615 1063 diaconi
1637 1037 1704 1062 sa-

254 1087 330 1122 cris
346 1085 511 1121 bematis
529 1083 677 1121 foribus
699 1090 905 1134 praeerant
923 1089 1079 1120 auctore
1096 1082 1286 1133 Dionysio
1305 1079 1354 1117 de
1367 1082 1595 1120 Ecclesiast.
1607 1083 1706 1119 Hie-

255 1139 408 1180 rarchia
430 1153 464 1178 c.
482 1139 523 1181 5.
579 1141 634 1177 ita
652 1141 774 1190 igitur
794 1140 1042 1177 Silentiarius
1062 1145 1162 1189 part.
1180 1141 1207 1178 2
1227 1150 1266 1175 v.
1287 1135 1362 1178 25:

1015 1197 1097 1234 τῶν
1115 1208 1159 1247 γε
1177 1191 1249 1244 μὲν
1267 1191 1397 1233 ἄλλων

472 1246 668 1301 νηοκόρος
679 1247 891 1322 παλάμῃσι
905 1246 1105 1302 μεμυκότα
1123 1246 1271 1316 θαιρὸν
1288 1244 1438 1315 οἷνοίγει

472 1305 655 1357 ἑσπέριον
675 1306 765 1358 περὶ
784 1312 935 1358 τοῖχον,
966 1303 1007 1353 ὃς
1026 1302 1195 1353 υστατός
1218 1305 1298 1345 ἐστι
1317 1301 1532 1356 μελάθρου.

257 1376 373 1416 porro
393 1362 572 1413 pluribus
586 1364 708 1413 portis
724 1364 897 1414 patuisse
912 1361 1073 1400 aedium
1085 1374 1284 1401 sacrarum
1300 1359 1428 1399 aditus
1443 1362 1572 1400 innuit
1589 1363 1709 1399 etiam

255 1421 446 1459 Paulinus
471 1420 561 1456 Nat.
583 1419 634 1458 9:

800 1472 1030 1525 gaudetque
1039 1474 1125 1524 piis
1140 1487 1216 1511 sua
1236 1475 1390 1510 moenia
1408 1474 1517 1511 vinci

475 1529 662 1575 coetibus,
691 1535 810 1579 atque
825 1530 984 1578 amplas
998 1530 1164 1579 populis
1184 1529 1457 1579 rumpentibus
1472 1529 1590 1568 aulas

474 1585 606 1622 laxari
625 1585 767 1622 densas
789 1598 996 1622 numerosa
1008 1599 1085 1634 per
1103 1587 1204 1622 ostia
1224 1585 1374 1622 turbas.

257 1638 369 1679 addit
396 1640 551 1692 Gyllius
565 1642 802 1678 maximum
830 1638 1023 1691 Sophiani
1049 1641 1190 1692 templi
1211 1639 1364 1678 aditum
1387 1640 1436 1678 ab
1461 1654 1602 1679 occasu
1625 1655 1711 1680 esse

256 1698 377 1749 plano
410 1697 534 1748 pede:
577 1710 652 1734 nec
683 1698 810 1744 enim,
847 1703 891 1734 ut
918 1695 1143 1734 Pantheum
1172 1698 1420 1745 Romanum,
1450 1696 1637 1748 gradibus
1667 1704 1717 1735 ut>

256 1754 353 1791 olim
373 1752 533 1791 ascendi
551 1760 620 1791 aut
644 1760 687 1790 ut
709 1765 814 1790 nunc
837 1751 1037 1790 descendi.

368 1838 437 1877 26.
494 1836 555 1878 Ab
595 1837 747 1873 oriente
779 1837 897 1873 unica
928 1835 1101 1886 aperitur
1129 1841 1265 1886 porta,
1307 1847 1406 1887 qua,
1444 1836 1575 1887 iuquit
1604 1833 1713 1872 idem

257 1892 436 1944 Gleius,
467 1893 693 1944 quinque„
673 1890 857 1929 oradibus
884 1890 1094 1929 descensus
1120 1897 1229 1942 patet
1246 1892 1288 1928 in
1310 1890 1465 1929 aedem.
1523 1892 1712 1930 Silentia-

258 1949 339 1986 rius
361 1954 461 1999 part.
482 1951 509 1989 2
529 1961 568 1985 v.
593 1951 697 1989 161:

475 1999 564 2043 ἄλλ’
584 2002 649 2044 ἔπι
670 2001 742 2055 μὲν
765 2001 979 2042 Φαέθοντα
996 1999 1103 2052 πύλη
1122 2001 1205 2052 μία.

258 2061 331 2110 τῆς
360 2054 462 2113 ἑῴας
489 2061 604 2096 istius
632 2056 761 2110 πύλης
788 2059 970 2095 meminit
997 2064 1132 2094 auctor
1158 2057 1354 2094 Historiae
1380 2055 1429 2095 de
1450 2058 1643 2095 miraculo
1671 2058 1714 2094 in

259 2127 370 2152 sacro
394 2114 580 2151 ecclesiae
602 2121 722 2165 puteo
747 2113 865 2151 edito.
922 2127 994 2164 per
1013 2111 1116 2149 hanc
1137 2111 1307 2164 denique
1331 2113 1544 2151 Sultanum
1567 2115 1714 2151 Turci-

259 2183 349 2207 cum
367 2170 562 2220 templum
582 2169 737 2220 ingredi
759 2171 890 2217 aiunt,
921 2180 972 2206 ex
995 2181 1072 2220 qua
1091 2169 1133 2205 in
1151 2171 1378 2219 proximam
1399 2171 1533 2207 aulam
1551 2169 1712 2218 secedit,

258 2224 310 2263 ad
336 2226 438 2262 latus
466 2226 634 2263 bematis
661 2225 920 2263 meridionale
942 2232 1188 2273 exstantem,
1217 2225 1284 2261 ubi
1307 2228 1506 2275 consistit,
1538 2239 1627 2263 cum
1647 2239 1713 2263 sa-

259 2283 335 2319 cris
356 2281 531 2333 profanis
550 2283 725 2319 interest.

369 2366 437 2405 27.
495 2365 677 2416 Denique
699 2364 750 2402 ad
769 2364 1078 2415 septentrionem
1095 2361 1294 2414 duplicem
1314 2371 1470 2415 portam
1488 2367 1623 2403 statuit
1645 2366 1715 2403 Si·-

259 2420 463 2458 lentiarius
486 2427 588 2472 part.
608 2425 635 2463 2
655 2433 695 2458 v
717 2419 814 2461 154:

118 2477 145 2510 P
170 2474 237 2513 543
1024 2471 1122 2527 πρὸς
1142 2471 1215 2526 μὲν
1240 2470 1368 2526 οἷήτην

476 2527 658 2586 αρκτῷον
678 2532 871 2583 ξυνοχῆας
891 2526 1148 2571 ἆνακλίνουσι
1170 2530 1378 2584 θὐρέτρων

476 2586 674 2639 διζυγέων.

263 2650 302 2681 et
323 2643 426 2680 infra
448 2656 487 2682 v.
513 2646 615 2685 161:

1021 2694 1122 2751 πρὸς
1141 2695 1184 2738 δὲ
1201 2700 1387 2750 κελαινῆς

475 2751 620 2802 νυκτός
638 2753 725 2802 ἕδος
742 2751 883 2806 δισσήν
902 2752 968 2794 ἐπὶ
985 2754 1139 2794 δικλίδα
1160 2752 1255 2803 λαός
1275 2751 1422 2795 ὁδεύει.

261 2818 300 2850 at
325 2825 417 2852 vero
449 2810 500 2849 ad
525 2809 732 2849 meridiem
758 2811 887 2850 nullas
905 2817 1037 2863 portas
1054 2811 1177 2848 fuisse
1196 2811 1397 2861 observat,
1427 2809 1499 2849 sed
1516 2824 1538 2847 e
1554 2811 1714 2861 regione
