1890 3224
609 175 999 220 HERACLIADOS
1032 175 1154 219 ACR.
1186 176 1240 218 II.
1591 173 1651 218 81

413 290 496 333 ἄνω
516 290 559 332 δὲ
578 294 735 344 μᾶλλον
753 290 826 345 τὴν
843 290 1004 346 λογικὴν
1021 288 1124 344 ἔχειν
1143 288 1279 348 φύσιν,

333 360 388 402 50
413 358 523 402 κάτω
548 360 591 401 δὲ
616 358 736 416 ῥῖψαι
759 361 826 401 καὶ
848 363 982 409 καλῶς
1004 360 1234 402 ἔκλακτίσαι

413 428 460 470 τὸ
480 426 761 485 κτηνόμορφον
783 431 856 482 τῆς
876 427 1044 478 ἀταξίας
1063 429 1183 485 τέρας
1191 460 1205 481 ,

413 495 471 551 μή
493 514 579 547 πως
598 502 909 553 παρατραπεῖσα
931 500 1005 551 τῆς
1025 497 1287 553 τετριμμένης

414 564 440 619 ἦ
463 569 674 622 φατνιῶσα
695 569 776 607 τῶν
798 569 954 622 φρενῶν
976 565 1121 616 ἀταξία

413 633 482 676 τὸν
505 638 600 676 νοῦν
624 632 749 691 ἑαυτῇ
769 631 1112 689 συμπλανώμενον
1135 631 1257 690 λάβῃ.

333 702 387 744 55
416 700 544 752 οὕτως
563 701 711 759 ἄριστα
732 703 828 753 τοὺς
848 704 1066 753 διεστῶτας
1087 700 1263 759 τρόπους

415 775 496 814 τῶν
517 772 768 827 δημαγωγῶν
789 769 1050 826 συμβιβάζεις
1069 769 1309 827 ταγμάτων,

416 841 482 882 καὶ
508 837 704 882 σύνθετόν
724 857 763 881 τι
785 842 886 891 ζῶον
910 841 954 890 ἐξ
979 841 1169 882 ἐναντίων

416 909 580 957 συνθεὶς
601 911 803 963 λογισμῶν
825 910 890 958 εἷς
903 908 1043 951 ἕνωσιν
1066 907 1274 965 ἣρμοσας,

415 978 482 1018 καὶ
503 975 597 1026 τοὺς
616 976 944 1033 ἀποσκιρτῶντας
963 974 1149 1031 ἀλλήλων
1170 974 1344 1033 τρόπους

334 1047 389 1087 60
415 1047 472 1095 εἷς
494 1042 539 1086 ἓν
562 1049 776 1099 συνῆψας,
810 1047 878 1087 καὶ
897 1043 1181 1102 κατώρθωσας
1197 1042 1322 1098 μόνος

418 1112 442 1155 ὃ
461 1113 519 1167 μὴ
541 1116 774 1167 κατορθοῦν
795 1110 1015 1168 εὐπόρησεν
1036 1111 1064 1166 ἦ
1088 1111 1224 1169 φύσις.

419 1179 548 1238 τούτῳ
570 1181 758 1230 θέλοντες
778 1184 836 1238 τῷ
858 1182 1034 1238 μεγίστῳ
1056 1178 1263 1237 πράγματι

419 1248 582 1304 μνήμην
603 1247 787 1303 συνάψαι
812 1247 1100 1306 συμφερόντως
1120 1247 1147 1303 ἦ
1169 1246 1285 1299 πόλις

418 1316 644 1374 γράφουσιν
662 1315 760 1372 ἡμῖν
778 1321 828 1373 τῇ
846 1315 1033 1360 κάτωθεν
1056 1315 1177 1359 εῗκόνι
1188 1330 1200 1341 ·

340 1387 393 1430 65
420 1389 454 1429 εἰ
474 1386 547 1440 τὴν
568 1385 652 1429 ἅνω
672 1386 751 1443 γὰρ
776 1386 900 1428 ἄλλον
921 1383 1021 1440 εἶχες
1044 1383 1272 1443 ζωγράφον.

472 1454 581 1497 Ἐπεὶ
606 1455 650 1497 δὲ
669 1453 850 1506 πάντας,
880 1452 1165 1497 οῗκοὸεσπότου
1185 1456 1312 1509 δίκην,

421 1523 515 1573 τοὺς
535 1522 650 1566 ἔνδον
669 1521 786 1578 ἡμῶν
807 1523 1078 1579 ἐξεχέρσωσας
1100 1521 1262 1574 τόπους,

422 1594 490 1634 καὶ
512 1592 586 1642 τὰς
605 1592 783 1642 ἐνοίκους
801 1596 881 1634 τῶν
902 1590 1163 1646 παθημάτων
1187 1592 1342 1649 φλέβας

422 1664 480 1717 τῷ
501 1665 562 1718 σῷ
580 1658 759 1710 κενώσας
780 1660 940 1714 εὐσεβεῖ
958 1660 1176 1717 καθαρσίῳ

342 1734 398 1772 70
424 1733 496 1782 τῆς
517 1729 630 1770 ἴνδον
653 1726 862 1782 ὠμότητος
881 1726 1015 1785 εἷρξας
1036 1728 1111 1782 τὴν
1132 1726 1308 1781 βλάβην,

427 1796 539 1846 ἐκτὸς
558 1797 602 1838 δὲ
623 1796 763 1838 λοιπὸν
787 1798 855 1838 καὶ
876 1796 928 1838 τὰ
950 1800 1024 1850 τῆς
1049 1794 1218 1854 Θρᾴκης
1239 1796 1340 1851 νέφη

422 1869 624 1918 χειμῶνας
644 1862 742 1918 ὗμΐν
759 1864 992 1918 ἐξανέστησε
1010 1861 1166 1917 μάχης,

427 1934 494 1974 καὶ
518 1937 576 1991 πῇ
598 1934 672 1988 μὲν
694 1931 721 1988 ἦ
741 1931 961 1990 Χάρυβδις
983 1930 1010 1987 ἧ
1030 1929 1328 1987 Σκυθότροφος

298 2109 344 2143 49
367 2105 439 2152 ἔχει
461 2108 504 2142 ed
645 2107 690 2143 65
714 2103 785 2152 εἶχε
807 2109 837 2143 P
979 2119 1035 2143 vv.
1058 2106 1222 2143 69-132
1243 2105 1368 2140 desunt
1391 2106 1499 2142 codici
1521 2109 1553 2143 P

210 2268 244 2300 et
259 2276 327 2311 quo
343 2265 449 2310 magis
463 2276 610 2311 superne
622 2265 823 2300 rationalem
839 2265 943 2300 habet
957 2267 1111 2300 naturam
1121 2290 1132 2307 ‚
1154 2264 1236 2310 (50)
1253 2264 1360 2309 magis
1374 2264 1516 2299 inferius
1531 2265 1680 2302 deiicere

210 2316 247 2345 et
259 2312 347 2346 bene
361 2311 543 2346 calcitrare
559 2312 792 2357 pecudiforme
807 2311 1025 2346 dissensionis
1039 2314 1226 2346 monstrum
1238 2339 1249 2356 ‚
1279 2311 1533 2356 timendumque
1556 2323 1600 2346 ne
1615 2314 1680 2348 ab-

210 2368 330 2391 errans
358 2368 378 2391 a
402 2357 486 2391 trita
508 2357 568 2391 via
581 2368 670 2402 quae
685 2357 810 2391 circum
825 2357 1028 2403 praecordia
1041 2357 1226 2392 stabulatur
1239 2356 1432 2398 discordia,
1462 2362 1609 2393 mentem
1624 2371 1681 2394 se·-

211 2414 286 2437 cum
299 2403 376 2448 ipsa
388 2403 524 2437 tandem
537 2403 572 2437 in
587 2414 737 2437 errorem
751 2405 876 2438 trahat.
924 2403 1008 2448 (55)
1030 2403 1081 2437 sic
1102 2403 1228 2448 optima
1254 2402 1385 2436 ratione
1410 2402 1585 2438 discordes
1599 2416 1681 2439 sen-

211 2449 338 2483 tentias
349 2449 442 2483 inter
455 2449 621 2494 primores
636 2448 788 2483 ordinum
803 2449 965 2483 concilias
975 2473 988 2490 ,
1020 2453 1056 2482 et
1068 2449 1206 2483 mixtum
1222 2448 1388 2493 quoddam
1404 2449 1525 2484 animal
1539 2462 1582 2484 ex
1599 2463 1684 2485 con-

212 2494 327 2529 trariis
341 2496 490 2529 formans
505 2494 655 2529 consiliis
670 2494 714 2529 ad
731 2494 894 2528 unitatem
908 2494 1060 2529 adducis.
1108 2495 1159 2529 sic
1173 2493 1440 2528 dissentientium
1463 2495 1608 2531 invicem
1631 2497 1684 2531 in-

212 2539 313 2584 genia
335 2541 417 2584 (60)
432 2540 466 2574 in
482 2552 582 2575 unum
598 2539 821 2582 contraxisti,
844 2544 880 2574 et
895 2540 988 2574 solus
1003 2540 1192 2575 emendasti
1207 2539 1299 2584 quod
1314 2539 1496 2575 emendare
1509 2543 1685 2586 nequisset

213 2589 349 2622 natura.
373 2586 531 2622 volentes
547 2598 609 2632 pro
624 2586 685 2620 tali
700 2597 806 2631 opere
821 2585 965 2620 maximo
979 2586 1170 2621 memoriam
1187 2597 1316 2631 ponere
1333 2588 1575 2621 convenienter
1591 2589 1685 2623 cives

214 2636 307 2664 tuam
321 2631 417 2665 nobis
430 2632 487 2666 hic
501 2633 656 2667 deorsum
671 2632 815 2678 pingunt
829 2631 1026 2676 imaginem:
1052 2632 1138 2676 (65)
1155 2642 1287 2665 sursum
1303 2631 1392 2664 enim
1405 2631 1554 2667 habuisti
1570 2634 1680 2678 picto-

214 2688 286 2711 rem
299 2676 453 2711 alterum.
498 2682 677 2724 postquam
693 2682 805 2712 autem
821 2682 949 2719 nostra,
972 2682 1012 2711 ut
1025 2677 1277 2723 paterfamilias,
1298 2676 1439 2712 rimatus
1454 2678 1545 2712 intus
1564 2690 1680 2712 emun—

214 2722 307 2756 dasti
321 2722 455 2757 viscera
464 2747 476 2764 ,
507 2727 544 2757 et
557 2723 748 2758 domesticis
761 2723 906 2757 imbutas
919 2723 1045 2758 morbis
1058 2734 1164 2757 venas
1179 2727 1241 2756 tua
1256 2722 1421 2757 evacuisti
1433 2724 1582 2768 piissima
1596 2735 1680 2768 pur-

215 2768 373 2812 gatione,
403 2768 485 2812 (70)
506 2769 688 2804 intestinae
709 2769 888 2803 cruditatis
910 2768 1068 2803 coercitis
1089 2768 1230 2803 damnis.
1275 2770 1346 2802 tum
1362 2773 1461 2804 extra
1476 2771 1621 2804 obortae
1636 2781 1680 2804 ex

216 2813 367 2849 Thracia
382 2814 524 2849 nebulae
539 2815 705 2860 procellas
719 2815 784 2849 tibi
798 2814 1004 2851 suscitarunt
1016 2814 1117 2858 belli;
1131 2818 1167 2848 et
1183 2824 1251 2859 qua
1266 2813 1461 2859 Charybdis
1478 2815 1679 2861 Scytharum
