1890 3224
536 212 611 255 AD
645 209 1017 255 NICEPHOR'UM
1049 209 1252 254 NOTAE.
1530 209 1626 256 105

173 331 234 363 est
259 321 305 373 4,
334 321 508 361 Heraclii
531 324 578 371 6,
604 319 754 361 Christi
782 322 886 370 616,
914 319 1114 373 siquidem
1139 333 1182 372 p.
1201 321 1283 362 888
1303 317 1386 358 kal.
1411 320 1544 358 Martii
1563 322 1628 359 fe-

173 382 276 419 riam
303 383 329 422 2
358 380 481 418 fuisse
514 377 633 429 dicit,
674 391 820 430 nempe
851 378 962 430 cyclo
994 380 1043 427 9,
1081 375 1373 416 litera'domin.
1405 378 1449 415 c.
1506 379 1629 429 igitur

173 451 211 475 a.
242 438 286 475 c.
314 439 417 486 616,
455 435 596 475 Indict.
626 434 675 484 4,
717 435 892 473 Heraclii
916 437 942 476 6
969 434 1068 473 Sues
1099 441 1224 472 castra
1254 433 1306 472 ad
1334 433 1630 472 chalcedonem

173 494 384 545 applicuit,
413 500 452 531 et
473 495 499 534 6
520 505 714 531 annorum
732 490 1053 543 prochmnismus
1070 503 1093 528 a
1114 490 1425 543 chronographis
1443 498 1483 528 et
1499 490 1630 530 histo·-

175 552 266 588 ricis
295 552 528 588 commissus
557 555 630 588 est.
685 561 780 586 nam
805 547 914 601 quod
930 549 991 585 illi
1008 561 1045 586 a.
1063 548 1238 586 Heraclii
1264 550 1335 596 12,
1367 546 1515 586 christi
1533 551 1630 597 621,

173 608 279 655 imo,
309 613 353 645 ut
382 614 518 658 postea
547 605 925 653 demonstrabimus,
955 606 1059 652 622,
1092 618 1139 642 ea
1157 605 1369 655 contigisse
1387 605 1527 643 volunt
1541 611 1634 656 post

172 661 344 715 pascha,
373 664 520 701 falsum
549 661 645 701 inde
680 663 925 700 convincitur
953 660 1062 713 quod
1088 674 1191 700 anno
1219 662 1393 699 Heraclii
1419 665 1467 702 11
1494 662 1632 713 copiae

172 721 443 757 Romanorum
468 722 510 757 in
542 721 680 758 Asiam
706 732 759 756 ex
785 720 945 769 Europa
969 719 1181 756 translatae
1201 725 1305 756 sunt.
1365 725 1405 755 at
1419 717 1522 755 illud
1541 725 1633 756 ante

173 777 277 815 Saae
307 777 550 829 colloquium
567 777 798 828 legatosque
818 776 960 813 missos
979 775 1065 813 fieri
1086 788 1168 813 non
1191 776 1338 826 potuit,
1366 781 1410 812 ut
1437 787 1490 812 ex
1512 777 1634 812 Nice-

172 831 300 884 phoro
327 840 460 871 nostro
485 832 649 871 evidens
675 839 757 871 est:
785 831 965 870 nondum
984 833 1091 869 enim
1109 832 1315 869 Heraclius
1335 830 1633 883 expeditionem

172 888 396 928 adornarat.
454 903 548 928 sane
572 902 675 942 quae
697 888 748 926 de
762 889 878 927 seito
901 887 1102 937 diximus,
1132 887 1202 926 diu
1227 895 1317 925 ante
1342 889 1516 926 Heraclii
1538 902 1634 940 pro-

172 947 385 984 fectionem
411 945 465 984 ad
484 945 777 984 Chalcedonem
797 958 888 983 cum
905 947 1142 996 imperatore
1159 945 1418 996 transegisse,
1453 944 1634 996 adstipu-

171 1003 340 1040 latorem
358 1002 506 1041 habent
526 1003 741 1054 Georgium
752 1003 1003 1054 Syncellum,
1025 1016 1079 1039 ex
1097 1015 1176 1054 quo
1190 1001 1393 1039 cedrenus
1409 1003 1485 1040 ista
1502 1009 1635 1039 trans-

171 1060 283 1107 tulit,
313 1058 385 1097 sed
402 1061 631 1108 nominum,
662 1057 712 1096 de
735 1071 815 1110 qua
835 1071 934 1097 mox
955 1057 1269 1110 disputabimus,
1299 1058 1491 1096 affinitate
1516 1058 1636 1096 dece-

170 1121 264 1167 ptus
283 1116 412 1153 alieno
428 1122 605 1166 tempore
621 1114 808 1152 reddidit.

284 1184 326 1222 p·
346 1172 400 1212 10
419 1184 458 1208 v.
480 1170 547 1212 15.
603 1167 781 1222 ἡγεμόνα
807 1172 890 1209 τῶν
922 1170 1159 1220 Περσικῶν]
1189 1167 1296 1210 Σάϊν
1322 1168 1430 1207 hunc
1461 1170 1636 1221 appellat

167 1226 376 1266 Cedrenus
407 1233 447 1264 et
471 1227 591 1265 Alex.
611 1225 850 1264 chronicon.
872 1238 967 1262 cave
989 1231 1124 1263 autem
1145 1238 1236 1262 cum
1258 1226 1380 1263 altero
1402 1226 1634 1275 confundas,

104 1293 114 1299 ‘
175 1297 297 1336 quem
322 1280 439 1335 Σάην
460 1290 598 1335 postea
615 1289 729 1321 vocat
747 1281 856 1319 idem
874 1280 1076 1319 ned-renus
1097 1294 1143 1319 ac
1162 1280 1451 1332 Theophanes,
1485 1284 1636 1321 Paulus

173 1342 372 1378 Diaconus
391 1339 547 1378 Sathin.
606 1352 707 1392 quae
726 1339 935 1376 nominum
952 1337 1123 1376 affmitas
1141 1338 1305 1375 mirifice
1324 1337 1637 1391 chronographis

174 1404 295 1449 atque
315 1397 519 1434 annalium
536 1396 790 1448 scriptoribus
804 1396 1010 1445 imposuit.
1067 1393 1235 1446 proinde
1254 1396 1310 1433 sic
1326 1393 1484 1444 habeto,
1516 1398 1637 1448 quin·-

175 1466 254 1506 que
286 1455 447 1492 omnino
478 1452 598 1491 duces
621 1466 644 1490 a
663 1451 836 1490 Chosroe
864 1458 998 1489 contra
1018 1452 1250 1489 Heraclium
1270 1453 1427 1490 missos.
1485 1455 1638 1504 primus

175 1517 236 1549 est
263 1507 398 1562 Σᾶης,
428 1523 546 1563 quem
575 1510 731 1548 Saitum
761 1509 936 1560 appellat
960 1515 1112 1557 noster,
1143 1521 1166 1545 a
1190 1521 1269 1561 quo
1287 1508 1535 1546 Alexandria
1555 1511 1639 1548 Ae-

175 1573 320 1619 gyptus
339 1574 457 1619 atque
476 1567 604 1604 omnis
625 1567 764 1604 Oriens
781 1571 957 1603 vastatus
975 1572 1049 1603 est.
1107 1563 1173 1602 hic
1194 1564 1304 1618 quod
1325 1567 1555 1603 Heraclium
1574 1568 1639 1604 vi-
1659 1568 1689 1602 P
1714 1568 1760 1604 63

174 1637 272 1661 vum
287 1622 340 1660 ad
355 1622 572 1661 chosroem
591 1635 672 1660 non
692 1620 938 1669 adduxisset,
970 1620 1143 1659 detracta
1163 1629 1251 1659 cute
1267 1623 1490 1660 miserrime
1507 1624 1638 1674 periit,

175 1686 267 1718 ante
287 1692 450 1717 omnem
470 1679 643 1715 Heraclii
660 1677 981 1728 expeditionem,
1013 1679 1124 1715 cuius
1151 1679 1222 1715 ille
1251 1680 1406 1729 legatos
1424 1686 1504 1716 tres
1526 1693 1547 1716 e
1567 1681 1642 1716 Bi—

174 1735 316 1787 thynia
344 1736 386 1772 in
415 1733 622 1772 Persidem
644 1746 781 1771 secum
803 1732 985 1770 abduxit.
1043 1733 1240 1771 secundus
1262 1741 1321 1771 est
1342 1735 1558 1783 Sarbarus,
1590 1735 1640 1773 de

166 1805 257 1844 >quo
277 1791 412 1829 crebra
430 1790 617 1842 deinceps
635 1791 800 1827 mentio.
857 1788 968 1826 idem
990 1787 1061 1826 vhic
1084 1790 1328 1827 Sarbanazas
1351 1802 1374 1826 a
1397 1790 1576 1828 cedreno
1600 1798 1641 1829 et

175 1847 428 1899 Theophane
459 1854 622 1885 vocatur
648 1859 685 1883 a.
712 1849 785 1894 13,
817 1852 856 1882 et
881 1846 1140 1895 Sarbarazas‚
1163 1848 1239 1898 ·qui
1260 1845 1312 1883 ad
1331 1847 1642 1898 oppugnandam

177 1905 336 1956 Cpolim
362 1905 508 1942 missus
535 1905 579 1941 in
607 1904 747 1940 itinere
771 1908 978 1940 revocatur
994 1915 1018 1939 a
1035 1900 1230 1951 chosroc,
1259 1903 1495 1955 iubeturque
1518 1905 1643 1956 copiis

178 1975 271 1999 cum
309 1961 550 1999 Sarablanca
580 1960 798 1997 coniunctis
832 1972 923 2011 cum
950 1959 1133 1996 Heraclio
1163 1971 1355 2010 pugnare.
1411 1962 1552 1998 tertius
1584 1968 1645 1999 est

178 2018 462 2066 Sarablancas,
492 2016 541 2055 de
568 2029 646 2069 quo
672 2016 856 2054 meminit
874 2014 1074 2054 Cedrenus
1097 2028 1144 2053 ac
1165 2014 1436 2067 Theophanes
1456 2030 1491 2055 a.
1512 2019 1643 2055 Hera-

179 2075 246 2112 clii
268 2074 334 2116 14.
389 2080 552 2126 quartus
583 2080 643 2111 est
674 2074 782 2121 Sais,
813 2073 924 2111 cuius
947 2073 1215 2110 meminerunt
1233 2072 1358 2110 iidem
1378 2086 1415 2111 a.
1436 2072 1490 2114 14
1521 2073 1574 2115 15
1604 2081 1644 2112 et

181 2133 234 2173 16
252 2144 263 2179 3
294 2143 372 2183 quo
391 2137 590 2183 postremo
608 2143 713 2168 anno
733 2131 861 2168 victus
888 2130 936 2166 ab
953 2130 1137 2167 Heraclio
1159 2142 1213 2167 ex
1229 2143 1408 2168 maerore
1431 2137 1550 2182 atque
1573 2143 1644 2168 ae·-

180 2187 382 2239 gritudine
410 2194 589 2225 mortuus
615 2194 688 2224 est.
748 2188 833 2224 eius
854 2199 995 2238 corpus
1017 2187 1281 2224 inveteratum
1307 2193 1346 2224 et
1369 2188 1412 2224 in
1433 2186 1644 2226 Persidem

182 2245 349 2281 allatum
366 2243 561 2282 chosroes
579 2244 763 2296 plurimis
784 2244 1034 2281 contumeliis
1052 2242 1198 2280 affecit.
1255 2244 1417 2295 quintus
1437 2250 1496 2281 est
1516 2245 1646 2282 Raza-

181 2307 262 2348 tes,
293 2301 363 2352 qui
383 2313 420 2337 a·
445 2302 496 2340 17
519 2300 568 2337 ab
591 2301 773 2338 Heraclio
793 2313 930 2338 caesus
949 2306 1021 2338 est.
1078 2300 1122 2337 fit
1145 2307 1183 2337 et
1205 2300 1367 2337 alterius
1393 2299 1504 2338 ducis
1527 2313 1646 2338 men-

182 2358 239 2394 tio
269 2369 292 2393 a
320 2357 510 2403 Leontio,
542 2358 612 2407 qui
643 2357 685 2398 S.
709 2358 866 2395 Ioannis
885 2353 1120 2408 Ἐλεήμονος
1138 2358 1262 2394 vitam
1290 2356 1437 2405 edidit,
1468 2370 1589 2409 quem
1610 2359 1647 2395 is

182 2415 434 2451 Rasmiszum
463 2419 578 2449 vocat
590 2441 601 2461 ,
632 2425 655 2449 a
674 2425 753 2465 quo
773 2420 926 2451 vastata
944 2414 1079 2451 scribit
1098 2414 1185 2451 loca
1205 2420 1360 2451 sancta:
1389 2427 1529 2451 verum
1550 2414 1647 2452 Sar-

182 2470 280 2508 baro
310 2469 355 2507 id
384 2468 603 2507 attribuunt
630 2470 762 2507 ceteri.
820 2470 893 2508 sub
921 2472 1050 2522 primo
1071 2470 1142 2508 illo
1164 2470 1242 2508 sae
1261 2471 1455 2507 militasse
1476 2471 1518 2508 S.
1535 2472 1648 2508 Ana-

180 2528 350 2565 rstasium
364 2555 375 2575 ,
405 2539 451 2563 ac
470 2538 560 2562 cum
580 2538 626 2563 eo
649 2524 941 2564 chalcedonem
957 2529 1115 2565 venisse
1132 2525 1362 2578 ibidemque
1381 2524 1647 2565 christianam

184 2581 308 2620 fidem
347 2583 580 2634 amplexum
616 2589 742 2620 castra
771 2583 1000 2635 reliquisse,
1029 2585 1072 2621 in
1107 2583 1329 2621 Annalibus
1365 2585 1557 2635 scriptum
1588 2590 1647 2621 est

149 2668 156 2677 x
187 2651 226 2676 a.
256 2639 301 2676 c.
331 2641 435 2687 621,
464 2639 637 2676 Heraclii
667 2641 733 2680 12.
789 2638 863 2677 sed
886 2652 978 2677 cum
1002 2653 1038 2678 a.
1062 2642 1143 2682 616
1167 2640 1341 2677 Heraclii
1360 2642 1386 2682 6
1411 2653 1648 2692 comparau-

190 2693 288 2732 dum
315 2694 423 2733 istud
450 2708 535 2733 esse
556 2696 675 2747 paulo
693 2702 783 2732 ante
803 2695 1008 2735 evidenter
1024 2704 1227 2735 ostensum
1245 2703 1318 2735 est.
1376 2698 1446 2749 qui
1463 2698 1647 2747 martyris

189 2753 314 2788 vitam
331 2750 508 2803 prodidit
525 2752 688 2790 Simeon
705 2750 1005 2803 Metaphrastes,
1035 2755 1090 2790 ita
1106 2752 1155 2790 de
1174 2753 1259 2792 eius
1276 2755 1531 2792 conversione
1549 2754 1652 2790 scri-

188 2808 271 2845 bit:
305 2815 389 2845 erat
407 2809 511 2845 enim
531 2809 566 2845 ei
581 2809 747 2860 quidam
754 2808 892 2860 frater
904 2823 1049 2861 genere
1069 2816 1105 2846 et
1122 2810 1351 2848 commilito.-
1381 2809 1498 2847 ambo
1517 2815 1652 2846 autem

192 2864 308 2902 relati
322 2865 366 2902 in
384 2878 591 2903 numerum
609 2866 796 2904 exercitus
819 2866 938 2914 Sain,
967 2873 1232 2919 veneruntque
1250 2881 1374 2921 usque
1388 2867 1448 2904 ad
1460 2866 1653 2918 incbytam
