<?xml version="1.0" encoding="UTF-8"?>
<!DOCTYPE html PUBLIC "-//W3C//DTD XHTML 1.0 Transitional//EN"
    "http://www.w3.org/TR/xhtml1/DTD/xhtml1-transitional.dtd">
<html xmlns="http://www.w3.org/1999/xhtml" xml:lang="en" lang="en">
 <head>
  <title>
</title>
<meta http-equiv="Content-Type" content="text/html;charset=utf-8" />
  <meta name='ocr-system' content='tesseract 3.04.00' />
  <meta name='ocr-capabilities' content='ocr_page ocr_carea ocr_par ocr_line ocrx_word'/>
</head>
<body>
  <div class='ocr_page' id='page_1' title='image "./corpusscriptorum42niebuoft/corpusscriptorum42niebuoft_0159.png"; bbox 0 0 1838 3210; ppageno 0'>
   <div class='ocr_carea' id='block_1_1' title="bbox 535 175 1603 235">
    <p class='ocr_par' dir='ltr' id='par_1_1' title="bbox 535 175 1603 235">
     <span class='ocr_line' id='line_1_1' title="bbox 535 175 1603 235; baseline 0.001 -3"><span class='ocrx_word' id='word_1_1' title='bbox 535 175 871 233; x_wconf 71' lang='lat' dir='ltr'><strong>DESCRIPTIO</strong></span> <span class='ocrx_word' id='word_1_2' title='bbox 898 187 1221 232; x_wconf 81' lang='lat' dir='ltr'>S.SOPH1AE.</span> <span class='ocrx_word' id='word_1_3' title='bbox 1509 185 1603 235; x_wconf 86' lang='lat'><strong>145</strong></span> 
     </span>
    </p>
   </div>
   <div class='ocr_carea' id='block_1_2' title="bbox 137 295 1731 2926">
    <p class='ocr_par' dir='ltr' id='par_1_2' title="bbox 137 295 1731 2926">
     <span class='ocr_line' id='line_1_2' title="bbox 150 295 1605 351; baseline -0.001 -15"><span class='ocrx_word' id='word_1_4' title='bbox 150 297 323 351; x_wconf 83' lang='lat' dir='ltr'><strong>duplicis</strong></span> <span class='ocrx_word' id='word_1_5' title='bbox 350 297 464 337; x_wconf 82' lang='lat' dir='ltr'><strong>istius</strong></span> <span class='ocrx_word' id='word_1_6' title='bbox 490 309 676 336; x_wconf 88' lang='lat' dir='ltr'><strong>ascensus</strong></span> <span class='ocrx_word' id='word_1_7' title='bbox 691 297 876 336; x_wconf 86' lang='lat' dir='ltr'><strong>meminit</strong></span> <span class='ocrx_word' id='word_1_8' title='bbox 895 297 1016 336; x_wconf 85' lang='lat' dir='ltr'><strong>etiam</strong></span> <span class='ocrx_word' id='word_1_9' title='bbox 1033 297 1329 336; x_wconf 84' lang='lat' dir='ltr'><strong>Cantacuzenus</strong></span> <span class='ocrx_word' id='word_1_10' title='bbox 1349 298 1373 338; x_wconf 95' lang='lat'>1</span> <span class='ocrx_word' id='word_1_11' title='bbox 1403 295 1453 338; x_wconf 84' lang='lat'><strong>41</strong></span> <span class='ocrx_word' id='word_1_12' title='bbox 1486 304 1526 335; x_wconf 89' lang='lat' dir='ltr'><strong>et</strong></span> <span class='ocrx_word' id='word_1_13' title='bbox 1551 310 1605 336; x_wconf 87' lang='lat' dir='ltr'><strong>ex</strong></span> 
     </span>
     <span class='ocr_line' id='line_1_3' title="bbox 150 353 1606 407; baseline -0.001 -14"><span class='ocrx_word' id='word_1_14' title='bbox 150 369 198 393; x_wconf 89' lang='lat' dir='ltr'><strong>eo</strong></span> <span class='ocrx_word' id='word_1_15' title='bbox 222 354 395 393; x_wconf 85' lang='lat' dir='ltr'><strong>Codinus</strong></span> <span class='ocrx_word' id='word_1_16' title='bbox 416 353 465 392; x_wconf 91' lang='lat' dir='ltr'><strong>de</strong></span> <span class='ocrx_word' id='word_1_17' title='bbox 485 355 597 394; x_wconf 88' lang='lat' dir='ltr'><strong>Offic.</strong></span> <span class='ocrx_word' id='word_1_18' title='bbox 615 368 650 392; x_wconf 90' lang='lat' dir='ltr'><strong>c.</strong></span> <span class='ocrx_word' id='word_1_19' title='bbox 669 358 743 404; x_wconf 89' lang='lat'><strong>17,</strong></span> <span class='ocrx_word' id='word_1_20' title='bbox 774 367 943 407; x_wconf 91' lang='lat' dir='ltr'><strong>quorum</strong></span> <span class='ocrx_word' id='word_1_21' title='bbox 970 355 1140 393; x_wconf 88' lang='lat' dir='ltr'><strong>alterum</strong></span> <span class='ocrx_word' id='word_1_22' title='bbox 1170 355 1306 393; x_wconf 78' lang='lat' dir='ltr'><strong>statuit</strong></span> <span class='ocrx_word' id='word_1_23' title='bbox 1327 355 1606 406; x_wconf 80' lang='lat' dir='ltr'><strong>respicientem</strong></span> 
     </span>
     <span class='ocr_line' id='line_1_4' title="bbox 149 408 1606 480; baseline 0.001 -31"><span class='ocrx_word' id='word_1_24' title='bbox 149 419 283 463; x_wconf 87' lang='lat' dir='ltr'><strong>portas</strong></span> <span class='ocrx_word' id='word_1_25' title='bbox 314 409 484 463; x_wconf 84' lang='grc' dir='ltr'><strong><em>ωραίας,</em></strong></span> <span class='ocrx_word' id='word_1_26' title='bbox 519 412 688 449; x_wconf 89' lang='lat' dir='ltr'><strong>alterum</strong></span> <span class='ocrx_word' id='word_1_27' title='bbox 716 410 860 452; x_wconf 81' lang='grc' dir='ltr'><strong><em>σολέαν</em></strong></span> <span class='ocrx_word' id='word_1_28' title='bbox 884 418 923 449; x_wconf 87' lang='lat' dir='ltr'><strong>et</strong></span> <span class='ocrx_word' id='word_1_29' title='bbox 946 411 1084 451; x_wconf 81' lang='lat' dir='ltr'><strong>bema:</strong></span> <span class='ocrx_word' id='word_1_30' title='bbox 1122 410 1344 463; x_wconf 76' lang='grc' dir='ltr'><strong><em>κατέρχεται</em></strong></span> <span class='ocrx_word' id='word_1_31' title='bbox 1375 409 1397 452; x_wconf 84' lang='grc' dir='ltr'><em>ὅ</em></span> <span class='ocrx_word' id='word_1_32' title='bbox 1394 408 1606 480; x_wconf 44' lang='grc' dir='ltr'><strong>’βασιλεὺς</strong></span> 
     </span>
     <span class='ocr_line' id='line_1_5' title="bbox 148 461 1606 537; baseline 0 -30"><span class='ocrx_word' id='word_1_33' title='bbox 148 470 223 508; x_wconf 76' lang='grc' dir='ltr'><strong>τοῦ</strong></span> <span class='ocrx_word' id='word_1_34' title='bbox 244 465 451 519; x_wconf 85' lang='grc' dir='ltr'><strong><em>αμβωνος,</em></strong></span> <span class='ocrx_word' id='word_1_35' title='bbox 482 463 558 508; x_wconf 70' lang='grc' dir='ltr'><strong>οὐκ</strong></span> <span class='ocrx_word' id='word_1_36' title='bbox 576 467 619 508; x_wconf 80' lang='grc' dir='ltr'><strong>ἐκ</strong></span> <span class='ocrx_word' id='word_1_37' title='bbox 637 470 711 508; x_wconf 85' lang='grc' dir='ltr'><strong>τοῦ</strong></span> <span class='ocrx_word' id='word_1_38' title='bbox 729 467 874 521; x_wconf 80' lang='grc' dir='ltr'><strong><em>μέρους</em></strong></span> <span class='ocrx_word' id='word_1_39' title='bbox 890 465 1025 537; x_wconf 80' lang='grc' dir='ltr'><strong><em>μέντοι</em></strong></span> <span class='ocrx_word' id='word_1_40' title='bbox 1042 461 1167 521; x_wconf 83' lang='grc' dir='ltr'><strong><em>ουπερ</em></strong></span> <span class='ocrx_word' id='word_1_41' title='bbox 1186 464 1361 520; x_wconf 82' lang='grc' dir='ltr'><strong><em>ανῆλθε,</em></strong></span> <span class='ocrx_word' id='word_1_42' title='bbox 1387 465 1516 536; x_wconf 78' lang='grc' dir='ltr'><strong><em>ἤγουν</em></strong></span> <span class='ocrx_word' id='word_1_43' title='bbox 1531 469 1606 509; x_wconf 78' lang='grc' dir='ltr'><strong>τοῦ</strong></span> 
     </span>
     <span class='ocr_line' id='line_1_6' title="bbox 147 519 1607 593; baseline 0 -29"><span class='ocrx_word' id='word_1_44' title='bbox 147 520 246 576; x_wconf 83' lang='grc' dir='ltr'><strong><em>πρὸς</em></strong></span> <span class='ocrx_word' id='word_1_45' title='bbox 267 539 338 572; x_wconf 84' lang='grc' dir='ltr'><strong><em>τας</em></strong></span> <span class='ocrx_word' id='word_1_46' title='bbox 359 523 509 593; x_wconf 48' lang='grc' dir='ltr'><strong><em>ὦραέας</em></strong></span> <span class='ocrx_word' id='word_1_47' title='bbox 531 520 662 572; x_wconf 77' lang='grc' dir='ltr'><strong><em>πύλας</em></strong></span> <span class='ocrx_word' id='word_1_48' title='bbox 681 522 876 577; x_wconf 68' lang='grc' dir='ltr'><strong><em>ὁρῶντος,</em></strong></span> <span class='ocrx_word' id='word_1_49' title='bbox 905 519 993 565; x_wconf 77' lang='grc' dir='ltr'><strong>ἄλλ’</strong></span> <span class='ocrx_word' id='word_1_50' title='bbox 1014 522 1059 565; x_wconf 67' lang='grc' dir='ltr'><strong>ἐκ</strong></span> <span class='ocrx_word' id='word_1_51' title='bbox 1075 526 1150 564; x_wconf 82' lang='grc' dir='ltr'><strong>τοῦ</strong></span> <span class='ocrx_word' id='word_1_52' title='bbox 1171 522 1305 576; x_wconf 77' lang='grc' dir='ltr'><strong><em>ἑτέρου</em></strong></span> <span class='ocrx_word' id='word_1_53' title='bbox 1321 525 1398 563; x_wconf 75' lang='grc' dir='ltr'><strong>τοῦ</strong></span> <span class='ocrx_word' id='word_1_54' title='bbox 1415 520 1517 576; x_wconf 80' lang='grc' dir='ltr'><strong><em>πρὸς</em></strong></span> <span class='ocrx_word' id='word_1_55' title='bbox 1533 520 1607 564; x_wconf 75' lang='grc' dir='ltr'><strong>τὸν</strong></span> 
     </span>
     <span class='ocr_line' id='line_1_7' title="bbox 149 577 1605 635; baseline -0.001 -15"><span class='ocrx_word' id='word_1_56' title='bbox 149 578 300 620; x_wconf 81' lang='grc' dir='ltr'><strong><em>σωλὲαν</em></strong></span> <span class='ocrx_word' id='word_1_57' title='bbox 321 579 391 621; x_wconf 81' lang='grc' dir='ltr'><strong><em>καὶ</em></strong></span> <span class='ocrx_word' id='word_1_58' title='bbox 411 578 455 622; x_wconf 81' lang='grc' dir='ltr'><strong>τὸ</strong></span> <span class='ocrx_word' id='word_1_59' title='bbox 480 577 597 635; x_wconf 73' lang='grc' dir='ltr'><strong><em>ἅγιον</em></strong></span> <span class='ocrx_word' id='word_1_60' title='bbox 619 580 745 633; x_wconf 83' lang='grc' dir='ltr'><strong><em>βῆμα.</em></strong></span> <span class='ocrx_word' id='word_1_61' title='bbox 803 593 989 619; x_wconf 86' lang='lat' dir='ltr'><strong>ascensus</strong></span> <span class='ocrx_word' id='word_1_62' title='bbox 1018 579 1070 618; x_wconf 89' lang='lat' dir='ltr'><strong>ad</strong></span> <span class='ocrx_word' id='word_1_63' title='bbox 1098 581 1292 619; x_wconf 83' lang='lat' dir='ltr'><strong>orientem</strong></span> <span class='ocrx_word' id='word_1_64' title='bbox 1313 581 1498 617; x_wconf 87' lang='lat' dir='ltr'><strong>meminit</strong></span> <span class='ocrx_word' id='word_1_65' title='bbox 1520 581 1605 619; x_wconf 83' lang='lat' dir='ltr'><strong>Leo</strong></span> 
     </span>
     <span class='ocr_line' id='line_1_8' title="bbox 149 632 1607 705; baseline 0.002 -32"><span class='ocrx_word' id='word_1_66' title='bbox 149 637 440 675; x_wconf 85' lang='lat' dir='ltr'><strong>Grammaticus</strong></span> <span class='ocrx_word' id='word_1_67' title='bbox 459 651 499 689; x_wconf 89' lang='lat' dir='ltr'><strong>p.</strong></span> <span class='ocrx_word' id='word_1_68' title='bbox 517 636 620 678; x_wconf 86' lang='lat'>466:</span> <span class='ocrx_word' id='word_1_69' title='bbox 651 637 840 688; x_wconf 77' lang='grc' dir='ltr'><strong><em>εἰσῆλθεν</em></strong></span> <span class='ocrx_word' id='word_1_70' title='bbox 858 635 996 705; x_wconf 44' lang='grc' dir='ltr'><strong>μέχρι-</strong></span> <span class='ocrx_word' id='word_1_71' title='bbox 1000 639 1082 678; x_wconf 77' lang='grc' dir='ltr'><strong><em>τοῖν</em></strong></span> <span class='ocrx_word' id='word_1_72' title='bbox 1108 635 1233 691; x_wconf 75' lang='grc' dir='ltr'><strong>ᾰγιῶν</strong></span> <span class='ocrx_word' id='word_1_73' title='bbox 1251 638 1421 689; x_wconf 72' lang='grc' dir='ltr'><strong><em>θυρίον,</em></strong></span> <span class='ocrx_word' id='word_1_74' title='bbox 1446 635 1516 676; x_wconf 78' lang='grc' dir='ltr'><strong><em>καὶ</em></strong></span> <span class='ocrx_word' id='word_1_75' title='bbox 1534 632 1607 677; x_wconf 76' lang='grc' dir='ltr'><strong>ἆν-</strong></span> 
     </span>
     <span class='ocr_line' id='line_1_9' title="bbox 148 689 1606 759; baseline -0.001 -27"><span class='ocrx_word' id='word_1_76' title='bbox 148 692 375 744; x_wconf 75' lang='grc' dir='ltr'><strong><em>τιστραφεὶς</em></strong></span> <span class='ocrx_word' id='word_1_77' title='bbox 411 690 534 746; x_wconf 82' lang='grc' dir='ltr'><strong><em>ανέβη</em></strong></span> <span class='ocrx_word' id='word_1_78' title='bbox 568 697 672 745; x_wconf 81' lang='grc' dir='ltr'><em>τρεῖς</em></span> <span class='ocrx_word' id='word_1_79' title='bbox 703 689 894 746; x_wconf 83' lang='grc' dir='ltr'><strong><em>βαθμους</em></strong></span> <span class='ocrx_word' id='word_1_80' title='bbox 920 695 996 734; x_wconf 77' lang='grc' dir='ltr'><strong>τοῦ</strong></span> <span class='ocrx_word' id='word_1_81' title='bbox 1025 691 1213 759; x_wconf 82' lang='grc' dir='ltr'><strong><em>αμβωνος</em></strong></span> <span class='ocrx_word' id='word_1_82' title='bbox 1239 691 1425 745; x_wconf 80' lang='grc' dir='ltr'><strong><em>ἔστεμμέν</em></strong></span> <span class='ocrx_word' id='word_1_83' title='bbox 1427 707 1484 740; x_wconf 84' lang='grc' dir='ltr'><strong>ος.</strong></span> <span class='ocrx_word' id='word_1_84' title='bbox 1552 705 1606 730; x_wconf 88' lang='lat' dir='ltr'><strong>ex</strong></span> 
     </span>
     <span class='ocr_line' id='line_1_10' title="bbox 147 744 1606 802; baseline 0.001 -16"><span class='ocrx_word' id='word_1_85' title='bbox 147 749 293 800; x_wconf 90' lang='lat' dir='ltr'><strong>quibus</strong></span> <span class='ocrx_word' id='word_1_86' title='bbox 304 749 507 788; x_wconf 88' lang='lat' dir='ltr'><strong>conficitur</strong></span> <span class='ocrx_word' id='word_1_87' title='bbox 514 756 718 801; x_wconf 90' lang='lat' dir='ltr'><strong>praeterea</strong></span> <span class='ocrx_word' id='word_1_88' title='bbox 729 746 939 787; x_wconf 81' lang='lat' dir='ltr'><strong>ambonem</strong></span> <span class='ocrx_word' id='word_1_89' title='bbox 958 750 1157 788; x_wconf 84' lang='lat' dir='ltr'><strong>exstitisse</strong></span> <span class='ocrx_word' id='word_1_90' title='bbox 1176 751 1280 787; x_wconf 88' lang='lat' dir='ltr'><strong>inter</strong></span> <span class='ocrx_word' id='word_1_91' title='bbox 1296 748 1446 802; x_wconf 83' lang='grc' dir='ltr'><strong><em>ωραίας</em></strong></span> <span class='ocrx_word' id='word_1_92' title='bbox 1461 744 1606 798; x_wconf 77' lang='grc' dir='ltr'><strong><em>πύλας,</em></strong></span> 
     </span>
     <span class='ocr_line' id='line_1_11' title="bbox 146 804 1606 858; baseline 0 -16"><span class='ocrx_word' id='word_1_93' title='bbox 146 817 220 856; x_wconf 88' lang='lat' dir='ltr'><strong>per</strong></span> <span class='ocrx_word' id='word_1_94' title='bbox 245 818 343 858; x_wconf 87' lang='lat' dir='ltr'><strong>quas</strong></span> <span class='ocrx_word' id='word_1_95' title='bbox 363 819 387 843; x_wconf 90' lang='lat' dir='ltr'><strong>a</strong></span> <span class='ocrx_word' id='word_1_96' title='bbox 405 819 482 844; x_wconf 91' lang='lat' dir='ltr'><strong>nao</strong></span> <span class='ocrx_word' id='word_1_97' title='bbox 503 819 574 844; x_wconf 88' lang='lat' dir='ltr'><strong>seu</strong></span> <span class='ocrx_word' id='word_1_98' title='bbox 598 804 749 844; x_wconf 90' lang='lat' dir='ltr'><strong>choro</strong></span> <span class='ocrx_word' id='word_1_99' title='bbox 738 819 781 843; x_wconf 87' lang='lat'><strong>111</strong></span> <span class='ocrx_word' id='word_1_100' title='bbox 802 818 998 857; x_wconf 82' lang='lat' dir='ltr'><strong>pronaum</strong></span> <span class='ocrx_word' id='word_1_101' title='bbox 1020 813 1060 844; x_wconf 91' lang='lat' dir='ltr'><strong>et</strong></span> <span class='ocrx_word' id='word_1_102' title='bbox 1077 804 1309 843; x_wconf 86' lang='lat' dir='ltr'><strong>narthecem</strong></span> <span class='ocrx_word' id='word_1_103' title='bbox 1335 806 1466 843; x_wconf 83' lang='lat' dir='ltr'><strong>exitus</strong></span> <span class='ocrx_word' id='word_1_104' title='bbox 1488 812 1606 856; x_wconf 88' lang='lat' dir='ltr'><strong>pate-</strong></span> 
     </span>
     <span class='ocr_line' id='line_1_12' title="bbox 146 861 1606 914; baseline 0.001 -15"><span class='ocrx_word' id='word_1_105' title='bbox 146 861 235 910; x_wconf 90' lang='lat' dir='ltr'><strong>bat,</strong></span> <span class='ocrx_word' id='word_1_106' title='bbox 266 869 305 899; x_wconf 90' lang='lat' dir='ltr'><strong>et</strong></span> <span class='ocrx_word' id='word_1_107' title='bbox 328 862 500 910; x_wconf 80' lang='lat' dir='ltr'><strong>soleam,</strong></span> <span class='ocrx_word' id='word_1_108' title='bbox 530 874 632 914; x_wconf 91' lang='lat' dir='ltr'><strong>quae</strong></span> <span class='ocrx_word' id='word_1_109' title='bbox 653 868 766 899; x_wconf 89' lang='lat' dir='ltr'><strong>extra</strong></span> <span class='ocrx_word' id='word_1_110' title='bbox 787 862 904 899; x_wconf 90' lang='lat' dir='ltr'><strong>bema</strong></span> <span class='ocrx_word' id='word_1_111' title='bbox 923 868 1026 911; x_wconf 85' lang='lat' dir='ltr'><strong>erat,</strong></span> <span class='ocrx_word' id='word_1_112' title='bbox 1056 862 1117 900; x_wconf 91' lang='lat' dir='ltr'><strong>uti</strong></span> <span class='ocrx_word' id='word_1_113' title='bbox 1142 862 1428 909; x_wconf 78' lang='lat' dir='ltr'><strong>indicavimu83</strong></span> <span class='ocrx_word' id='word_1_114' title='bbox 1460 862 1606 914; x_wconf 90' lang='lat' dir='ltr'><strong>quibus</strong></span> 
     </span>
     <span class='ocr_line' id='line_1_13' title="bbox 147 915 1606 970; baseline 0.001 -15"><span class='ocrx_word' id='word_1_115' title='bbox 147 919 399 956; x_wconf 83' lang='lat' dir='ltr'><strong>consentiunt</strong></span> <span class='ocrx_word' id='word_1_116' title='bbox 421 919 629 969; x_wconf 85' lang='lat' dir='ltr'><strong>scriptores</strong></span> <span class='ocrx_word' id='word_1_117' title='bbox 648 917 698 955; x_wconf 89' lang='lat' dir='ltr'><strong>de</strong></span> <span class='ocrx_word' id='word_1_118' title='bbox 717 915 815 955; x_wconf 82' lang='lat' dir='ltr'><strong>aede</strong></span> <span class='ocrx_word' id='word_1_119' title='bbox 839 916 1041 970; x_wconf 88' lang='lat' dir='ltr'><strong>Sophiana</strong></span> <span class='ocrx_word' id='word_1_120' title='bbox 1055 947 1067 967; x_wconf 94' lang='lat'>‚</span> <span class='ocrx_word' id='word_1_121' title='bbox 1098 916 1199 959; x_wconf 81' lang='lat' dir='ltr'><strong>dum</strong></span> <span class='ocrx_word' id='word_1_122' title='bbox 1215 919 1326 956; x_wconf 89' lang='lat' dir='ltr'><strong>aiunt</strong></span> <span class='ocrx_word' id='word_1_123' title='bbox 1342 919 1606 956; x_wconf 88' lang='lat' dir='ltr'><strong>Iustinianum</strong></span> 
     </span>
     <span class='ocr_line' id='line_1_14' title="bbox 147 973 1605 1026; baseline 0.002 -16"><span class='ocrx_word' id='word_1_124' title='bbox 147 973 323 1011; x_wconf 86' lang='lat' dir='ltr'><strong>confecto</strong></span> <span class='ocrx_word' id='word_1_125' title='bbox 343 975 493 1026; x_wconf 90' lang='lat' dir='ltr'><strong>templo</strong></span> <span class='ocrx_word' id='word_1_126' title='bbox 512 973 614 1012; x_wconf 89' lang='lat' dir='ltr'><strong>illud</strong></span> <span class='ocrx_word' id='word_1_127' title='bbox 632 975 868 1026; x_wconf 85' lang='lat' dir='ltr'><strong>ingressum,</strong></span> <span class='ocrx_word' id='word_1_128' title='bbox 890 981 929 1012; x_wconf 88' lang='lat' dir='ltr'><strong>et</strong></span> <span class='ocrx_word' id='word_1_129' title='bbox 946 988 970 1012; x_wconf 88' lang='lat' dir='ltr'><strong>a</strong></span> <span class='ocrx_word' id='word_1_130' title='bbox 987 975 1123 1026; x_wconf 85' lang='lat' dir='ltr'><strong>Regiis</strong></span> <span class='ocrx_word' id='word_1_131' title='bbox 1139 975 1264 1026; x_wconf 86' lang='lat' dir='ltr'><strong>portis</strong></span> <span class='ocrx_word' id='word_1_132' title='bbox 1281 987 1352 1012; x_wconf 85' lang='lat' dir='ltr'><strong>seu</strong></span> <span class='ocrx_word' id='word_1_133' title='bbox 1368 975 1605 1026; x_wconf 79' lang='grc' dir='ltr'><strong><em>βασιλικαῖς,</em></strong></span> 
     </span>
     <span class='ocr_line' id='line_1_15' title="bbox 146 1029 1606 1083; baseline 0.001 -16"><span class='ocrx_word' id='word_1_134' title='bbox 146 1042 250 1082; x_wconf 90' lang='lat' dir='ltr'><strong>quae</strong></span> <span class='ocrx_word' id='word_1_135' title='bbox 281 1030 446 1068; x_wconf 89' lang='lat' dir='ltr'><strong>eaedem</strong></span> <span class='ocrx_word' id='word_1_136' title='bbox 474 1037 566 1069; x_wconf 85' lang='lat' dir='ltr'><strong>sunt</strong></span> <span class='ocrx_word' id='word_1_137' title='bbox 595 1044 687 1068; x_wconf 89' lang='lat' dir='ltr'><strong>cum</strong></span> <span class='ocrx_word' id='word_1_138' title='bbox 712 1031 930 1083; x_wconf 86' lang='lat' dir='ltr'><strong>Speciosis,</strong></span> <span class='ocrx_word' id='word_1_139' title='bbox 961 1029 1014 1069; x_wconf 91' lang='lat' dir='ltr'><strong>ad</strong></span> <span class='ocrx_word' id='word_1_140' title='bbox 1041 1031 1254 1068; x_wconf 83' lang='lat' dir='ltr'><strong>ambonem</strong></span> <span class='ocrx_word' id='word_1_141' title='bbox 1273 1032 1532 1082; x_wconf 86' lang='lat' dir='ltr'><strong>processisse,</strong></span> <span class='ocrx_word' id='word_1_142' title='bbox 1565 1036 1606 1068; x_wconf 87' lang='lat' dir='ltr'><strong>et</strong></span> 
     </span>
     <span class='ocr_line' id='line_1_16' title="bbox 145 1083 1606 1139; baseline 0.001 -17"><span class='ocrx_word' id='word_1_143' title='bbox 145 1087 189 1123; x_wconf 88' lang='lat' dir='ltr'><strong>in</strong></span> <span class='ocrx_word' id='word_1_144' title='bbox 208 1085 307 1123; x_wconf 91' lang='lat' dir='ltr'><strong>haec</strong></span> <span class='ocrx_word' id='word_1_145' title='bbox 323 1087 443 1124; x_wconf 79' lang='lat' dir='ltr'><strong>verba</strong></span> <span class='ocrx_word' id='word_1_146' title='bbox 462 1088 727 1135; x_wconf 86' lang='lat' dir='ltr'><strong>exclamasse,</strong></span> <span class='ocrx_word' id='word_1_147' title='bbox 756 1083 948 1139; x_wconf 79' lang='grc' dir='ltr'><strong><em>νενίκηκοὶ</em></strong></span> <span class='ocrx_word' id='word_1_148' title='bbox 970 1099 1015 1127; x_wconf 82' lang='grc' dir='ltr'><strong>σε</strong></span> <span class='ocrx_word' id='word_1_149' title='bbox 1034 1084 1242 1139; x_wconf 67' lang='grc' dir='ltr'><strong><em>Σολομῶν.</em></strong></span> <span class='ocrx_word' id='word_1_150' title='bbox 1298 1088 1355 1124; x_wconf 89' lang='lat' dir='ltr'><strong>ita</strong></span> <span class='ocrx_word' id='word_1_151' title='bbox 1369 1100 1487 1139; x_wconf 89' lang='lat' dir='ltr'><strong>porro</strong></span> <span class='ocrx_word' id='word_1_152' title='bbox 1507 1100 1606 1125; x_wconf 88' lang='lat' dir='ltr'><strong>con-</strong></span> 
     </span>
     <span class='ocr_line' id='line_1_17' title="bbox 144 1141 1605 1192; baseline 0.001 -13"><span class='ocrx_word' id='word_1_153' title='bbox 144 1143 241 1180; x_wconf 87' lang='lat' dir='ltr'><strong>fecti</strong></span> <span class='ocrx_word' id='word_1_154' title='bbox 270 1150 380 1181; x_wconf 85' lang='lat' dir='ltr'><strong>erant</strong></span> <span class='ocrx_word' id='word_1_155' title='bbox 405 1144 492 1181; x_wconf 87' lang='lat' dir='ltr'><strong>bini</strong></span> <span class='ocrx_word' id='word_1_156' title='bbox 519 1144 587 1181; x_wconf 89' lang='lat' dir='ltr'><strong>isti</strong></span> <span class='ocrx_word' id='word_1_157' title='bbox 614 1156 820 1192; x_wconf 90' lang='lat' dir='ltr'><strong>ascensus,</strong></span> <span class='ocrx_word' id='word_1_158' title='bbox 850 1150 895 1180; x_wconf 92' lang='lat' dir='ltr'><strong>ut</strong></span> <span class='ocrx_word' id='word_1_159' title='bbox 918 1143 995 1181; x_wconf 89' lang='lat' dir='ltr'><strong>sibi</strong></span> <span class='ocrx_word' id='word_1_160' title='bbox 1018 1144 1191 1181; x_wconf 80' lang='lat' dir='ltr'><strong>invicem</strong></span> <span class='ocrx_word' id='word_1_161' title='bbox 1220 1141 1377 1181; x_wconf 80' lang='lat' dir='ltr'><strong>adversi</strong></span> <span class='ocrx_word' id='word_1_162' title='bbox 1407 1145 1451 1180; x_wconf 87' lang='lat' dir='ltr'><strong>in</strong></span> <span class='ocrx_word' id='word_1_163' title='bbox 1478 1155 1605 1181; x_wconf 86' lang='lat' dir='ltr'><strong>unum</strong></span> 
     </span>
     <span class='ocr_line' id='line_1_18' title="bbox 145 1199 1676 1249; baseline 0.001 -13"><span class='ocrx_word' id='word_1_164' title='bbox 145 1199 315 1249; x_wconf 89' lang='lat' dir='ltr'><strong>coirent,</strong></span> <span class='ocrx_word' id='word_1_165' title='bbox 354 1206 393 1238; x_wconf 89' lang='lat' dir='ltr'><strong>et</strong></span> <span class='ocrx_word' id='word_1_166' title='bbox 430 1200 566 1238; x_wconf 89' lang='lat' dir='ltr'><strong>locum</strong></span> <span class='ocrx_word' id='word_1_167' title='bbox 599 1205 768 1238; x_wconf 89' lang='lat' dir='ltr'><strong>teretem</strong></span> <span class='ocrx_word' id='word_1_168' title='bbox 799 1212 871 1238; x_wconf 89' lang='lat' dir='ltr'><strong>seu</strong></span> <span class='ocrx_word' id='word_1_169' title='bbox 910 1199 1103 1237; x_wconf 89' lang='lat' dir='ltr'><strong>circulum</strong></span> <span class='ocrx_word' id='word_1_170' title='bbox 1141 1199 1356 1238; x_wconf 88' lang='lat' dir='ltr'><strong>efficerent.</strong></span> <span class='ocrx_word' id='word_1_171' title='bbox 1412 1199 1605 1239; x_wconf 85' lang='lat' dir='ltr'><strong>Silentia·</strong></span> <span class='ocrx_word' id='word_1_172' title='bbox 1669 1203 1676 1211; x_wconf 88' lang='grc'><em>“</em></span> 
     </span>
     <span class='ocr_line' id='line_1_19' title="bbox 144 1255 256 1294; baseline 0.018 -2"><span class='ocrx_word' id='word_1_173' title='bbox 144 1255 227 1294; x_wconf 84' lang='lat' dir='ltr'><strong>rius</strong></span> <span class='ocrx_word' id='word_1_174' title='bbox 243 1267 256 1293; x_wconf 90' lang='lat'>:</span> 
     </span>
     <span class='ocr_line' id='line_1_20' title="bbox 362 1306 1326 1379; baseline 0.001 -27"><span class='ocrx_word' id='word_1_175' title='bbox 362 1310 440 1353; x_wconf 82' lang='grc' dir='ltr'><strong>εἰσι</strong></span> <span class='ocrx_word' id='word_1_176' title='bbox 458 1308 533 1366; x_wconf 68' lang='grc' dir='ltr'><strong>γὰρ</strong></span> <span class='ocrx_word' id='word_1_177' title='bbox 555 1306 784 1365; x_wconf 77' lang='grc' dir='ltr'><strong>ἆλλήλοισιν</strong></span> <span class='ocrx_word' id='word_1_178' title='bbox 804 1310 1002 1363; x_wconf 77' lang='grc' dir='ltr'><strong><em>ἐναντίαι,</em></strong></span> <span class='ocrx_word' id='word_1_179' title='bbox 1033 1306 1257 1379; x_wconf 66' lang='grc' dir='ltr'><strong><em>ἀμφότεραι</em></strong></span> <span class='ocrx_word' id='word_1_180' title='bbox 1281 1309 1326 1353; x_wconf 78' lang='grc' dir='ltr'><strong>δὲ</strong></span> 
     </span>
     <span class='ocr_line' id='line_1_21' title="bbox 363 1364 1326 1423; baseline 0 -15"><span class='ocrx_word' id='word_1_181' title='bbox 363 1368 466 1416; x_wconf 80' lang='grc' dir='ltr'><strong>εἰς”</strong></span> <span class='ocrx_word' id='word_1_182' title='bbox 443 1384 513 1408; x_wconf 81' lang='grc' dir='ltr'><strong><em>ενα</em></strong></span> <span class='ocrx_word' id='word_1_183' title='bbox 532 1383 662 1422; x_wconf 82' lang='grc' dir='ltr'><strong><em>χωρον</em></strong></span> <span class='ocrx_word' id='word_1_184' title='bbox 683 1366 850 1421; x_wconf 82' lang='grc' dir='ltr'><strong><em>αγουσιν</em></strong></span> <span class='ocrx_word' id='word_1_185' title='bbox 868 1368 960 1409; x_wconf 76' lang='grc' dir='ltr'><strong><em>ἴσον</em></strong></span> <span class='ocrx_word' id='word_1_186' title='bbox 980 1365 1165 1422; x_wconf 78' lang='grc' dir='ltr'><strong>περιήγεϊ</strong></span> <span class='ocrx_word' id='word_1_187' title='bbox 1179 1364 1326 1423; x_wconf 79' lang='grc' dir='ltr'><strong><em>κύκλῳ.</em></strong></span> 
     </span>
     <span class='ocr_line' id='line_1_22' title="bbox 144 1422 1604 1477; baseline -0.001 -14"><span class='ocrx_word' id='word_1_188' title='bbox 144 1422 252 1463; x_wconf 89' lang='lat' dir='ltr'><strong>unde</strong></span> <span class='ocrx_word' id='word_1_189' title='bbox 279 1424 415 1474; x_wconf 81' lang='lat' dir='ltr'><strong>colligi</strong></span> <span class='ocrx_word' id='word_1_190' title='bbox 434 1423 591 1462; x_wconf 81' lang='lat' dir='ltr'><strong>videtur</strong></span> <span class='ocrx_word' id='word_1_191' title='bbox 617 1425 830 1462; x_wconf 88' lang='lat' dir='ltr'><strong>ambonem</strong></span> <span class='ocrx_word' id='word_1_192' title='bbox 850 1423 984 1462; x_wconf 89' lang='lat' dir='ltr'><strong>media</strong></span> <span class='ocrx_word' id='word_1_193' title='bbox 1011 1425 1055 1462; x_wconf 90' lang='lat' dir='ltr'><strong>in</strong></span> <span class='ocrx_word' id='word_1_194' title='bbox 1083 1423 1181 1463; x_wconf 87' lang='lat' dir='ltr'><strong>aede</strong></span> <span class='ocrx_word' id='word_1_195' title='bbox 1209 1425 1429 1472; x_wconf 80' lang='lat' dir='ltr'><strong>exstitisse,</strong></span> <span class='ocrx_word' id='word_1_196' title='bbox 1458 1436 1604 1477; x_wconf 87' lang='lat' dir='ltr'><strong>neque,</strong></span> 
     </span>
     <span class='ocr_line' id='line_1_23' title="bbox 143 1479 1604 1534; baseline -0.001 -15"><span class='ocrx_word' id='word_1_197' title='bbox 143 1488 190 1519; x_wconf 92' lang='lat' dir='ltr'><strong>ut</strong></span> <span class='ocrx_word' id='word_1_198' title='bbox 216 1479 336 1519; x_wconf 90' lang='lat' dir='ltr'><strong>hodie</strong></span> <span class='ocrx_word' id='word_1_199' title='bbox 364 1481 516 1518; x_wconf 88' lang='lat' dir='ltr'><strong>maiora</strong></span> <span class='ocrx_word' id='word_1_200' title='bbox 547 1482 803 1519; x_wconf 86' lang='lat' dir='ltr'><strong>ecclesiarum</strong></span> <span class='ocrx_word' id='word_1_201' title='bbox 824 1482 1000 1533; x_wconf 86' lang='lat' dir='ltr'><strong>pulpita,</strong></span> <span class='ocrx_word' id='word_1_202' title='bbox 1029 1487 1239 1534; x_wconf 86' lang='lat' dir='ltr'><strong>utramque</strong></span> <span class='ocrx_word' id='word_1_203' title='bbox 1263 1482 1388 1533; x_wconf 88' lang='lat' dir='ltr'><strong>pilam</strong></span> <span class='ocrx_word' id='word_1_204' title='bbox 1411 1482 1604 1532; x_wconf 74' lang='lat' dir='ltr'><strong>attigisse.</strong></span> 
     </span>
     <span class='ocr_line' id='line_1_24' title="bbox 145 1535 1601 1590; baseline 0 -16"><span class='ocrx_word' id='word_1_205' title='bbox 145 1544 264 1590; x_wconf 89' lang='lat' dir='ltr'><strong>atque</strong></span> <span class='ocrx_word' id='word_1_206' title='bbox 293 1535 338 1574; x_wconf 87' lang='lat' dir='ltr'><strong>id</strong></span> <span class='ocrx_word' id='word_1_207' title='bbox 367 1538 513 1574; x_wconf 81' lang='lat' dir='ltr'><strong>evincit</strong></span> <span class='ocrx_word' id='word_1_208' title='bbox 538 1549 622 1575; x_wconf 83' lang='lat' dir='ltr'><strong>vox</strong></span> <span class='ocrx_word' id='word_1_209' title='bbox 648 1552 822 1589; x_wconf 81' lang='grc' dir='ltr'><strong><em>πυργος,</em></strong></span> <span class='ocrx_word' id='word_1_210' title='bbox 856 1550 935 1589; x_wconf 91' lang='lat' dir='ltr'><strong>quo</strong></span> <span class='ocrx_word' id='word_1_211' title='bbox 963 1537 1081 1574; x_wconf 88' lang='lat' dir='ltr'><strong>ambo</strong></span> <span class='ocrx_word' id='word_1_212' title='bbox 1110 1536 1279 1575; x_wconf 85' lang='lat' dir='ltr'><strong>donatur</strong></span> <span class='ocrx_word' id='word_1_213' title='bbox 1306 1550 1330 1575; x_wconf 91' lang='lat' dir='ltr'><strong>a</strong></span> <span class='ocrx_word' id='word_1_214' title='bbox 1360 1537 1601 1585; x_wconf 87' lang='lat' dir='ltr'><strong>Silentiario‚</strong></span> 
     </span>
     <span class='ocr_line' id='line_1_25' title="bbox 145 1591 1603 1646; baseline 0 -15"><span class='ocrx_word' id='word_1_215' title='bbox 145 1606 247 1646; x_wconf 86' lang='lat' dir='ltr'><strong>quae</strong></span> <span class='ocrx_word' id='word_1_216' title='bbox 271 1605 366 1630; x_wconf 82' lang='lat' dir='ltr'><strong>cum</strong></span> <span class='ocrx_word' id='word_1_217' title='bbox 389 1594 555 1630; x_wconf 89' lang='lat' dir='ltr'><strong>minime</strong></span> <span class='ocrx_word' id='word_1_218' title='bbox 583 1593 748 1644; x_wconf 86' lang='lat' dir='ltr'><strong>pulpitis</strong></span> <span class='ocrx_word' id='word_1_219' title='bbox 779 1591 982 1631; x_wconf 83' lang='lat' dir='ltr'><strong>hodiernis</strong></span> <span class='ocrx_word' id='word_1_220' title='bbox 1005 1595 1234 1641; x_wconf 83' lang='lat' dir='ltr'><strong>conveniat,</strong></span> <span class='ocrx_word' id='word_1_221' title='bbox 1261 1592 1420 1631; x_wconf 83' lang='lat' dir='ltr'><strong>videtur</strong></span> <span class='ocrx_word' id='word_1_222' title='bbox 1437 1594 1507 1632; x_wconf 82' lang='lat' dir='ltr'><strong>ille</strong></span> <span class='ocrx_word' id='word_1_223' title='bbox 1524 1606 1603 1644; x_wconf 93' lang='lat' dir='ltr'><strong>po-</strong></span> 
     </span>
     <span class='ocr_line' id='line_1_26' title="bbox 143 1647 1602 1702; baseline 0 -15"><span class='ocrx_word' id='word_1_224' title='bbox 143 1653 223 1688; x_wconf 87' lang='lat' dir='ltr'><strong>tius</strong></span> <span class='ocrx_word' id='word_1_225' title='bbox 240 1648 426 1687; x_wconf 86' lang='lat' dir='ltr'><strong>habuisse</strong></span> <span class='ocrx_word' id='word_1_226' title='bbox 444 1648 541 1701; x_wconf 91' lang='lat' dir='ltr'><strong>quid</strong></span> <span class='ocrx_word' id='word_1_227' title='bbox 558 1649 688 1687; x_wconf 88' lang='lat' dir='ltr'><strong>simile</strong></span> <span class='ocrx_word' id='word_1_228' title='bbox 706 1662 795 1686; x_wconf 90' lang='lat' dir='ltr'><strong>cum</strong></span> <span class='ocrx_word' id='word_1_229' title='bbox 811 1650 861 1687; x_wconf 90' lang='lat' dir='ltr'><strong>iis</strong></span> <span class='ocrx_word' id='word_1_230' title='bbox 880 1647 1078 1687; x_wconf 86' lang='lat' dir='ltr'><strong>cathedris</strong></span> <span class='ocrx_word' id='word_1_231' title='bbox 1097 1650 1378 1688; x_wconf 87' lang='lat' dir='ltr'><strong>excelsioribus</strong></span> <span class='ocrx_word' id='word_1_232' title='bbox 1389 1679 1399 1698; x_wconf 97' lang='lat'><strong>,</strong></span> <span class='ocrx_word' id='word_1_233' title='bbox 1434 1662 1488 1687; x_wconf 87' lang='lat' dir='ltr'><strong>ex</strong></span> <span class='ocrx_word' id='word_1_234' title='bbox 1507 1651 1602 1702; x_wconf 88' lang='lat' dir='ltr'><strong>qui-</strong></span> 
     </span>
     <span class='ocr_line' id='line_1_27' title="bbox 142 1703 1601 1758; baseline 0 -14"><span class='ocrx_word' id='word_1_235' title='bbox 142 1707 217 1744; x_wconf 92' lang='lat' dir='ltr'><strong>bus</strong></span> <span class='ocrx_word' id='word_1_236' title='bbox 242 1707 534 1744; x_wconf 86' lang='lat' dir='ltr'><strong>concionatores</strong></span> <span class='ocrx_word' id='word_1_237' title='bbox 563 1706 782 1743; x_wconf 88' lang='lat' dir='ltr'><strong>orationem</strong></span> <span class='ocrx_word' id='word_1_238' title='bbox 809 1703 959 1743; x_wconf 82' lang='lat' dir='ltr'><strong>habent</strong></span> <span class='ocrx_word' id='word_1_239' title='bbox 982 1703 1035 1742; x_wconf 88' lang='lat' dir='ltr'><strong>ad</strong></span> <span class='ocrx_word' id='word_1_240' title='bbox 1061 1707 1276 1757; x_wconf 82' lang='lat' dir='ltr'><strong>populum,</strong></span> <span class='ocrx_word' id='word_1_241' title='bbox 1311 1719 1414 1758; x_wconf 90' lang='lat' dir='ltr'><strong>quae</strong></span> <span class='ocrx_word' id='word_1_242' title='bbox 1438 1707 1483 1743; x_wconf 89' lang='lat' dir='ltr'><strong>in</strong></span> <span class='ocrx_word' id='word_1_243' title='bbox 1505 1707 1601 1758; x_wconf 86' lang='lat' dir='ltr'><strong>qui-</strong></span> 
     </span>
     <span class='ocr_line' id='line_1_28' title="bbox 141 1759 1602 1813; baseline -0.001 -12"><span class='ocrx_word' id='word_1_244' title='bbox 141 1761 313 1801; x_wconf 88' lang='lat' dir='ltr'><strong>busdam</strong></span> <span class='ocrx_word' id='word_1_245' title='bbox 338 1762 514 1799; x_wconf 89' lang='lat' dir='ltr'><strong>ecclesiis</strong></span> <span class='ocrx_word' id='word_1_246' title='bbox 532 1759 607 1798; x_wconf 88' lang='lat' dir='ltr'><strong>hac</strong></span> <span class='ocrx_word' id='word_1_247' title='bbox 627 1762 747 1799; x_wconf 88' lang='lat' dir='ltr'><strong>etiam</strong></span> <span class='ocrx_word' id='word_1_248' title='bbox 765 1762 809 1798; x_wconf 86' lang='lat' dir='ltr'><strong>in</strong></span> <span class='ocrx_word' id='word_1_249' title='bbox 828 1767 941 1812; x_wconf 88' lang='lat' dir='ltr'><strong>parte</strong></span> <span class='ocrx_word' id='word_1_250' title='bbox 960 1768 1199 1800; x_wconf 79' lang='lat' dir='ltr'><strong>statuuntur.</strong></span> <span class='ocrx_word' id='word_1_251' title='bbox 1255 1761 1423 1813; x_wconf 89' lang='lat' dir='ltr'><strong>proinde</strong></span> <span class='ocrx_word' id='word_1_252' title='bbox 1449 1763 1602 1800; x_wconf 85' lang='lat' dir='ltr'><strong>exstitit</strong></span> 
     </span>
     <span class='ocr_line' id='line_1_29' title="bbox 142 1818 1600 1870; baseline 0.001 -15"><span class='ocrx_word' id='word_1_253' title='bbox 142 1819 260 1855; x_wconf 88' lang='lat' dir='ltr'><strong>ambo</strong></span> <span class='ocrx_word' id='word_1_254' title='bbox 281 1825 371 1855; x_wconf 88' lang='lat' dir='ltr'><strong>aute</strong></span> <span class='ocrx_word' id='word_1_255' title='bbox 391 1824 547 1868; x_wconf 87' lang='lat' dir='ltr'><strong>portam</strong></span> <span class='ocrx_word' id='word_1_256' title='bbox 565 1830 718 1854; x_wconf 83' lang='lat' dir='ltr'><strong>sacram</strong></span> <span class='ocrx_word' id='word_1_257' title='bbox 735 1818 948 1865; x_wconf 89' lang='lat' dir='ltr'><strong>maiorem,</strong></span> <span class='ocrx_word' id='word_1_258' title='bbox 981 1818 1056 1855; x_wconf 91' lang='lat' dir='ltr'><strong>etsi</strong></span> <span class='ocrx_word' id='word_1_259' title='bbox 1078 1818 1127 1854; x_wconf 90' lang='lat' dir='ltr'><strong>ab</strong></span> <span class='ocrx_word' id='word_1_260' title='bbox 1151 1830 1197 1855; x_wconf 85' lang='lat' dir='ltr'><strong>ea</strong></span> <span class='ocrx_word' id='word_1_261' title='bbox 1217 1818 1421 1870; x_wconf 87' lang='lat' dir='ltr'><strong>aliquanto</strong></span> <span class='ocrx_word' id='word_1_262' title='bbox 1439 1818 1600 1868; x_wconf 85' lang='lat' dir='ltr'><strong>longius</strong></span> 
     </span>
     <span class='ocr_line' id='line_1_30' title="bbox 144 1871 1598 1925; baseline -0.001 -13"><span class='ocrx_word' id='word_1_263' title='bbox 144 1874 329 1922; x_wconf 87' lang='lat' dir='ltr'><strong>distaret,</strong></span> <span class='ocrx_word' id='word_1_264' title='bbox 361 1872 469 1925; x_wconf 92' lang='lat' dir='ltr'><strong>quod</strong></span> <span class='ocrx_word' id='word_1_265' title='bbox 495 1871 650 1911; x_wconf 85' lang='lat' dir='ltr'><strong>disertis</strong></span> <span class='ocrx_word' id='word_1_266' title='bbox 678 1873 807 1911; x_wconf 88' lang='lat' dir='ltr'><strong>verbis</strong></span> <span class='ocrx_word' id='word_1_267' title='bbox 834 1871 1007 1910; x_wconf 87' lang='lat' dir='ltr'><strong>declarat</strong></span> <span class='ocrx_word' id='word_1_268' title='bbox 1033 1873 1254 1911; x_wconf 84' lang='lat' dir='ltr'><strong>Germanus</strong></span> <span class='ocrx_word' id='word_1_269' title='bbox 1276 1872 1499 1925; x_wconf 86' lang='lat' dir='ltr'><strong>patriarcha</strong></span> <span class='ocrx_word' id='word_1_270' title='bbox 1519 1875 1598 1922; x_wconf 84' lang='grc' dir='ltr'><strong>ΟΡ,</strong></span> 
     </span>
     <span class='ocr_line' id='line_1_31' title="bbox 142 1925 1599 1982; baseline 0.001 -13"><span class='ocrx_word' id='word_1_271' title='bbox 142 1931 318 1970; x_wconf 88' lang='lat' dir='ltr'><strong>scribens</strong></span> <span class='ocrx_word' id='word_1_272' title='bbox 339 1927 406 1970; x_wconf 83' lang='grc' dir='ltr'><strong>τὸν</strong></span> <span class='ocrx_word' id='word_1_273' title='bbox 425 1927 595 1982; x_wconf 75' lang='grc' dir='ltr'><strong><em>ἅμβωνα</em></strong></span> <span class='ocrx_word' id='word_1_274' title='bbox 611 1926 689 1982; x_wconf 79' lang='grc' dir='ltr'><strong>πρὸ</strong></span> <span class='ocrx_word' id='word_1_275' title='bbox 706 1931 777 1981; x_wconf 82' lang='grc' dir='ltr'><strong>τῆς</strong></span> <span class='ocrx_word' id='word_1_276' title='bbox 793 1928 927 1981; x_wconf 79' lang='grc' dir='ltr'><strong><em>θύρας</em></strong></span> <span class='ocrx_word' id='word_1_277' title='bbox 942 1931 1014 1969; x_wconf 84' lang='grc' dir='ltr'><strong>τοῦ</strong></span> <span class='ocrx_word' id='word_1_278' title='bbox 1032 1925 1212 1981; x_wconf 82' lang='grc' dir='ltr'><strong><em>βήματος</em></strong></span> <span class='ocrx_word' id='word_1_279' title='bbox 1230 1929 1432 1971; x_wconf 76' lang='grc' dir='ltr'><strong><em>ἵστασθαι.</em></strong></span> <span class='ocrx_word' id='word_1_280' title='bbox 1488 1936 1599 1967; x_wconf 75' lang='lat' dir='ltr'><strong>tanta</strong></span> 
     </span>
     <span class='ocr_line' id='line_1_32' title="bbox 139 1986 1598 2039; baseline -0.001 -14"><span class='ocrx_word' id='word_1_281' title='bbox 139 2000 257 2039; x_wconf 90' lang='lat' dir='ltr'><strong>porro</strong></span> <span class='ocrx_word' id='word_1_282' title='bbox 280 1987 474 2037; x_wconf 85' lang='lat' dir='ltr'><strong>elegantia</strong></span> <span class='ocrx_word' id='word_1_283' title='bbox 493 1999 538 2023; x_wconf 92' lang='lat' dir='ltr'><strong>ac</strong></span> <span class='ocrx_word' id='word_1_284' title='bbox 554 1992 638 2023; x_wconf 83' lang='lat' dir='ltr'><strong>tam</strong></span> <span class='ocrx_word' id='word_1_285' title='bbox 659 1987 856 2024; x_wconf 90' lang='lat' dir='ltr'><strong>immenso</strong></span> <span class='ocrx_word' id='word_1_286' title='bbox 878 1991 1040 2036; x_wconf 87' lang='lat' dir='ltr'><strong>sumptu</strong></span> <span class='ocrx_word' id='word_1_287' title='bbox 1061 1986 1272 2024; x_wconf 88' lang='lat' dir='ltr'><strong>ambonem</strong></span> <span class='ocrx_word' id='word_1_288' title='bbox 1287 1987 1416 2038; x_wconf 88' lang='lat' dir='ltr'><strong>primo</strong></span> <span class='ocrx_word' id='word_1_289' title='bbox 1442 1987 1598 2023; x_wconf 83' lang='lat' dir='ltr'><strong>excita-</strong></span> 
     </span>
     <span class='ocr_line' id='line_1_33' title="bbox 140 2041 1597 2094; baseline -0.001 -13"><span class='ocrx_word' id='word_1_290' title='bbox 140 2051 201 2081; x_wconf 90' lang='lat' dir='ltr'><strong>rat</strong></span> <span class='ocrx_word' id='word_1_291' title='bbox 226 2044 484 2090; x_wconf 87' lang='lat' dir='ltr'><strong>Iustinianus,</strong></span> <span class='ocrx_word' id='word_1_292' title='bbox 513 2048 558 2079; x_wconf 90' lang='lat' dir='ltr'><strong>ut</strong></span> <span class='ocrx_word' id='word_1_293' title='bbox 583 2049 713 2080; x_wconf 87' lang='lat' dir='ltr'><strong>totum</strong></span> <span class='ocrx_word' id='word_1_294' title='bbox 740 2055 820 2079; x_wconf 89' lang='lat' dir='ltr'><strong>una</strong></span> <span class='ocrx_word' id='word_1_295' title='bbox 838 2055 929 2079; x_wconf 91' lang='lat' dir='ltr'><strong>cum</strong></span> <span class='ocrx_word' id='word_1_296' title='bbox 946 2042 1054 2080; x_wconf 92' lang='lat' dir='ltr'><strong>solea</strong></span> <span class='ocrx_word' id='word_1_297' title='bbox 1071 2054 1124 2079; x_wconf 85' lang='lat' dir='ltr'><strong>ex</strong></span> <span class='ocrx_word' id='word_1_298' title='bbox 1139 2041 1324 2094; x_wconf 84' lang='lat' dir='ltr'><strong>onychite</strong></span> <span class='ocrx_word' id='word_1_299' title='bbox 1346 2041 1479 2094; x_wconf 88' lang='lat' dir='ltr'><strong>lapide</strong></span> <span class='ocrx_word' id='word_1_300' title='bbox 1499 2055 1597 2079; x_wconf 90' lang='lat' dir='ltr'><strong>con-</strong></span> 
     </span>
     <span class='ocr_line' id='line_1_34' title="bbox 138 2097 1597 2150; baseline -0.001 -13"><span class='ocrx_word' id='word_1_301' title='bbox 138 2100 297 2147; x_wconf 87' lang='lat' dir='ltr'><strong>fecerit,</strong></span> <span class='ocrx_word' id='word_1_302' title='bbox 326 2105 372 2136; x_wconf 91' lang='lat' dir='ltr'><strong>ut</strong></span> <span class='ocrx_word' id='word_1_303' title='bbox 398 2113 450 2136; x_wconf 86' lang='lat' dir='ltr'><strong>ex</strong></span> <span class='ocrx_word' id='word_1_304' title='bbox 478 2097 655 2136; x_wconf 88' lang='lat' dir='ltr'><strong>Cedreno</strong></span> <span class='ocrx_word' id='word_1_305' title='bbox 678 2097 957 2136; x_wconf 83' lang='lat' dir='ltr'><strong>indicavimus.</strong></span> <span class='ocrx_word' id='word_1_306' title='bbox 1013 2097 1166 2135; x_wconf 91' lang='lat' dir='ltr'><strong>addunt</strong></span> <span class='ocrx_word' id='word_1_307' title='bbox 1192 2100 1402 2150; x_wconf 86' lang='lat' dir='ltr'><strong>scriptores</strong></span> <span class='ocrx_word' id='word_1_308' title='bbox 1428 2097 1478 2136; x_wconf 93' lang='lat' dir='ltr'><strong>de</strong></span> <span class='ocrx_word' id='word_1_309' title='bbox 1496 2097 1597 2136; x_wconf 87' lang='lat' dir='ltr'><strong>aede</strong></span> 
     </span>
     <span class='ocr_line' id='line_1_35' title="bbox 139 2154 1595 2207; baseline -0.001 -13"><span class='ocrx_word' id='word_1_310' title='bbox 139 2154 343 2207; x_wconf 84' lang='lat' dir='ltr'><strong>Sophiana</strong></span> <span class='ocrx_word' id='word_1_311' title='bbox 366 2154 535 2206; x_wconf 88' lang='lat' dir='ltr'><strong>saphiris</strong></span> <span class='ocrx_word' id='word_1_312' title='bbox 563 2156 747 2207; x_wconf 86' lang='lat' dir='ltr'><strong>crystallo</strong></span> <span class='ocrx_word' id='word_1_313' title='bbox 778 2162 817 2192; x_wconf 92' lang='lat' dir='ltr'><strong>et</strong></span> <span class='ocrx_word' id='word_1_314' title='bbox 844 2155 992 2207; x_wconf 88' lang='lat' dir='ltr'><strong>lapillis</strong></span> <span class='ocrx_word' id='word_1_315' title='bbox 1016 2155 1105 2193; x_wconf 90' lang='lat' dir='ltr'><strong>aliis</strong></span> <span class='ocrx_word' id='word_1_316' title='bbox 1123 2155 1445 2206; x_wconf 80' lang='lat' dir='ltr'><strong>pretiosioribus,</strong></span> <span class='ocrx_word' id='word_1_317' title='bbox 1474 2161 1595 2207; x_wconf 88' lang='lat' dir='ltr'><strong>atque</strong></span> 
     </span>
     <span class='ocr_line' id='line_1_36' title="bbox 141 2210 1594 2264; baseline -0.001 -15"><span class='ocrx_word' id='word_1_318' title='bbox 141 2211 241 2250; x_wconf 88' lang='lat' dir='ltr'><strong>adeo</strong></span> <span class='ocrx_word' id='word_1_319' title='bbox 276 2213 471 2249; x_wconf 90' lang='lat' dir='ltr'><strong>columnis</strong></span> <span class='ocrx_word' id='word_1_320' title='bbox 498 2213 646 2261; x_wconf 83' lang='lat' dir='ltr'><strong>aureis,</strong></span> <span class='ocrx_word' id='word_1_321' title='bbox 676 2211 889 2249; x_wconf 85' lang='lat' dir='ltr'><strong>ambonem</strong></span> <span class='ocrx_word' id='word_1_322' title='bbox 911 2210 1145 2259; x_wconf 87' lang='lat' dir='ltr'><strong>adornasse,</strong></span> <span class='ocrx_word' id='word_1_323' title='bbox 1176 2217 1215 2248; x_wconf 91' lang='lat' dir='ltr'><strong>et</strong></span> <span class='ocrx_word' id='word_1_324' title='bbox 1234 2212 1276 2248; x_wconf 90' lang='lat' dir='ltr'><strong>in</strong></span> <span class='ocrx_word' id='word_1_325' title='bbox 1292 2218 1481 2264; x_wconf 89' lang='lat' dir='ltr'><strong>utroque,</strong></span> <span class='ocrx_word' id='word_1_326' title='bbox 1505 2224 1594 2248; x_wconf 88' lang='lat' dir='ltr'><strong>am-</strong></span> 
     </span>
     <span class='ocr_line' id='line_1_37' title="bbox 139 2267 1596 2319; baseline 0 -13"><span class='ocrx_word' id='word_1_327' title='bbox 139 2269 243 2306; x_wconf 88' lang='lat' dir='ltr'><strong>bone</strong></span> <span class='ocrx_word' id='word_1_328' title='bbox 268 2269 417 2306; x_wconf 84' lang='lat' dir='ltr'><strong>scilicet</strong></span> <span class='ocrx_word' id='word_1_329' title='bbox 437 2274 476 2305; x_wconf 91' lang='lat' dir='ltr'><strong>et</strong></span> <span class='ocrx_word' id='word_1_330' title='bbox 494 2269 626 2316; x_wconf 89' lang='lat' dir='ltr'><strong>solea,</strong></span> <span class='ocrx_word' id='word_1_331' title='bbox 658 2267 711 2305; x_wconf 91' lang='lat' dir='ltr'><strong>ad</strong></span> <span class='ocrx_word' id='word_1_332' title='bbox 741 2269 873 2306; x_wconf 85' lang='lat' dir='ltr'><strong>milies</strong></span> <span class='ocrx_word' id='word_1_333' title='bbox 902 2274 1087 2306; x_wconf 89' lang='lat' dir='ltr'><strong>centenas</strong></span> <span class='ocrx_word' id='word_1_334' title='bbox 1107 2268 1229 2305; x_wconf 85' lang='lat' dir='ltr'><strong>libras</strong></span> <span class='ocrx_word' id='word_1_335' title='bbox 1246 2267 1490 2319; x_wconf 87' lang='lat' dir='ltr'><strong>impendisse</strong></span> <span class='ocrx_word' id='word_1_336' title='bbox 1508 2268 1596 2306; x_wconf 83' lang='lat' dir='ltr'><strong>eius</strong></span> 
     </span>
     <span class='ocr_line' id='line_1_38' title="bbox 139 2323 1595 2376; baseline -0.001 -14"><span class='ocrx_word' id='word_1_337' title='bbox 139 2325 276 2362; x_wconf 84' lang='lat' dir='ltr'><strong>tributi</strong></span> <span class='ocrx_word' id='word_1_338' title='bbox 304 2323 412 2376; x_wconf 88' lang='lat' dir='ltr'><strong>quod</strong></span> <span class='ocrx_word' id='word_1_339' title='bbox 441 2325 539 2362; x_wconf 88' lang='lat' dir='ltr'><strong>olim</strong></span> <span class='ocrx_word' id='word_1_340' title='bbox 566 2325 846 2362; x_wconf 85' lang='lat' dir='ltr'><strong>Constantinus</strong></span> <span class='ocrx_word' id='word_1_341' title='bbox 873 2325 929 2362; x_wconf 90' lang='lat' dir='ltr'><strong>M.</strong></span> <span class='ocrx_word' id='word_1_342' title='bbox 959 2324 1127 2362; x_wconf 87' lang='lat' dir='ltr'><strong>Sarbaro</strong></span> <span class='ocrx_word' id='word_1_343' title='bbox 1149 2326 1360 2362; x_wconf 88' lang='lat' dir='ltr'><strong>Persarum</strong></span> <span class='ocrx_word' id='word_1_344' title='bbox 1383 2326 1468 2375; x_wconf 85' lang='lat' dir='ltr'><strong>regi</strong></span> <span class='ocrx_word' id='word_1_345' title='bbox 1485 2323 1595 2361; x_wconf 87' lang='lat' dir='ltr'><strong>indi-</strong></span> 
     </span>
     <span class='ocr_line' id='line_1_39' title="bbox 138 2380 1594 2432; baseline 0 -14"><span class='ocrx_word' id='word_1_346' title='bbox 138 2388 276 2418; x_wconf 90' lang='lat' dir='ltr'><strong>xerat:</strong></span> <span class='ocrx_word' id='word_1_347' title='bbox 313 2382 369 2418; x_wconf 87' lang='lat' dir='ltr'><strong>ita</strong></span> <span class='ocrx_word' id='word_1_348' title='bbox 394 2387 594 2431; x_wconf 85' lang='lat' dir='ltr'><strong>nugantur</strong></span> <span class='ocrx_word' id='word_1_349' title='bbox 620 2382 762 2431; x_wconf 89' lang='lat' dir='ltr'><strong>nuperi</strong></span> <span class='ocrx_word' id='word_1_350' title='bbox 787 2381 942 2418; x_wconf 86' lang='lat' dir='ltr'><strong>Graeci.</strong></span> <span class='ocrx_word' id='word_1_351' title='bbox 999 2387 1039 2417; x_wconf 90' lang='lat' dir='ltr'><strong>at</strong></span> <span class='ocrx_word' id='word_1_352' title='bbox 1070 2394 1161 2418; x_wconf 89' lang='lat' dir='ltr'><strong>cum</strong></span> <span class='ocrx_word' id='word_1_353' title='bbox 1191 2380 1308 2418; x_wconf 90' lang='lat' dir='ltr'><strong>ambo</strong></span> <span class='ocrx_word' id='word_1_354' title='bbox 1338 2381 1432 2428; x_wconf 90' lang='lat' dir='ltr'><strong>iste,</strong></span> <span class='ocrx_word' id='word_1_355' title='bbox 1472 2393 1594 2432; x_wconf 91' lang='lat' dir='ltr'><strong>quem</strong></span> 
     </span>
     <span class='ocr_line' id='line_1_40' title="bbox 139 2433 1593 2489; baseline -0.002 -12"><span class='ocrx_word' id='word_1_356' title='bbox 139 2434 368 2489; x_wconf 78' lang='grc' dir='ltr'><strong><em>πολύολβον</em></strong></span> <span class='ocrx_word' id='word_1_357' title='bbox 401 2443 441 2474; x_wconf 85' lang='lat' dir='ltr'><strong>et</strong></span> <span class='ocrx_word' id='word_1_358' title='bbox 470 2433 810 2488; x_wconf 79' lang='grc' dir='ltr'><strong><em>πολυθαύμαστον</em></strong></span> <span class='ocrx_word' id='word_1_359' title='bbox 835 2437 959 2474; x_wconf 87' lang='lat' dir='ltr'><strong>fuisse</strong></span> <span class='ocrx_word' id='word_1_360' title='bbox 985 2437 1160 2475; x_wconf 88' lang='lat' dir='ltr'><strong>scribunt</strong></span> <span class='ocrx_word' id='word_1_361' title='bbox 1185 2437 1331 2489; x_wconf 86' lang='lat' dir='ltr'><strong>Glycas</strong></span> <span class='ocrx_word' id='word_1_362' title='bbox 1347 2443 1386 2474; x_wconf 88' lang='lat' dir='ltr'><strong>et</strong></span> <span class='ocrx_word' id='word_1_363' title='bbox 1404 2435 1593 2485; x_wconf 83' lang='lat' dir='ltr'><strong>eodinus,</strong></span> 
     </span>
     <span class='ocr_line' id='line_1_41' title="bbox 141 2491 1592 2546; baseline 0 -16"><span class='ocrx_word' id='word_1_364' title='bbox 141 2506 234 2530; x_wconf 90' lang='lat' dir='ltr'><strong>casu</strong></span> <span class='ocrx_word' id='word_1_365' title='bbox 261 2491 566 2544; x_wconf 87' lang='lat' dir='ltr'><strong>hemisphaerii,</strong></span> <span class='ocrx_word' id='word_1_366' title='bbox 598 2495 667 2546; x_wconf 88' lang='lat' dir='ltr'><strong>qui</strong></span> <span class='ocrx_word' id='word_1_367' title='bbox 699 2506 734 2530; x_wconf 91' lang='lat' dir='ltr'><strong>a.</strong></span> <span class='ocrx_word' id='word_1_368' title='bbox 755 2495 810 2534; x_wconf 82' lang='lat'><strong>32</strong></span> <span class='ocrx_word' id='word_1_369' title='bbox 838 2493 1047 2531; x_wconf 84' lang='lat' dir='ltr'><strong>Iustiniani</strong></span> <span class='ocrx_word' id='word_1_370' title='bbox 1074 2491 1237 2541; x_wconf 85' lang='lat' dir='ltr'><strong>accidit,</strong></span> <span class='ocrx_word' id='word_1_371' title='bbox 1266 2505 1348 2530; x_wconf 89' lang='lat' dir='ltr'><strong>una</strong></span> <span class='ocrx_word' id='word_1_372' title='bbox 1370 2506 1461 2530; x_wconf 86' lang='lat' dir='ltr'><strong>cum</strong></span> <span class='ocrx_word' id='word_1_373' title='bbox 1482 2493 1592 2531; x_wconf 89' lang='lat' dir='ltr'><strong>solea</strong></span> 
     </span>
     <span class='ocr_line' id='line_1_42' title="bbox 141 2548 1592 2598; baseline 0 -12"><span class='ocrx_word' id='word_1_374' title='bbox 141 2550 328 2587; x_wconf 85' lang='lat' dir='ltr'><strong>contritus</strong></span> <span class='ocrx_word' id='word_1_375' title='bbox 354 2550 515 2598; x_wconf 83' lang='lat' dir='ltr'><strong>fuisset,</strong></span> <span class='ocrx_word' id='word_1_376' title='bbox 553 2551 677 2587; x_wconf 86' lang='lat' dir='ltr'><strong>alium</strong></span> <span class='ocrx_word' id='word_1_377' title='bbox 704 2562 861 2586; x_wconf 92' lang='lat' dir='ltr'><strong>rursum</strong></span> <span class='ocrx_word' id='word_1_378' title='bbox 892 2550 1078 2587; x_wconf 82' lang='lat' dir='ltr'><strong>excitavit</strong></span> <span class='ocrx_word' id='word_1_379' title='bbox 1107 2550 1368 2597; x_wconf 82' lang='lat' dir='ltr'><strong>Iustinianus,</strong></span> <span class='ocrx_word' id='word_1_380' title='bbox 1407 2548 1481 2587; x_wconf 89' lang='lat' dir='ltr'><strong>sed</strong></span> <span class='ocrx_word' id='word_1_381' title='bbox 1507 2550 1592 2586; x_wconf 89' lang='lat' dir='ltr'><strong>ele-</strong></span> 
     </span>
     <span class='ocr_line' id='line_1_43' title="bbox 141 2603 1591 2675; baseline 0.001 -34"><span class='ocrx_word' id='word_1_382' title='bbox 141 2606 275 2656; x_wconf 88' lang='lat' dir='ltr'><strong>gantia</strong></span> <span class='ocrx_word' id='word_1_383' title='bbox 299 2618 344 2642; x_wconf 85' lang='lat' dir='ltr'><strong>ac</strong></span> <span class='ocrx_word' id='word_1_384' title='bbox 362 2605 502 2644; x_wconf 88' lang='lat' dir='ltr'><strong>decore</strong></span> <span class='ocrx_word' id='word_1_385' title='bbox 522 2607 640 2657; x_wconf 88' lang='lat' dir='ltr'><strong>longe</strong></span> <span class='ocrx_word' id='word_1_386' title='bbox 661 2606 784 2657; x_wconf 85' lang='lat' dir='ltr'><strong>priori</strong></span> <span class='ocrx_word' id='word_1_387' title='bbox 804 2607 1020 2675; x_wconf 80' lang='lat' dir='ltr'><strong>imparem,</strong></span> <span class='ocrx_word' id='word_1_388' title='bbox 1050 2607 1084 2643; x_wconf 88' lang='lat' dir='ltr'><strong>si</strong></span> <span class='ocrx_word' id='word_1_389' title='bbox 1110 2618 1188 2658; x_wconf 91' lang='lat' dir='ltr'><strong>qua</strong></span> <span class='ocrx_word' id='word_1_390' title='bbox 1205 2604 1303 2643; x_wconf 87' lang='lat' dir='ltr'><strong>fides</strong></span> <span class='ocrx_word' id='word_1_391' title='bbox 1326 2603 1470 2643; x_wconf 87' lang='lat' dir='ltr'><strong>iisdem</strong></span> <span class='ocrx_word' id='word_1_392' title='bbox 1491 2605 1591 2643; x_wconf 85' lang='lat' dir='ltr'><strong>scri-</strong></span> 
     </span>
     <span class='ocr_line' id='line_1_44' title="bbox 139 2659 1591 2730; baseline 0.001 -32"><span class='ocrx_word' id='word_1_393' title='bbox 139 2661 338 2713; x_wconf 86' lang='lat' dir='ltr'><strong>ptoribus:</strong></span> <span class='ocrx_word' id='word_1_394' title='bbox 366 2659 437 2702; x_wconf 79' lang='grc' dir='ltr'><strong>τὸν</strong></span> <span class='ocrx_word' id='word_1_395' title='bbox 469 2660 512 2702; x_wconf 84' lang='grc' dir='ltr'><strong>δὲ</strong></span> <span class='ocrx_word' id='word_1_396' title='bbox 539 2659 708 2715; x_wconf 69' lang='grc' dir='ltr'><strong><em>ἅμβωνα</em></strong></span> <span class='ocrx_word' id='word_1_397' title='bbox 732 2660 799 2702; x_wconf 79' lang='grc' dir='ltr'><strong><em>καὶ</em></strong></span> <span class='ocrx_word' id='word_1_398' title='bbox 830 2677 901 2703; x_wconf 91' lang='grc' dir='ltr'><strong>τον</strong></span> <span class='ocrx_word' id='word_1_399' title='bbox 930 2661 1070 2703; x_wconf 78' lang='grc' dir='ltr'><strong><em>σολέαν</em></strong></span> <span class='ocrx_word' id='word_1_400' title='bbox 1099 2659 1154 2714; x_wconf 80' lang='grc' dir='ltr'><em>μή</em></span> <span class='ocrx_word' id='word_1_401' title='bbox 1184 2659 1402 2730; x_wconf 83' lang='grc' dir='ltr'><strong><em>δυναμενοι</em></strong></span> <span class='ocrx_word' id='word_1_402' title='bbox 1423 2663 1591 2712; x_wconf 79' lang='grc' dir='ltr'><strong>ποιῆσαι</strong></span> 
     </span>
     <span class='ocr_line' id='line_1_45' title="bbox 137 2713 1590 2769; baseline -0.003 -11"><span class='ocrx_word' id='word_1_403' title='bbox 137 2719 325 2758; x_wconf 81' lang='grc' dir='ltr'><strong><em>τοιοῦτον</em></strong></span> <span class='ocrx_word' id='word_1_404' title='bbox 350 2717 592 2766; x_wconf 80' lang='grc' dir='ltr'><strong><em>πολυέξοδον</em></strong></span> <span class='ocrx_word' id='word_1_405' title='bbox 623 2717 691 2758; x_wconf 89' lang='grc' dir='ltr'><strong><em>καὶ</em></strong></span> <span class='ocrx_word' id='word_1_406' title='bbox 718 2715 960 2769; x_wconf 80' lang='grc' dir='ltr'><strong><em>πολυτιμον,</em></strong></span> <span class='ocrx_word' id='word_1_407' title='bbox 989 2718 1183 2769; x_wconf 74' lang='grc' dir='ltr'><strong><em>ἐποίησαν</em></strong></span> <span class='ocrx_word' id='word_1_408' title='bbox 1212 2713 1332 2758; x_wconf 86' lang='grc' dir='ltr'><strong><em>αυτὸν</em></strong></span> <span class='ocrx_word' id='word_1_409' title='bbox 1367 2713 1590 2768; x_wconf 77' lang='grc' dir='ltr'><strong><em>ου’δαμινόν</em></strong></span> 
     </span>
     <span class='ocr_line' id='line_1_46' title="bbox 138 2769 1588 2841; baseline -0.002 -27"><span class='ocrx_word' id='word_1_410' title='bbox 138 2770 206 2814; x_wconf 81' lang='grc' dir='ltr'><strong>δια</strong></span> <span class='ocrx_word' id='word_1_411' title='bbox 238 2775 369 2814; x_wconf 82' lang='grc' dir='ltr'><strong><em>λίθων</em></strong></span> <span class='ocrx_word' id='word_1_412' title='bbox 399 2788 468 2813; x_wconf 78' lang='grc' dir='ltr'><strong>και</strong></span> <span class='ocrx_word' id='word_1_413' title='bbox 494 2771 644 2815; x_wconf 82' lang='grc' dir='ltr'><strong><em>κιόνων</em></strong></span> <span class='ocrx_word' id='word_1_414' title='bbox 672 2770 976 2827; x_wconf 80' lang='grc' dir='ltr'><strong><em>αργυρενδύτων</em></strong></span> <span class='ocrx_word' id='word_1_415' title='bbox 1006 2771 1101 2827; x_wconf 77' lang='grc' dir='ltr'><strong><em>μετοέ</em></strong></span> <span class='ocrx_word' id='word_1_416' title='bbox 1134 2775 1361 2841; x_wconf 76' lang='grc' dir='ltr'><strong><em>περιφερῶν</em></strong></span> <span class='ocrx_word' id='word_1_417' title='bbox 1391 2769 1588 2825; x_wconf 65' lang='grc' dir='ltr'><strong><em>ἀργυρῶν,</em></strong></span> 
     </span>
     <span class='ocr_line' id='line_1_47' title="bbox 139 2825 1731 2926; baseline -0.005 -49"><span class='ocrx_word' id='word_1_418' title='bbox 139 2826 237 2883; x_wconf 62' lang='grc' dir='ltr'><strong><em>μετὰ</em></strong></span> <span class='ocrx_word' id='word_1_419' title='bbox 268 2831 340 2879; x_wconf 75' lang='grc' dir='ltr'><strong>τῆς</strong></span> <span class='ocrx_word' id='word_1_420' title='bbox 369 2827 528 2879; x_wconf 80' lang='grc' dir='ltr'><strong><em>σολέας·</em></strong></span> <span class='ocrx_word' id='word_1_421' title='bbox 556 2832 725 2885; x_wconf 75' lang='grc' dir='ltr'><strong><em>τρσῦλον</em></strong></span> <span class='ocrx_word' id='word_1_422' title='bbox 750 2828 795 2872; x_wconf 72' lang='grc' dir='ltr'><strong>δὲ</strong></span> <span class='ocrx_word' id='word_1_423' title='bbox 818 2832 897 2873; x_wconf 77' lang='grc' dir='ltr'><strong>τοῦ</strong></span> <span class='ocrx_word' id='word_1_424' title='bbox 919 2828 1107 2883; x_wconf 73' lang='grc' dir='ltr'><strong>ἅμβωνος</strong></span> <span class='ocrx_word' id='word_1_425' title='bbox 1126 2825 1201 2871; x_wconf 69' lang='grc' dir='ltr'><strong>οὐκ</strong></span> <span class='ocrx_word' id='word_1_426' title='bbox 1216 2825 1391 2926; x_wconf 59' lang='grc' dir='ltr'><strong>ἤθΙέὲησε</strong></span> <span class='ocrx_word' id='word_1_427' title='bbox 1408 2830 1587 2881; x_wconf 77' lang='grc' dir='ltr'><strong>ποιῆσαι,</strong></span> <span class='ocrx_word' id='word_1_428' title='bbox 1610 2831 1640 2867; x_wconf 89' lang='grc' dir='ltr'>Ρ</span> <span class='ocrx_word' id='word_1_429' title='bbox 1662 2832 1731 2869; x_wconf 85' lang='grc'><strong>590</strong></span> 
     </span>
     <span class='ocr_line' id='line_1_48' title="bbox 195 2889 447 2926; baseline -0.004 0"><span class='ocrx_word' id='word_1_430' title='bbox 195 2889 297 2926; x_wconf 80' lang='lat' dir='ltr'><strong>Paul.</strong></span> <span class='ocrx_word' id='word_1_431' title='bbox 325 2889 447 2925; x_wconf 75' lang='lat' dir='ltr'><strong>Silent.</strong></span> 
     </span>
    </p>
   </div>
  </div>
 </body>
</html>
