1890 3224
245 158 309 204 36
404 176 407 179 ’
731 150 968 200 GEORGII
999 154 1214 199 PISIDAE

457 266 769 328 ἀπροσδοκήτως
790 269 857 311 καὶ
878 266 980 324 παρ’
1006 267 1171 318 ἐλπίδας
1193 267 1311 327 φόβῳ

456 339 578 395 μέρος
598 355 636 380 τι
660 342 740 379 τῶν
761 341 843 379 σῶν
864 334 1093 393 συνταράξῃ
1115 336 1355 392 ταγμάτων·

457 410 536 448 τῶν
555 406 633 461 γὰρ
657 403 909 463 φθασάντων
927 408 999 459 τῆς
1018 404 1214 459 ἀτολμίας
1230 403 1388 463 χρόνων

343 474 420 516 195
457 474 663 528 εἷθισμένη
688 491 749 524 τις
774 475 885 522 ἐλπὶς
910 473 1033 515 αὐτὸν
1056 471 1207 527 ἠπάτα,

458 540 514 591 ὥς
539 542 646 599 εἶ’περ
670 542 710 584 ἓν
731 559 769 584 τι
791 545 864 585 τοῦ
886 545 1063 598 στρατοῦ
1083 545 1194 598 λυθῇ
1214 540 1350 598 μέρος,

457 614 610 665 τροπῆς
632 609 800 661 ι’)’λισθος
821 611 878 660 εἷς
899 609 945 652 τὸ
972 613 1053 651 πᾶν
1079 608 1312 666 διαδράμοι.

459 677 555 719 ἀλλ’
579 677 650 720 οὐκ
672 678 975 735 ἅνευτρέπιστος
999 677 1270 730 ἅνθωπλίζετο

458 750 531 800 τῆς
553 750 627 800 σῆς
648 745 905 801 ἑτοιμότητος
924 744 951 801 ἦ
975 747 1209 803 στρατηγία.

340 817 423 856 200
457 816 550 870 πρὶν
573 813 600 869 ἢ
618 815 696 872 γὰρ
719 813 745 870 ἦ
767 815 839 865 νὺξ
861 814 935 869 τὴν
955 814 1081 868 μέσην
1104 814 1232 868 τομὴν
1254 811 1388 866 λάβοι,

458 880 612 932 πάντας
631 883 706 936 μὲν
730 882 863 924 αὐτῶν
881 882 980 932 τοὺς
994 883 1288 939 κεκρυμμένους
1307 880 1449 930 δόλους

461 957 550 1000 ταῖς
574 957 666 1001 σαῖς
687 952 898 1008 μερίμναις
920 951 963 1000 ἐξ
984 949 1107 1000 ἔθους
1128 951 1341 1004 ἠπίστασο,

461 1017 587 1068 τάξας
611 1020 655 1061 δὲ
679 1021 802 1069 θείως
822 1018 892 1060 τὸν
915 1017 1088 1075 στρατὸν
1112 1020 1179 1060 καὶ
1202 1018 1407 1075 ῥυθμίσας

460 1086 562 1142 πρὸς
586 1086 658 1141 τὴν
677 1085 814 1141 μάχην
838 1086 987 1136 αὐτοὺς
1007 1087 1161 1141 ἓξῆγες,
1187 1084 1305 1140 ἡνίκα

341 1155 424 1196 205
458 1154 503 1196 τὸ
529 1159 617 1210 φῶς
637 1154 810 1209 ἀνίσχων
832 1154 928 1204 τοὺς
948 1155 1151 1203 ἐναντίους
1175 1151 1296 1195 πάλιν

461 1220 483 1263 ὃ
510 1222 654 1272 σεπτὸς
680 1223 817 1272 αὐτοῖς
837 1219 1032 1273 ε’σκότιζεν
1049 1220 1176 1276 ἥλιος.

463 1291 530 1331 καὶ
551 1289 601 1344 δὴ
620 1290 865 1347 προπέμπεις
884 1289 1158 1346 εὐαρίθμητον
1177 1287 1300 1345 μέρος

458 1362 533 1399 τοῦ
555 1362 631 1400 σοῦ
652 1362 850 1415 στρατοῦ,
884 1356 1095 1415 κράτιστε,
1129 1356 1297 1406 τούτους
1317 1353 1485 1405 ὁπλίσας

462 1426 509 1466 οὗ
532 1432 616 1476 τοῖς
635 1424 774 1476 ὅπλοις
790 1430 984 1469 τοσοῦτον
1006 1424 1062 1477 ὥς
1083 1424 1323 1479 εὖβουλιάις.

342 1497 425 1536 210
457 1494 538 1535 ἐπεὶ
554 1494 631 1550 γὰρ
653 1493 870 1548 ἐξήλαυνον
888 1493 1021 1551 ὥσπερ
1043 1496 1099 1544 εἷς
1114 1492 1264 1548 μάχην,

459 1561 528 1603 τὸν
547 1562 725 1604 πλαστὸν
750 1557 874 1612 αὖθις
894 1563 1204 1616 σχηματίζονται
1231 1558 1374 1618 φόβον,

460 1628 715 1683 ἐψευσμένως
737 1628 962 1687 φεύγοντες.
1030 1630 1068 1671 οἳ
1088 1630 1132 1671 δὲ
1151 1628 1371 1686 βάρβαροι,

460 1702 533 1751 τῆς
555 1699 719 1753 ἐκλογῆς
740 1699 862 1740 ἐκεῖνο
884 1698 929 1740 τὸ
952 1697 1118 1755 στερρὸν
1136 1698 1270 1754 νέφος,

461 1765 504 1806 ἐκ
527 1770 606 1807 τῶν
629 1765 791 1819 ἀδήλων
815 1763 1043 1816 ἐκπεσόντες
1067 1763 1255 1807 αὐλάκων

339 1834 422 1876 215
455 1832 630 1888 ἤλαυνον
654 1834 802 1884 αὐτοὺς
824 1838 882 1891 τῷ
902 1836 1031 1876 δοκεῖν
1051 1831 1314 1891 πεφευγότας.

462 1901 584 1952 αὐτὸς
607 1902 652 1944 δὲ
673 1901 831 1954 τούτοις
850 1900 1123 1959 ἅντεπεξάγεις
1141 1899 1265 1956 τάχος

333 2053 403 2090 204
425 2049 549 2098 ἐξῆγες
571 2049 742 2093 αὕτούς9
879 2053 950 2089 214
970 2049 1215 2098 ἐκπέμποντες
1238 2051 1279 2086 ed

242 2185 495 2231 erumpentibus
518 2198 561 2220 ex
586 2186 724 2220 latebris
739 2186 921 2232 improviso
938 2192 974 2220 et
987 2189 1126 2233 praeter
1139 2197 1232 2232 spem
1249 2198 1290 2220 ex
1305 2184 1481 2219 formidine
1495 2194 1575 2229 pars
1590 2181 1700 2225 aliqua

240 2236 372 2265 tuorum
388 2233 586 2265 turbaretur
602 2231 765 2266 ordinum.
813 2243 888 2265 cum
910 2233 996 2266 enim
1018 2232 1142 2265 iamdiu
1166 2232 1402 2276 trepidationis
1418 2236 1550 2275 tempus
1566 2237 1701 2262 cessas-

239 2281 310 2320 set,
337 2278 441 2320 (195)
466 2277 509 2309 de
536 2287 629 2310 more
655 2277 689 2310 in
718 2289 811 2321 spem
827 2277 971 2321 aliquam
987 2278 1148 2322 deceptus
1164 2282 1307 2311 venerat
1321 2279 1395 2311 fore
1410 2281 1466 2320 ut,
1491 2276 1521 2308 si
1536 2285 1604 2319 qua
1618 2283 1699 2317 pars

240 2323 407 2356 exercitus
425 2322 679 2366 dissolveretur,
696 2323 924 2356 consternatio
940 2323 1010 2356 late
1025 2335 1088 2368 per
1103 2327 1211 2357 totum
1227 2326 1433 2357 excurreret.
1458 2324 1495 2355 at
1508 2331 1574 2355 non
1589 2317 1700 2353 defuit

241 2367 355 2401 statim
383 2367 431 2400 illi
457 2371 574 2400 contra
601 2377 779 2401 occurrere
793 2374 854 2402 tua
869 2367 902 2401 in
918 2369 1020 2402 rebus
1035 2368 1237 2402 militaribus
1261 2368 1410 2402 solertia.
1458 2367 1561 2410 (200)
1584 2363 1698 2410 prius-

182 2421 186 2427 *
241 2423 342 2457 quam
359 2412 446 2446 enim
463 2424 528 2446 nox
543 2412 587 2445 ad
605 2413 749 2447 medium
764 2413 830 2447 iter
847 2413 997 2456 veniret,
1021 2414 1086 2448 iam
1102 2425 1216 2448 omnes
1231 2425 1346 2448 eorum
1362 2413 1512 2447 occultos
1526 2410 1622 2444 dolos
1639 2415 1698 2461 ιιιᾳ

240 2458 418 2502 vigilantia
446 2458 489 2491 de
516 2469 608 2491 more
632 2470 851 2502 cognoveras.
900 2464 935 2492 et
956 2459 1115 2493 divinitus
1139 2460 1298 2493 ordinans
1323 2467 1566 2501 numeransque
1581 2456 1698 2500 copias

240 2503 285 2537 ad
310 2515 457 2549 pugnam
480 2509 556 2537 tuos
582 2503 748 2548 eduxisti,
773 2504 904 2549 quando
929 2506 1030 2549 (205)
1056 2506 1230 2540 exoriente
1254 2506 1330 2539 luce
1356 2501 1558 2538 adversariis
1572 2501 1698 2535 iterum

240 2549 314 2591 sol,
349 2560 447 2594 quem
471 2554 694 2594 venerantur,
729 2550 844 2584 oculos
869 2550 1131 2595 perstringebat.
1187 2556 1256 2585 tum
1281 2561 1364 2584 vero
1388 2549 1511 2591 emittis
1535 2547 1697 2581 modicam

242 2605 372 2628 manum
398 2606 439 2628 ex
466 2599 524 2628 tuo
549 2595 720 2638 exercitu,
752 2607 772 2629 o
796 2596 996 2638 fortissime,
1029 2607 1208 2641 firmasque
1231 2596 1382 2640 singulos
1406 2606 1473 2628 non
1499 2599 1568 2628 tam
1594 2591 1697 2626 armis

243 2651 343 2684 quam
364 2640 461 2674 bonis
483 2640 639 2675 consiliis.
695 2641 801 2685 (210)
835 2641 895 2675 vix
920 2641 1007 2675 enim
1027 2643 1079 2675 tui
1104 2647 1262 2686 tanquam
1287 2641 1330 2674 ad
1356 2651 1503 2686 pugnam
1528 2638 1696 2680 exierant,

244 2697 319 2719 cum
344 2686 460 2719 fictum
484 2691 623 2731 repente
649 2690 822 2720 ostentant
845 2687 996 2721 timorem
1020 2687 1244 2732 simulantque
1259 2687 1384 2730 fugam.
1431 2691 1501 2720 tum
1518 2695 1599 2718 vero
1618 2684 1697 2717 bar—-

243 2731 341 2774 bari,
366 2732 471 2765 densa
486 2731 545 2764 illa
562 2731 723 2765 lectorum
738 2732 877 2766 militum
893 2734 981 2767 nube
997 2745 1040 2767 ex
1055 2733 1196 2767 occultis
1213 2733 1335 2767 emissa
1350 2731 1481 2774 foveis,
1511 2729 1611 2774 (215)
1635 2738 1695 2762 eos

244 2783 324 2811 sunt
338 2777 491 2822 aggressi
506 2776 564 2822 qui
579 2776 820 2813 simulaverant
844 2779 970 2823 fugam.
1016 2783 1055 2813 tu
1078 2789 1162 2814 vero
1177 2778 1240 2813 hos
1254 2782 1376 2813 contra
1390 2777 1507 2812 educis
1522 2785 1621 2822 quam
1636 2785 1696 2808 ce-
