1890 3224
530 179 604 223 AD
638 177 1009 224 NICEPHORUM
1039 179 1240 224 NOTAE.
1522 179 1617 226 125

278 302 318 341 p·
345 286 400 331 48
429 301 470 330 v·
501 288 542 330 5.
599 287 651 330 ἒν
665 290 720 343 τῷ
744 287 977 343 καλουμένῳ
1005 289 1207 345 κυνηγίῳ]
1247 287 1450 329 Miscellae
1482 298 1619 330 auctor

165 345 196 382 l.
216 347 270 387 20
290 346 490 383 vivarium
512 346 764 383 animantum
779 347 1056 398 interpretatus
1078 353 1150 385 est.
1179 347 1290 385 locus
1305 347 1375 385 ubi
1394 348 1619 387 catabulum

168 408 254 438 erat
274 409 314 439 et
334 403 509 440 ferarum
533 403 726 440 clausura.
784 401 877 440 vide
897 402 1128 440 Codinum'
1117 417 1159 440 ιιι
1180 404 1309 455 Cpoli.

278 471 320 510 p·
339 459 394 500 53
414 472 452 496 v-
474 458 515 499 5.
551 456 651 499 κατιὶ
669 456 740 500 τόν
756 456 964 525 Δαματρυ]
995 460 1197 497 Constant.
1218 461 1392 497 Manass.
1411 459 1575 502 4072-—

278 528 320 566 p
340 514 448 556 54v.
466 518 506 556 3.
546 518 690 556 τοῦτον
709 515 766 563 εἰς
784 511 860 567 τήν
878 515 1144 568 καλουμένην]
1174 515 1444 568 Theophanes
1465 516 1523 568 (p.
1537 516 1621 558 318

168 568 242 621 C):
272 586 340 611 και
361 567 550 623 λαβόντες
566 570 634 613 τὸν
651 573 777 612 παῖδα
793 571 860 612 ἐπὶ
884 589 930 613 το
956 588 1041 612 ανω
1066 576 1148 613 τοῖν
1168 575 1396 624 καλλινίκης
1416 588 1624 625 παραπορ-

167 629 262 681 τίῳ,
304 627 375 664 ubi
396 629 486 666 fort.
505 629 585 680 leg.
607 630 868 669 Καλλινικων.
926 629 1109 667 Callinici
1129 629 1312 668 videntur
1331 643 1416 667 esse
1435 628 1490 671 40
1510 642 1623 666 mar-

167 690 288 734 tyres,
319 696 486 736 quorum
505 687 548 722 in
546 658 760 723 ”honorem
776 685 963 724 Tiberius
978 687 1160 724 Mauricii
1179 699 1289 724 socer
1307 686 1504 738 templum
1525 699 1625 724 con-

168 738 282 776 didit.
327 741 606 780 Constantinus
627 743 828 780 manasses
844 741 968 783 348⁵.
1012 742 1085 781 sed
1103 750 1143 780 et
1160 744 1204 781 S.
1225 743 1408 780 Callinici
1426 743 1624 794 templum

168 796 283 848 cpoli
307 797 406 845 fuit,
456 797 564 851 quod
595 811 632 836 a.
661 800 870 837 Iustiniani
901 799 952 839 31
984 805 1223 837 terraemotu
1254 801 1420 846 corruit,
1465 806 1624 836 auctore

166 851 431 904 Theophane.
490 853 597 907 quod
627 854 678 892 ad
704 854 759 896 40
783 863 975 907 martyres
1006 858 1167 904 attinet,
1199 855 1470 894 emendandus
1496 856 1623 893 obiter

165 909 333 960 insignis
352 911 507 949 locusl.
530 913 549 952 1
574 912 850 963 Geoponicon,
889 912 958 949 ubi
982 910 1127 950 horum
1133 920 1372 982 martyrum
1393 914 1543 950 mentio
1562 912 1621 960 fit,

168 967 237 1017 qui
254 968 297 1003 in
313 968 485 1018 vulgatis
506 967 706 1006 codicibus
725 968 940 1006 mendosus
962 976 1034 1007 est.
1092 965 1255 1010 κάκεῖνο
1277 968 1332 1018 δέ,
1361 970 1491 1038 inquit
1510 982 1543 1006 c.
1570 967 1620 1005 de

165 1023 433 1072 Prognosticis
457 1037 498 1074 p.
521 1024 570 1072 9,
611 1023 654 1064 ἐκ
680 1021 992 1077 παρατηρήσεῶς
1021 1024 1127 1074 τινές
1153 1038 1302 1076 φασιν,
1346 1041 1407 1066 οτι
1436 1021 1517 1065 vind
1547 1027 1622 1076 τῆς

166 1075 342 1130 ἑβδόμης
368 1081 442 1119 τοῦ
465 1080 654 1131 Μαρτίου
683 1096 810 1132 μηνος
833 1081 906 1129 ἕως
924 1084 997 1132 τῆς
1017 1078 1066 1122 ιδ’
1088 1078 1211 1122 αὐτοῦ
1235 1097 1361 1133 μηνος
1380 1081 1526 1121 εἴωθεν
1554 1080 1622 1122 ἐπὶ

166 1149 211 1174 το
231 1132 479 1201 ψυχρότερον
497 1135 758 1187 τρέπεσθαι“’
734 1152 756 1177 ο
777 1132 878 1189 οἷήρ·
907 1133 997 1177 κατ’
1018 1138 1171 1186 ἐκείνας
1187 1154 1268 1205 γαρ
1290 1135 1362 1186 τᾶς
1380 1136 1531 1190 ημέρας
1552 1135 1621 1177 καὶ

168 1189 212 1230 οἱ
229 1186 367 1243 μύριοι
385 1188 580 1244 μάρτυρες
595 1195 679 1239 τοῖς
705 1196 901 1245 παγανοῖς
919 1193 1216 1243 παραδοθέντες
1238 1192 1438 1244 ἤθλησαν.
1497 1195 1621 1231 corri-

167 1246 345 1298 gendum
362 1260 470 1296 vero,
490 1253 535 1284 ut
552 1249 594 1284 in
611 1246 765 1286 duobus
780 1261 842 1286 ms
860 1246 1123 1286 bibliothecae
1139 1249 1341 1287 Illustriss.
1359 1247 1623 1287 Card.10ieu-

167 1316 236 1341 sae
261 1305 442 1355 repperi,
474 1303 517 1344 οἷ
530 1300 817 1356 τετταράκοντα
839 1319 1033 1357 μαρτυρες
1057 1309 1140 1352 τοῖς
1164 1301 1310 1358 πάγοις
1325 1305 1624 1357 παραδοθέντες

165 1357 456 1431 ἐμαρτύρησαν.
511 1373 607 1398 nam
631 1374 721 1399 cum
746 1377 788 1414 μ,
817 1359 895 1399 hoc
914 1368 974 1400 est
990 1360 1058 1412 40,
1088 1362 1278 1414 scriptum
1294 1369 1409 1412 esset,
1438 1362 1623 1402 librarius

166 1417 335 1470 μυρίους
354 1430 440 1455 esse
459 1415 638 1455 credidit.

279 1472 334 1510 ib.
367 1487 407 1511 v.
436 1477 503 1515 10.
559 1471 655 1522 τούς
671 1472 714 1515 δὲ
734 1472 777 1515 ἓν
792 1476 846 1531 τῇ
865 1472 982 1530 εκτῃ]
1013 1487 1115 1512 anno
1136 1476 1263 1526 primo
1282 1473 1498 1527 Philippici
1519 1477 1622 1513 Bar-

168 1527 281 1567 danis
318 1529 670 1583 pseudosynodum
703 1529 817 1568 hanc
837 1538 1012 1569 coactam
1039 1532 1176 1570 scribit
1202 1530 1495 1584 Theophanes,
1538 1546 1621 1571 non

168 1598 271 1624 anno
292 1586 479 1634 secundo,
510 1593 554 1624 ut
573 1588 691 1638 vulgo
713 1586 1015 1655 chronographi.

279 1641 333 1680 ib.
363 1656 402 1680 v.
435 1616 500 1684 13.
561 1646 600 1683 Γ
595 1659 766 1696 ερμανον
782 1640 848 1684 τὸν
869 1643 1068 1696 Κυζίκου]
1097 1645 1246 1683 falsum
1263 1645 1426 1683 omnino
1450 1647 1619 1683 sanctis-
1642 1651 1672 1685 P
1696 1652 1742 1686 80

167 1699 320 1738 simum
334 1700 464 1736 virum
486 1700 727 1737 Germanum
751 1701 883 1751 Cyzici
911 1703 1141 1768 episcopum
1163 1700 1255 1739 huic
1278 1701 1432 1754 synodo
1450 1702 1625 1740 subscri-

133 1783 135 1785 -
166 1756 313 1806 psisse,
354 1757 426 1792 etsi
446 1754 555 1792 idem
580 1755 686 1807 apud
706 1755 997 1808 Theophanem
1015 1758 1162 1808 legitur
1183 1758 1241 1810 (p.
1262 1761 1344 1800 320
1364 1756 1432 1808 Β).
1490 1760 1622 1796 verius

168 1813 354 1849 existimo
387 1812 628 1849 Germanum
660 1814 792 1864 ipsmn
825 1812 919 1851 sede
949 1826 1021 1852 sua
1048 1815 1231 1880 pulsum,
1271 1820 1316 1851 ut
1346 1827 1437 1852 cum
1466 1814 1567 1866 Cyro
1598 1827 1623 1852 a

166 1866 416 1920 Theophane
454 1870 683 1907 coniunctus
720 1872 796 1919 sit;
845 1869 917 1908 sed
945 1866 1226 1912 ἀνακόλουθον
1255 1872 1299 1908 in
1325 1872 1502 1908 oratione
1527 1877 1623 1908 ‘tunc

167 1925 254 1962 erit.

278 1991 319 2032 p.
338 1980 394 2023 55
412 1994 451 2019 v.
471 1984 512 2023 2.
573 1979 808 2029 Φιλιππικός
828 1979 871 2021 δὲ
895 1981 1120 2034 γενέθλιον]
1150 1981 1322 2020 difficilis
1343 1981 1560 2021 admodum
1582 1991 1622 2022 et

166 2037 452 2075 inextricabilis
470 2036 570 2075 haec
587 2039 775 2090 temporis
794 2045 900 2086 nota,
931 2051 1052 2091 quam
1073 2037 1124 2075 ad
1145 2053 1270 2076 unum
1290 2037 1468 2078 historici
1483 2054 1620 2078 omnes

167 2094 357 2131 referunt.
414 2091 717 2146 Theophanes
706 2108 748 2131 m
772 2107 873 2132 anno
902 2097 929 2136 2
955 2094 1171 2147 Philippici
1199 2093 1257 2147 (p.
1282 2098 1363 2136 320
1384 2095 1507 2148 ima):
1538 2098 1621 2138 διε-

166 2152 262 2198 τοῦς
288 2146 431 2202 χρόνου
454 2153 529 2202 τῆς
556 2152 757 2203 βασιλείας
779 2153 1026 2192 Φιλιππικοῦ
1044 2151 1088 2192 ἐν
1104 2149 1263 2200 τούτοις
1281 2150 1619 2217 παραδραμόντος,

167 2205 247 2246 καὶ
258 2209 331 2246 τοῦ
354 2209 562 2259 γενεθλίου
583 2207 923 2275 ἐπιτελουμένου”
905 2224 1088 2257 ιππικου,
1119 2210 1337 2260 Πρασίνων
1356 2222 1525 2260 νικησαι
1528 2226 1620 2252 των,

170 2261 278 2310 ἔδοξε
302 2265 358 2317 τῷ
378 2264 533 2315 βασιλεῖ
552 2267 609 2320 τῷ
628 2260 813 2332 σαββατῳ
837 2267 907 2315 τῆς
930 2260 963 2305 ν’
987 2261 1255 2331 καβαλλᾰριον
1282 2263 1378 2318 μετὰ
1410 2266 1531 2318 δοχῆς
1554 2266 1622 2307 καὶ

169 2314 355 2371 ὀργάνων
383 2306 590 2360 εἰσελθεῖν
607 2321 674 2360 καὶ
704 2319 931 2361 λούσασθαι
961 2321 1017 2369 εἰς
1044 2319 1091 2362 ‘co'
1119 2318 1316 2374 δημόσιον
1347 2320 1516 2389 λουτρον
1549 2326 1624 2364 τοῦ

170 2376 399 2424 Ζευξίππου
420 2381 494 2412 etc.
554 2379 751 2429 sequitur:
781 2380 833 2434 τῇ
849 2375 892 2418 δὲ
919 2375 1132 2432 ἐπαύριον,
1161 2376 1289 2431 ἤγουν
1314 2381 1365 2434 τῇ
1389 2375 1445 2428 ν’,
1476 2390 1624 2433 σωρευ-

167 2430 312 2479 θέντος
342 2434 415 2471 τοῦ
443 2435 546 2472 λαου
576 2434 632 2480 εἰς
658 2431 733 2485 τήν
762 2421 934 2487 μεγάλην
964 2434 1174 2502 ἐκκλησίαν
1205 2419 1382 2486 ἒστέφθη
1410 2431 1623 2488 Ἀρτέμιος

168 2501 263 2539 ergo
290 2489 453 2526 sabbato
483 2496 730 2540 pentecostes
760 2490 967 2542 γενέθλιον
991 2494 1063 2543 τῆς
1089 2487 1257 2540 πόλεως,
1288 2490 1396 2544 quod
1414 2494 1621 2544 perspicue

166 2543 412 2612 Nicephorus
438 2544 571 2583 tradit.
629 2547 670 2584 in
698 2547 924 2598 Menologio
942 2548 1181 2586 Graecorum
1202 2546 1254 2585 ad
1280 2550 1327 2589 11
1354 2549 1450 2586 Maii
1464 2557 1623 2587 notatur

167 2615 212 2640 το
237 2601 445 2653 γενέθλιον
462 2604 536 2652 τῆς
561 2600 1028 2652 Κωνσταντινουπὸλεως.
1087 2611 1240 2656 oportet
1266 2605 1387 2655 igitur
1411 2604 1489 2644 hoc
1517 2619 1621 2643 anuo

167 2664 421 2707 pentecosten
441 2660 480 2695 in
501 2661 597 2696 Maii
614 2661 666 2701 12
682 2659 882 2698 incidisse.
939 2674 1065 2699 annus
1084 2674 1107 2698 a
1124 2662 1330 2700 Fastorum
1351 2661 1620 2700 conditoribus

168 2711 314 2751 Christi
332 2715 412 2756 713
430 2717 635 2763 statuitur,
665 2716 752 2755 Iud.
774 2720 838 2765 11,
870 2718 979 2769 cyclo
997 2719 1115 2755 lunae
1135 2719 1202 2766 11,
1233 2718 1342 2770 cyclo
1365 2719 1460 2756 solis
1484 2719 1621 2769 cpoli-

168 2774 261 2807 tano
286 2772 360 2818 173
400 2779 559 2823 epactae
579 2774 673 2811 solis
693 2774 742 2822 6,
784 2773 879 2811 luna
907 2774 977 2822 14,
1008 2774 1156 2825 Aprilis
1179 2775 1255 2824 15,
1285 2787 1387 2826 quae
1410 2787 1500 2812 cum
1523 2788 1620 2811 con-

169 2827 415 2866 currentibus
457 2827 524 2867 dat
561 2829 703 2870 feriam
735 2833 776 2872 7.
833 2829 923 2869 ideo
958 2829 1148 2883 postridie
1178 2833 1229 2873 16
1263 2830 1442 2870 eiusdem
1468 2833 1619 2870 mensis
