1890 3224
244 160 309 209 44
719 159 953 205 GEORGII
982 158 1192 202 PISIDAE

464 275 537 326 τὰς
555 275 629 324 σὰς
647 272 811 328 ἐνεργεΐς
831 275 910 315 τῶν
927 268 1189 328 χαρισμάτων
1209 266 1379 323 δόσεις),

464 343 538 392 τὰς
560 345 615 391 εἷς
638 341 683 383 σὲ
704 338 997 397 συμπλήρωσον
1016 337 1131 394 ἡμῶν
1153 339 1336 387 ἐλπίδας·

466 411 507 452 ἐν
529 411 590 451 σοὶ
611 408 687 465 γὰρ
707 407 778 450 οὐκ
798 408 943 450 ἔνεστιν
963 407 1124 461 ἐλλιπὴς
1137 403 1270 462 χάρις.

352 478 433 520 400
467 477 606 519 ἴθυνον
631 475 751 525 αὐτὸς
770 476 839 518 τὸν
860 473 955 526 σόν,
985 473 1040 524 ὡς
1061 475 1284 523 ἐπίστασαι,
1330 518 1331 521 ¹

466 543 767 600 ὑποστράτηγον
776 575 789 594 ,
822 542 953 585 πάντα
973 540 1159 599 πράττειν
1177 539 1231 590 ὥς
1249 541 1394 591 θέλεις.

467 613 632 666 ποίησον
652 611 772 652 αὐτὸν
792 611 932 653 πιστὸν
953 606 1230 666 ἀσπιδηφόρον

469 684 549 722 τῶν
569 679 742 732 εὐσεβῶν
764 695 836 720 σου
859 681 1065 732 πανταχοῦ
1085 672 1415 733 προσταγμάτων.

472 747 521 789 σὺ
544 749 671 796 ὁειξον
694 745 814 788 αὐτὸν
834 753 917 796 τοῖς
935 746 1124 794 ἐναντίοις
1141 741 1290 800 φόβον·

357 815 438 858 405
474 816 540 857 καὶ
561 818 641 863 πᾶς
662 829 722 862 τις
744 812 972 871 ἀλλόφυλος
996 815 1051 862 εἷς
1075 810 1177 866 αἷμα
1199 810 1348 866 τρέχων

472 880 599 939 τούτῳ
623 879 856 938 προκάμψει
877 880 950 924 σὺν
970 878 1107 937 τρόμῳ
1128 877 1197 920 τὸν
1218 877 1377 930 αὐχένα.

475 951 641 1003 ποίησον
665 949 774 1005 αὐτῷ
793 953 872 991 τῶν
893 945 1140 1004 φθασάντων
1156 942 1417 997 πταισμάτων

477 1018 670 1073 ἱδρῶτας,
705 1016 774 1065 οὓς
797 1014 955 1065 ἔσταξεν
966 1047 979 1067 ,
1013 1017 1068 1064 εἷς
1089 1011 1328 1068 καθάρσιον.

477 1083 596 1138 λάβοι
614 1083 707 1125 κατ’
732 1085 891 1140 ἐχθρῶν
908 1082 1022 1125 διττὰ
1037 1077 1259 1135 νικητήρια,

362 1153 451 1194 410
479 1150 618 1204 στήσοι
635 1148 808 1206 τρόπαια
831 1151 896 1192 καὶ
917 1153 1064 1196 παθῶν
1083 1149 1148 1190 καὶ
1163 1143 1399 1202 βαρβάρων.

481 1217 692 1274 πλήρωσον
713 1215 856 1269 αὐτόν,
892 1215 946 1266 ὡς
968 1217 1177 1258 ἐπίστασαι
1198 1212 1333 1266 μόνος,

479 1291 553 1340 τῆς
574 1288 629 1335 εἰς
648 1284 692 1326 σὲ
712 1282 982 1341 θερμότητος,
1017 1281 1072 1332 ὥς
1091 1281 1160 1324 τὸν
1174 1281 1334 1331 Ἠλίαν,

485 1354 530 1403 ὃς
549 1348 781 1407 ἐκπυρώσας
801 1350 901 1409 πρός
921 1367 965 1393 σε
987 1353 1081 1392 νοῢν
1101 1350 1167 1391 καὶ
1189 1349 1357 1405 καρδίαν

483 1421 579 1475 πυρὶ
604 1418 704 1475 πρὸς
724 1418 832 1473 ὕψος
856 1416 1015 1467 εἰκότως
1032 1414 1242 1472 ἡρπάζετο.

367 1477 452 1529 4415
486 1489 552 1529 καὶ
576 1488 699 1537 δεῖξον
720 1486 841 1528 αὐτὸν
862 1490 962 1528 πᾶσι
980 1485 1140 1528 Μωσέα
1160 1484 1262 1534 νέον,

487 1557 528 1596 ἐν
547 1558 597 1611 τῇ
616 1554 708 1595 κατ’
736 1556 895 1608 ἐχθρῶν
914 1553 1070 1605 εὐσεβεῖ
1081 1551 1281 1608 πανοπλίᾳ

491 1621 560 1663 τὸν
584 1620 757 1676 σταυρὸν
774 1621 993 1662 ἐκτείνοντα
1011 1623 1092 1661 τῶν
1101 1622 1248 1673 χειρῶν
1268 1616 1399 1668 πλέον,

492 1691 654 1742 Μωσῆν
675 1690 819 1729 ἐκεῖνον
840 1687 885 1737 ὃς
903 1685 1029 1741 βάτον
1050 1687 1115 1727 καὶ
1136 1689 1214 1741 πῦρ
1232 1685 1390 1738 βλέπων

490 1756 562 1810 τὴν
584 1756 658 1808 σὴν
679 1755 956 1810 ἅπηκρίβωσεν
979 1755 1020 1795 ἐν
1041 1751 1156 1810 βάτῳ
1180 1751 1312 1809 φλόγα

379 1822 460 1866 420
496 1824 561 1865 καὶ
581 1823 653 1875 τὴν
672 1820 798 1876 βάτον
812 1823 1011 1876 μένουσαν
1021 1853 1034 1873 ,
1070 1820 1117 1862 οὐ
1135 1819 1426 1876 πεφλεγμένην,·

497 1892 660 1944 Μωσῆν
676 1889 720 1940 ὃς
737 1889 863 1946 ὤφθη
882 1890 1005 1946 σαρκί
1020 1905 1084 1931 σοι
1106 1885 1216 1944 μόνῳ
1232 1885 1368 1942 μόνος,

499 1959 565 1999 καὶ
587 1962 757 2015 σαρκικῇ
778 1974 821 2000 σε
843 1957 1056 2014 προβλέπει
1076 1957 1244 2014 θεωρία,

371 2091 440 2128 402
461 2093 716 2141 ἄσπιδοφόρον
740 2096 781 2130 ed

285 2218 400 2250 nostra
415 2217 450 2250 in
467 2219 504 2253 te
517 2217 644 2264 perfice
660 2217 845 2252 desideria:
868 2218 903 2250 in
917 2219 954 2250 te
972 2217 1058 2250 enim
1073 2227 1139 2250 non
1157 2218 1210 2251 est
1224 2216 1383 2250 deficiens
1400 2217 1520 2261 gratia.
1566 2215 1666 2261 (400)
1687 2220 1726 2249 tu

286 2260 394 2304 dirige
414 2265 528 2305 tuum,
550 2268 588 2296 ut
606 2264 692 2296 bene
711 2263 817 2305 nosti,
842 2262 1134 2306 subimperatorem
1153 2262 1196 2295 ad
1214 2262 1369 2296 facienda
1385 2262 1494 2295 omnia
1510 2265 1547 2295 ut
1562 2262 1625 2296 vis.
1670 2262 1727 2294 fac

286 2305 396 2349 ipsum
423 2307 554 2341 fidelem
584 2307 683 2359 clipei
708 2312 912 2351 gestatorem
931 2307 966 2339 in
986 2307 1136 2341 omnibus
1156 2307 1223 2341 tuis
1239 2308 1452 2341 sanctissimis
1467 2306 1642 2341 mandatis.
1686 2311 1726 2339 tu

287 2350 396 2394 ipsum
422 2353 525 2386 redde
549 2352 689 2385 ininucis
717 2352 978 2392 formidandum3
1015 2352 1118 2396 (405)
1150 2356 1186 2386 et
1211 2353 1313 2386 omnis
1337 2353 1525 2395 alienigena
1548 2352 1581 2385 in
1603 2350 1727 2385 caedes

289 2406 390 2429 ruens
421 2397 486 2441 ipsi
511 2397 628 2430 flectat
645 2408 717 2430 curn
739 2402 886 2430 tremore
912 2396 1087 2430 cervicem.
1134 2397 1190 2430 fac
1212 2403 1249 2430 ut
1268 2397 1299 2430 ei
1319 2397 1386 2431 sint
1402 2403 1552 2440 veterum
1568 2404 1727 2430 noxarum

290 2441 446 2484 sudores,
472 2454 556 2487 quos
585 2442 723 2483 effudit,
747 2442 902 2487 expiatio.
950 2441 1110 2486 duplicem
1126 2447 1280 2487 reportet
1301 2454 1344 2476 ex
1363 2443 1514 2476 hostibus
1534 2442 1727 2475 victoriam

291 2486 391 2528 (410)
415 2487 515 2520 sistat
536 2493 675 2531 tropaea
695 2487 738 2520 de
757 2487 849 2520 vitiis
870 2497 910 2519 ac
932 2486 975 2519 de
993 2487 1162 2529 barbaris,
1186 2488 1280 2532 reple
1301 2488 1429 2532 ipsum,
1454 2491 1493 2520 ut
1507 2491 1545 2520 tu
1560 2487 1652 2520 solus
1665 2497 1730 2520 no-

293 2530 356 2572 sti,
382 2536 440 2564 tuo
469 2533 503 2565 in
530 2537 564 2565 te
592 2534 743 2576 fervore,
768 2532 863 2565 velut
890 2531 1020 2572 Eliam,
1043 2532 1101 2575 qui
1130 2543 1213 2576 erga
1233 2538 1267 2565 te
1290 2532 1512 2565 inflammatus
1530 2536 1671 2565 mentem
1693 2533 1731 2564 et

292 2579 411 2654 fficms
437 2578 478 2610 ab
503 2577 581 2620 igne
610 2577 643 2610 in
671 2577 773 2610 altum
796 2576 914 2610 merito
935 2581 1053 2620 raptus
1071 2580 1133 2610 est.
1179 2577 1277 2621 (415)
1301 2578 1439 2611 ostende
1452 2577 1558 2621 ipsum
1578 2576 1730 2610 omnibus

334 2631 423 2655 osem
445 2633 566 2655 novum
577 2648 586 2663 ,
619 2622 676 2665 qui
695 2621 752 2666 pia
767 2622 912 2655 munitus
930 2621 965 2654 in
983 2622 1095 2655 hostes
1108 2627 1276 2655 armatura
1292 2633 1425 2656 crucem
1443 2621 1602 2655 extendat
1618 2621 1732 2666 potius

294 2676 392 2708 quam
422 2678 556 2708 manus3
589 2667 716 2700 Mosem
742 2667 830 2700 illum
855 2666 913 2711 qui
934 2667 1052 2700 rubum
1074 2670 1110 2700 et
1126 2666 1235 2710 ignem
1251 2666 1370 2700 videns
1385 2671 1454 2700 tam
1470 2668 1557 2700 bene
1574 2665 1733 2710 cognovit

293 2715 385 2745 tuam
403 2711 437 2744 in
455 2713 539 2745 rubo
556 2710 719 2746 flammam
743 2713 839 2755 (420)
863 2722 961 2756 quam
981 2712 1118 2752 rubum,
1141 2712 1199 2756 qui
1216 2712 1375 2746 remansit
1388 2712 1631 2747 incombustum
1656 2710 1732 2744 Mo-

294 2766 363 2790 sem
393 2757 449 2801 qui
476 2757 567 2792 visus
596 2762 647 2791 est
677 2757 856 2792 carnaliter
877 2767 898 2790 a
925 2761 962 2790 te
989 2756 1062 2790 solo
1084 2756 1196 2800 solus,
1235 2762 1273 2792 et
1289 2762 1326 2792 te
1345 2756 1470 2792 carnali
1493 2756 1577 2791 vidit
1597 2754 1731 2799 iutuitu,

1882 47 1890 189 ,νο-ι’..μ-
1884 3 1886 8 ἡ
