<?xml version="1.0" encoding="UTF-8"?>
<!DOCTYPE html PUBLIC "-//W3C//DTD XHTML 1.0 Transitional//EN"
    "http://www.w3.org/TR/xhtml1/DTD/xhtml1-transitional.dtd">
<html xmlns="http://www.w3.org/1999/xhtml" xml:lang="en" lang="en">
 <head>
  <title>
</title>
<meta http-equiv="Content-Type" content="text/html;charset=utf-8" />
  <meta name='ocr-system' content='tesseract 3.04.00' />
  <meta name='ocr-capabilities' content='ocr_page ocr_carea ocr_par ocr_line ocrx_word'/>
</head>
<body>
  <div class='ocr_page' id='page_1' title='image "./corpusscriptorum42niebuoft/corpusscriptorum42niebuoft_0322.png"; bbox 0 0 1890 3224; ppageno 0'>
   <div class='ocr_carea' id='block_1_1' title="bbox 300 197 1261 247">
    <p class='ocr_par' dir='ltr' id='par_1_1' title="bbox 300 197 1261 247">
     <span class='ocr_line' id='line_1_1' title="bbox 300 197 1261 247; baseline -0.006 0"><span class='ocrx_word' id='word_1_1' title='bbox 300 200 364 247; x_wconf 82' lang='lat'><strong>74</strong></span> <span class='ocrx_word' id='word_1_2' title='bbox 786 198 1024 242; x_wconf 85' lang='lat' dir='ltr'>GEORGII</span> <span class='ocrx_word' id='word_1_3' title='bbox 1048 197 1261 242; x_wconf 82' lang='lat' dir='ltr'>PISIDAE</span> 
     </span>
    </p>
   </div>
   <div class='ocr_carea' id='block_1_2' title="bbox 313 307 1775 2776">
    <p class='ocr_par' dir='ltr' id='par_1_2' title="bbox 313 307 1775 2776">
     <span class='ocr_line' id='line_1_2' title="bbox 519 307 1390 369; baseline -0.002 -14"><span class='ocrx_word' id='word_1_4' title='bbox 519 313 591 355; x_wconf 76' lang='grc' dir='ltr'><strong>οὐκ</strong></span> <span class='ocrx_word' id='word_1_5' title='bbox 611 309 742 369; x_wconf 70' lang='grc' dir='ltr'><em>ἠγνόει</em></span> <span class='ocrx_word' id='word_1_6' title='bbox 763 309 864 369; x_wconf 87' lang='grc' dir='ltr'><em>γάρ,</em></span> <span class='ocrx_word' id='word_1_7' title='bbox 901 311 1027 362; x_wconf 74' lang='grc' dir='ltr'><em>δεινὸς</em></span> <span class='ocrx_word' id='word_1_8' title='bbox 1049 309 1105 354; x_wconf 74' lang='grc' dir='ltr'><strong>ὢν</strong></span> <span class='ocrx_word' id='word_1_9' title='bbox 1126 307 1390 369; x_wconf 71' lang='grc' dir='ltr'><em>λογογράφος,</em></span> 
     </span>
     <span class='ocr_line' id='line_1_3' title="bbox 520 377 1376 438; baseline -0.002 -16"><span class='ocrx_word' id='word_1_10' title='bbox 520 380 576 430; x_wconf 80' lang='grc' dir='ltr'><strong>ὡς</strong></span> <span class='ocrx_word' id='word_1_11' title='bbox 595 380 701 438; x_wconf 61' lang='grc' dir='ltr'><em>εἴπερ</em></span> <span class='ocrx_word' id='word_1_12' title='bbox 724 380 846 423; x_wconf 78' lang='grc' dir='ltr'><em>αὐτὸν</em></span> <span class='ocrx_word' id='word_1_13' title='bbox 867 380 1108 434; x_wconf 78' lang='grc' dir='ltr'><em>εὐτυχοῦντα</em></span> <span class='ocrx_word' id='word_1_14' title='bbox 1130 377 1376 437; x_wconf 87' lang='grc' dir='ltr'><em>συγγράφοι,</em></span> 
     </span>
     <span class='ocr_line' id='line_1_4' title="bbox 521 446 1334 506; baseline -0.001 -15"><span class='ocrx_word' id='word_1_15' title='bbox 521 447 640 491; x_wconf 81' lang='grc' dir='ltr'><em>δώσει</em></span> <span class='ocrx_word' id='word_1_16' title='bbox 660 448 706 491; x_wconf 82' lang='grc' dir='ltr'><em>τὸ</em></span> <span class='ocrx_word' id='word_1_17' title='bbox 727 453 840 491; x_wconf 81' lang='grc' dir='ltr'><em>νικᾶν</em></span> <span class='ocrx_word' id='word_1_18' title='bbox 863 449 952 491; x_wconf 71' lang='grc' dir='ltr'><em>ἄντ’</em></span> <span class='ocrx_word' id='word_1_19' title='bbox 978 450 1125 491; x_wconf 68' lang='grc' dir='ltr'><em>ἐκείνου</em></span> <span class='ocrx_word' id='word_1_20' title='bbox 1147 453 1198 506; x_wconf 84' lang='grc' dir='ltr'><em>τῇ</em></span> <span class='ocrx_word' id='word_1_21' title='bbox 1219 446 1334 505; x_wconf 87' lang='grc' dir='ltr'><em>τύχῃ.</em></span> 
     </span>
     <span class='ocr_line' id='line_1_5' title="bbox 408 511 1506 574; baseline -0.002 -16"><span class='ocrx_word' id='word_1_22' title='bbox 408 519 487 558; x_wconf 80' lang='grc'><strong>120</strong></span> <span class='ocrx_word' id='word_1_23' title='bbox 522 516 617 559; x_wconf 75' lang='grc' dir='ltr'><em>ἀλλ’</em></span> <span class='ocrx_word' id='word_1_24' title='bbox 639 515 738 572; x_wconf 69' lang='grc' dir='ltr'><em>εἶχεν</em></span> <span class='ocrx_word' id='word_1_25' title='bbox 748 549 763 570; x_wconf 94' lang='grc'><em>,</em></span> <span class='ocrx_word' id='word_1_26' title='bbox 799 511 832 560; x_wconf 82' lang='grc' dir='ltr'><strong><em>ὦ</em></strong></span> <span class='ocrx_word' id='word_1_27' title='bbox 851 515 1116 574; x_wconf 72' lang='grc' dir='ltr'><em>Πλούταρχε,</em></span> <span class='ocrx_word' id='word_1_28' title='bbox 1149 521 1222 571; x_wconf 82' lang='grc' dir='ltr'><strong>τῆς</strong></span> <span class='ocrx_word' id='word_1_29' title='bbox 1245 515 1368 571; x_wconf 87' lang='grc' dir='ltr'><em>τύχης</em></span> <span class='ocrx_word' id='word_1_30' title='bbox 1388 516 1506 557; x_wconf 78' lang='grc' dir='ltr'><em>πλέον</em></span> 
     </span>
     <span class='ocr_line' id='line_1_6' title="bbox 518 581 1527 643; baseline -0.002 -17"><span class='ocrx_word' id='word_1_31' title='bbox 518 583 540 626; x_wconf 81' lang='grc' dir='ltr'><em>ὃ</em></span> <span class='ocrx_word' id='word_1_32' title='bbox 565 585 636 635; x_wconf 87' lang='grc' dir='ltr'><strong>σὸς</strong></span> <span class='ocrx_word' id='word_1_33' title='bbox 657 585 878 643; x_wconf 84' lang='grc' dir='ltr'><em>στρατηγὸς</em></span> <span class='ocrx_word' id='word_1_34' title='bbox 901 585 1140 643; x_wconf 81' lang='grc' dir='ltr'><em>δραστικοὺς</em></span> <span class='ocrx_word' id='word_1_35' title='bbox 1158 585 1254 635; x_wconf 75' lang='grc' dir='ltr'><em>τοὺς</em></span> <span class='ocrx_word' id='word_1_36' title='bbox 1274 581 1527 639; x_wconf 83' lang='grc' dir='ltr'><em>συμμάχους.</em></span> 
     </span>
     <span class='ocr_line' id='line_1_7' title="bbox 518 651 1417 714; baseline -0.002 -19"><span class='ocrx_word' id='word_1_37' title='bbox 518 654 580 703; x_wconf 87' lang='grc' dir='ltr'><strong>τίς</strong></span> <span class='ocrx_word' id='word_1_38' title='bbox 599 654 642 714; x_wconf 67' lang='grc' dir='ltr'><strong>ὁξ</strong></span> <span class='ocrx_word' id='word_1_39' title='bbox 663 653 835 712; x_wconf 81' lang='grc' dir='ltr'><em>στρατὸν</em></span> <span class='ocrx_word' id='word_1_40' title='bbox 854 654 1025 710; x_wconf 76' lang='grc' dir='ltr'><em>γέμοντα</em></span> <span class='ocrx_word' id='word_1_41' title='bbox 1042 656 1249 710; x_wconf 73' lang='grc' dir='ltr'><em>Περσικοῦ</em></span> <span class='ocrx_word' id='word_1_42' title='bbox 1269 651 1417 710; x_wconf 81' lang='grc' dir='ltr'><em>φόβου,</em></span> 
     </span>
     <span class='ocr_line' id='line_1_8' title="bbox 522 717 1388 780; baseline 0.001 -18"><span class='ocrx_word' id='word_1_43' title='bbox 522 721 625 778; x_wconf 76' lang='grc' dir='ltr'><em>παρ’</em></span> <span class='ocrx_word' id='word_1_44' title='bbox 649 719 775 772; x_wconf 73' lang='grc' dir='ltr'><em>οῗςτό</em></span> <span class='ocrx_word' id='word_1_45' title='bbox 799 721 959 780; x_wconf 75' lang='grc' dir='ltr'><em>φεύγειν</em></span> <span class='ocrx_word' id='word_1_46' title='bbox 979 717 1030 776; x_wconf 74' lang='grc' dir='ltr'><strong>ἦν</strong></span> <span class='ocrx_word' id='word_1_47' title='bbox 1051 722 1259 772; x_wconf 78' lang='grc' dir='ltr'><em>ἀκίνδυνος</em></span> <span class='ocrx_word' id='word_1_48' title='bbox 1276 720 1388 776; x_wconf 83' lang='grc' dir='ltr'><em>μάχη</em></span> 
     </span>
     <span class='ocr_line' id='line_1_9' title="bbox 522 788 1252 846; baseline 0.003 -16"><span class='ocrx_word' id='word_1_49' title='bbox 522 788 644 846; x_wconf 80' lang='grc' dir='ltr'><em>φύσις</em></span> <span class='ocrx_word' id='word_1_50' title='bbox 661 807 702 832; x_wconf 85' lang='grc' dir='ltr'><strong>τε</strong></span> <span class='ocrx_word' id='word_1_51' title='bbox 724 790 862 832; x_wconf 82' lang='grc' dir='ltr'><em>λοιπὸν</em></span> <span class='ocrx_word' id='word_1_52' title='bbox 882 792 924 841; x_wconf 73' lang='grc' dir='ltr'><strong>ἐξ</strong></span> <span class='ocrx_word' id='word_1_53' title='bbox 947 789 1070 841; x_wconf 64' lang='grc' dir='ltr'><em>ἔθους</em></span> <span class='ocrx_word' id='word_1_54' title='bbox 1093 791 1252 846; x_wconf 75' lang='grc' dir='ltr'><em>ἐγίνετο,</em></span> 
     </span>
     <span class='ocr_line' id='line_1_10' title="bbox 408 846 1383 914; baseline 0.002 -17"><span class='ocrx_word' id='word_1_55' title='bbox 408 854 486 898; x_wconf 82' lang='lat'><strong>125</strong></span> <span class='ocrx_word' id='word_1_56' title='bbox 522 856 672 900; x_wconf 65' lang='grc' dir='ltr'><em>ἔπεισεν</em></span> <span class='ocrx_word' id='word_1_57' title='bbox 692 857 831 909; x_wconf 82' lang='grc' dir='ltr'><em>ὅπλοις</em></span> <span class='ocrx_word' id='word_1_58' title='bbox 852 861 920 900; x_wconf 86' lang='grc' dir='ltr'><em>καὶ</em></span> <span class='ocrx_word' id='word_1_59' title='bbox 940 857 1172 901; x_wconf 70' lang='grc' dir='ltr'><em>καθώπλισε</em></span> <span class='ocrx_word' id='word_1_60' title='bbox 1193 855 1338 914; x_wconf 84' lang='grc' dir='ltr'><em>λόγοις,</em></span> <span class='ocrx_word' id='word_1_61' title='bbox 1379 846 1383 854; x_wconf 35' lang='lat'>³</span> 
     </span>
     <span class='ocr_line' id='line_1_11' title="bbox 522 924 1374 984; baseline 0.001 -17"><span class='ocrx_word' id='word_1_62' title='bbox 522 928 589 968; x_wconf 82' lang='grc' dir='ltr'><em>καὶ</em></span> <span class='ocrx_word' id='word_1_63' title='bbox 612 926 685 980; x_wconf 82' lang='grc' dir='ltr'><em>τὴν</em></span> <span class='ocrx_word' id='word_1_64' title='bbox 709 928 750 970; x_wconf 73' lang='grc' dir='ltr'><strong>ἓν</strong></span> <span class='ocrx_word' id='word_1_65' title='bbox 774 927 911 978; x_wconf 76' lang='grc' dir='ltr'><em>αὐτοῖς</em></span> <span class='ocrx_word' id='word_1_66' title='bbox 935 929 1085 969; x_wconf 79' lang='grc' dir='ltr'><em>δειλίαν</em></span> <span class='ocrx_word' id='word_1_67' title='bbox 1104 924 1374 984; x_wconf 76' lang='grc' dir='ltr'><em>μεθαρμόσας</em></span> 
     </span>
     <span class='ocr_line' id='line_1_12' title="bbox 521 994 1199 1050; baseline 0 -14"><span class='ocrx_word' id='word_1_68' title='bbox 521 994 733 1048; x_wconf 80' lang='grc' dir='ltr'><em>εὐτολμίαν</em></span> <span class='ocrx_word' id='word_1_69' title='bbox 754 994 874 1045; x_wconf 63' lang='grc' dir='ltr'><em>ἔδειξε</em></span> <span class='ocrx_word' id='word_1_70' title='bbox 896 995 969 1050; x_wconf 85' lang='grc' dir='ltr'><em>τὴν</em></span> <span class='ocrx_word' id='word_1_71' title='bbox 990 996 1199 1049; x_wconf 72' lang='grc' dir='ltr'><em>ἀτολμίαν,</em></span> 
     </span>
     <span class='ocr_line' id='line_1_13' title="bbox 522 1057 1418 1120; baseline -0.004 -16"><span class='ocrx_word' id='word_1_72' title='bbox 522 1064 558 1104; x_wconf 86' lang='grc' dir='ltr'><em>εἶ</em></span> <span class='ocrx_word' id='word_1_73' title='bbox 577 1062 634 1116; x_wconf 88' lang='grc' dir='ltr'><strong>μὴ</strong></span> <span class='ocrx_word' id='word_1_74' title='bbox 654 1063 699 1105; x_wconf 85' lang='grc' dir='ltr'><em>τὸ</em></span> <span class='ocrx_word' id='word_1_75' title='bbox 723 1062 795 1115; x_wconf 74' lang='grc' dir='ltr'><strong>σὸν</strong></span> <span class='ocrx_word' id='word_1_76' title='bbox 814 1061 1004 1120; x_wconf 89' lang='grc' dir='ltr'><em>φρόνημα</em></span> <span class='ocrx_word' id='word_1_77' title='bbox 1023 1065 1091 1104; x_wconf 85' lang='grc' dir='ltr'><em>καὶ</em></span> <span class='ocrx_word' id='word_1_78' title='bbox 1112 1063 1157 1105; x_wconf 86' lang='grc' dir='ltr'><em>τὸ</em></span> <span class='ocrx_word' id='word_1_79' title='bbox 1179 1061 1251 1104; x_wconf 83' lang='grc' dir='ltr'><strong>σὸν</strong></span> <span class='ocrx_word' id='word_1_80' title='bbox 1271 1057 1418 1116; x_wconf 86' lang='grc' dir='ltr'><em>κράτος</em></span> 
     </span>
     <span class='ocr_line' id='line_1_14' title="bbox 519 1128 1353 1187; baseline -0.005 -16"><span class='ocrx_word' id='word_1_81' title='bbox 519 1129 673 1187; x_wconf 75' lang='grc' dir='ltr'><em>ἤγειρεν</em></span> <span class='ocrx_word' id='word_1_82' title='bbox 697 1129 867 1181; x_wconf 71' lang='grc' dir='ltr'><em>αὐτούς,</em></span> <span class='ocrx_word' id='word_1_83' title='bbox 903 1129 959 1179; x_wconf 81' lang='grc' dir='ltr'><strong>ὡς</strong></span> <span class='ocrx_word' id='word_1_84' title='bbox 977 1128 1189 1183; x_wconf 77' lang='grc' dir='ltr'><em>ἀκινήτους</em></span> <span class='ocrx_word' id='word_1_85' title='bbox 1209 1129 1353 1176; x_wconf 88' lang='grc' dir='ltr'><em>λίθους</em></span> 
     </span>
     <span class='ocr_line' id='line_1_15' title="bbox 411 1194 1487 1254; baseline -0.005 -15"><span class='ocrx_word' id='word_1_86' title='bbox 411 1200 490 1239; x_wconf 84' lang='lat'><strong>130</strong></span> <span class='ocrx_word' id='word_1_87' title='bbox 523 1198 596 1252; x_wconf 85' lang='grc' dir='ltr'><em>τὴν</em></span> <span class='ocrx_word' id='word_1_88' title='bbox 617 1202 690 1252; x_wconf 81' lang='grc' dir='ltr'><em>γῆν</em></span> <span class='ocrx_word' id='word_1_89' title='bbox 710 1201 942 1254; x_wconf 79' lang='grc' dir='ltr'><em>βαροῦντας</em></span> <span class='ocrx_word' id='word_1_90' title='bbox 958 1203 1043 1246; x_wconf 83' lang='grc' dir='ltr'><em>τοῖς</em></span> <span class='ocrx_word' id='word_1_91' title='bbox 1063 1195 1260 1253; x_wconf 82' lang='grc' dir='ltr'><em>ἀκάρποις</em></span> <span class='ocrx_word' id='word_1_92' title='bbox 1283 1194 1487 1251; x_wconf 80' lang='grc' dir='ltr'><em>φορτίοις,-</em></span> 
     </span>
     <span class='ocr_line' id='line_1_16' title="bbox 577 1260 1542 1321; baseline -0.006 -14"><span class='ocrx_word' id='word_1_93' title='bbox 577 1267 674 1306; x_wconf 83' lang='grc' dir='ltr'><strong>Ποῢ</strong></span> <span class='ocrx_word' id='word_1_94' title='bbox 694 1269 775 1307; x_wconf 80' lang='grc' dir='ltr'><em>τῶν</em></span> <span class='ocrx_word' id='word_1_95' title='bbox 789 1265 975 1320; x_wconf 79' lang='grc' dir='ltr'><em>Ἀθηνῶν</em></span> <span class='ocrx_word' id='word_1_96' title='bbox 997 1265 1035 1306; x_wconf 82' lang='grc' dir='ltr'><strong>οἶ</strong></span> <span class='ocrx_word' id='word_1_97' title='bbox 1054 1264 1132 1321; x_wconf 83' lang='grc' dir='ltr'><em>πρὸ</em></span> <span class='ocrx_word' id='word_1_98' title='bbox 1154 1261 1298 1305; x_wconf 86' lang='grc' dir='ltr'><em>τούτου</em></span> <span class='ocrx_word' id='word_1_99' title='bbox 1318 1260 1542 1318; x_wconf 84' lang='grc' dir='ltr'><em>ζωγράφοι,</em></span> 
     </span>
     <span class='ocr_line' id='line_1_17' title="bbox 525 1328 1472 1389; baseline -0.004 -15"><span class='ocrx_word' id='word_1_100' title='bbox 525 1332 563 1373; x_wconf 79' lang='grc' dir='ltr'><strong>οἳ</strong></span> <span class='ocrx_word' id='word_1_101' title='bbox 583 1332 654 1374; x_wconf 84' lang='grc' dir='ltr'><em>τὸν</em></span> <span class='ocrx_word' id='word_1_102' title='bbox 674 1332 897 1389; x_wconf 82' lang='grc' dir='ltr'><em>στρατηγὸν</em></span> <span class='ocrx_word' id='word_1_103' title='bbox 919 1330 1128 1386; x_wconf 86' lang='grc' dir='ltr'><em>Τιμόθεον</em></span> <span class='ocrx_word' id='word_1_104' title='bbox 1150 1332 1192 1373; x_wconf 76' lang='grc' dir='ltr'><strong>ἓν</strong></span> <span class='ocrx_word' id='word_1_105' title='bbox 1210 1337 1298 1380; x_wconf 85' lang='grc' dir='ltr'><em>ταῖς</em></span> <span class='ocrx_word' id='word_1_106' title='bbox 1320 1328 1472 1383; x_wconf 86' lang='grc' dir='ltr'><em>μάχαις</em></span> 
     </span>
     <span class='ocr_line' id='line_1_18' title="bbox 523 1396 1394 1458; baseline -0.003 -17"><span class='ocrx_word' id='word_1_107' title='bbox 523 1399 772 1454; x_wconf 82' lang='grc' dir='ltr'><em>κοιμώμενον</em></span> <span class='ocrx_word' id='word_1_108' title='bbox 791 1399 1035 1458; x_wconf 80' lang='grc' dir='ltr'><em>γράφοντες,</em></span> <span class='ocrx_word' id='word_1_109' title='bbox 1068 1398 1151 1442; x_wconf 74' lang='grc' dir='ltr'><em>εἶτα</em></span> <span class='ocrx_word' id='word_1_110' title='bbox 1174 1399 1247 1454; x_wconf 81' lang='grc' dir='ltr'><em>τὴν</em></span> <span class='ocrx_word' id='word_1_111' title='bbox 1269 1396 1394 1453; x_wconf 88' lang='grc' dir='ltr'><em>τύχην</em></span> 
     </span>
     <span class='ocr_line' id='line_1_19' title="bbox 522 1465 1344 1521; baseline -0.001 -12"><span class='ocrx_word' id='word_1_112' title='bbox 522 1468 675 1510; x_wconf 69' lang='grc' dir='ltr'><em>ἐκεῖθεν</em></span> <span class='ocrx_word' id='word_1_113' title='bbox 698 1467 814 1510; x_wconf 67' lang='grc' dir='ltr'><em>ἔνθεν</em></span> <span class='ocrx_word' id='word_1_114' title='bbox 836 1469 1072 1511; x_wconf 76' lang='grc' dir='ltr'><em>ἓνδιδοῢσαν</em></span> <span class='ocrx_word' id='word_1_115' title='bbox 1090 1468 1164 1518; x_wconf 80' lang='grc' dir='ltr'><strong>τὰς</strong></span> <span class='ocrx_word' id='word_1_116' title='bbox 1183 1465 1344 1521; x_wconf 80' lang='grc' dir='ltr'><em>πόλεις,-</em></span> 
     </span>
     <span class='ocr_line' id='line_1_20' title="bbox 412 1533 1379 1593; baseline -0.003 -15"><span class='ocrx_word' id='word_1_117' title='bbox 412 1535 489 1578; x_wconf 80' lang='grc'><strong>135</strong></span> <span class='ocrx_word' id='word_1_118' title='bbox 525 1537 615 1577; x_wconf 81' lang='grc' dir='ltr'><em>ὁέον</em></span> <span class='ocrx_word' id='word_1_119' title='bbox 637 1536 715 1593; x_wconf 76' lang='grc' dir='ltr'><em>γὰρ</em></span> <span class='ocrx_word' id='word_1_120' title='bbox 738 1536 876 1587; x_wconf 75' lang='grc' dir='ltr'><em>αὐτοῖς</em></span> <span class='ocrx_word' id='word_1_121' title='bbox 895 1541 967 1579; x_wconf 81' lang='grc' dir='ltr'><strong>νῦν</strong></span> <span class='ocrx_word' id='word_1_122' title='bbox 989 1537 1176 1586; x_wconf 70' lang='grc' dir='ltr'><em>ἐναντίως</em></span> <span class='ocrx_word' id='word_1_123' title='bbox 1195 1533 1379 1592; x_wconf 85' lang='grc' dir='ltr'><em>γράφειν,</em></span> 
     </span>
     <span class='ocr_line' id='line_1_21' title="bbox 523 1602 1439 1658; baseline -0.002 -13"><span class='ocrx_word' id='word_1_124' title='bbox 523 1603 597 1658; x_wconf 84' lang='grc' dir='ltr'><em>τὴν</em></span> <span class='ocrx_word' id='word_1_125' title='bbox 616 1605 689 1657; x_wconf 79' lang='grc' dir='ltr'><strong>μὲν</strong></span> <span class='ocrx_word' id='word_1_126' title='bbox 706 1602 831 1658; x_wconf 84' lang='grc' dir='ltr'><em>τύχην</em></span> <span class='ocrx_word' id='word_1_127' title='bbox 857 1620 922 1646; x_wconf 90' lang='grc' dir='ltr'><strong>σοι</strong></span> <span class='ocrx_word' id='word_1_128' title='bbox 944 1608 1154 1657; x_wconf 84' lang='grc' dir='ltr'><em>πανταχοῦ</em></span> <span class='ocrx_word' id='word_1_129' title='bbox 1175 1602 1439 1656; x_wconf 76' lang='grc' dir='ltr'><em>κοιμωμένην,</em></span> 
     </span>
     <span class='ocr_line' id='line_1_22' title="bbox 525 1664 1427 1728; baseline -0.002 -16"><span class='ocrx_word' id='word_1_130' title='bbox 525 1675 681 1725; x_wconf 82' lang='grc' dir='ltr'><em>μᾶλλον</em></span> <span class='ocrx_word' id='word_1_131' title='bbox 700 1672 744 1713; x_wconf 77' lang='grc' dir='ltr'><strong>δὲ</strong></span> <span class='ocrx_word' id='word_1_132' title='bbox 763 1677 848 1721; x_wconf 76' lang='grc' dir='ltr'><em>τοῖς</em></span> <span class='ocrx_word' id='word_1_133' title='bbox 869 1678 956 1721; x_wconf 80' lang='grc' dir='ltr'><em>σοῖς</em></span> <span class='ocrx_word' id='word_1_134' title='bbox 976 1664 1256 1728; x_wconf 81' lang='grc' dir='ltr'><em>ἀντερίζουσαν</em></span> <span class='ocrx_word' id='word_1_135' title='bbox 1277 1667 1427 1721; x_wconf 88' lang='grc' dir='ltr'><em>πόνοις,</em></span> 
     </span>
     <span class='ocr_line' id='line_1_23' title="bbox 526 1736 1386 1796; baseline -0.001 -16"><span class='ocrx_word' id='word_1_136' title='bbox 526 1740 571 1780; x_wconf 81' lang='grc' dir='ltr'><strong>σὲ</strong></span> <span class='ocrx_word' id='word_1_137' title='bbox 591 1739 635 1781; x_wconf 74' lang='grc' dir='ltr'><strong>δὲ</strong></span> <span class='ocrx_word' id='word_1_138' title='bbox 656 1739 881 1796; x_wconf 85' lang='grc' dir='ltr'><em>στρατηγὸν</em></span> <span class='ocrx_word' id='word_1_139' title='bbox 903 1737 1206 1781; x_wconf 75' lang='grc' dir='ltr'><em>ὃιπλοκινδύνου</em></span> <span class='ocrx_word' id='word_1_140' title='bbox 1229 1736 1365 1792; x_wconf 84' lang='grc' dir='ltr'><em>μάχης</em></span> <span class='ocrx_word' id='word_1_141' title='bbox 1373 1769 1386 1789; x_wconf 93' lang='grc'><em>,</em></span> 
     </span>
     <span class='ocr_line' id='line_1_24' title="bbox 527 1802 1537 1864; baseline -0.002 -16"><span class='ocrx_word' id='word_1_142' title='bbox 527 1809 594 1848; x_wconf 85' lang='grc' dir='ltr'><em>καὶ</em></span> <span class='ocrx_word' id='word_1_143' title='bbox 614 1806 717 1863; x_wconf 85' lang='grc' dir='ltr'><em>πρὸς</em></span> <span class='ocrx_word' id='word_1_144' title='bbox 739 1805 866 1861; x_wconf 85' lang='grc' dir='ltr'><em>τύχας</em></span> <span class='ocrx_word' id='word_1_145' title='bbox 882 1805 1064 1861; x_wconf 89' lang='grc' dir='ltr'><em>καμόντα</em></span> <span class='ocrx_word' id='word_1_146' title='bbox 1083 1809 1150 1849; x_wconf 82' lang='grc' dir='ltr'><em>καὶ</em></span> <span class='ocrx_word' id='word_1_147' title='bbox 1169 1806 1271 1864; x_wconf 81' lang='grc' dir='ltr'><em>πρὸς</em></span> <span class='ocrx_word' id='word_1_148' title='bbox 1285 1802 1537 1862; x_wconf 81' lang='grc' dir='ltr'><em>βαρβάρους.</em></span> 
     </span>
     <span class='ocr_line' id='line_1_25' title="bbox 414 1870 1400 1933; baseline 0 -17"><span class='ocrx_word' id='word_1_149' title='bbox 414 1874 495 1917; x_wconf 87' lang='grc'><strong>140</strong></span> <span class='ocrx_word' id='word_1_150' title='bbox 594 1873 740 1917; x_wconf 84' lang='grc' dir='ltr'><em>Πόθεν</em></span> <span class='ocrx_word' id='word_1_151' title='bbox 756 1879 959 1930; x_wconf 80' lang='grc' dir='ltr'><em>μετῆλθεν</em></span> <span class='ocrx_word' id='word_1_152' title='bbox 980 1877 1036 1925; x_wconf 79' lang='grc' dir='ltr'><strong>εἷς</strong></span> <span class='ocrx_word' id='word_1_153' title='bbox 1055 1874 1197 1933; x_wconf 79' lang='grc' dir='ltr'><em>βαφὴν</em></span> <span class='ocrx_word' id='word_1_154' title='bbox 1217 1870 1400 1918; x_wconf 65' lang='grc' dir='ltr'><em>ἐναντίαν</em></span> 
     </span>
     <span class='ocr_line' id='line_1_26' title="bbox 529 1940 1392 2000; baseline 0 -16"><span class='ocrx_word' id='word_1_155' title='bbox 529 1940 556 1996; x_wconf 75' lang='grc' dir='ltr'>ἦ</span> <span class='ocrx_word' id='word_1_156' title='bbox 575 1946 656 1984; x_wconf 85' lang='grc' dir='ltr'><em>τῶν</em></span> <span class='ocrx_word' id='word_1_157' title='bbox 677 1947 825 1999; x_wconf 82' lang='grc' dir='ltr'><em>τριχῶν</em></span> <span class='ocrx_word' id='word_1_158' title='bbox 844 1960 918 1986; x_wconf 90' lang='grc' dir='ltr'><strong>σου</strong></span> <span class='ocrx_word' id='word_1_159' title='bbox 935 1945 1240 2000; x_wconf 83' lang='grc' dir='ltr'><em>χρυσομίμητος</em></span> <span class='ocrx_word' id='word_1_160' title='bbox 1259 1940 1392 1996; x_wconf 76' lang='grc' dir='ltr'><em>κόμης</em></span> 
     </span>
     <span class='ocr_line' id='line_1_27' title="bbox 531 2008 1368 2069; baseline 0 -17"><span class='ocrx_word' id='word_1_161' title='bbox 531 2008 686 2065; x_wconf 63' lang='grc' dir='ltr'><em>ἔβαψεν</em></span> <span class='ocrx_word' id='word_1_162' title='bbox 711 2011 837 2066; x_wconf 73' lang='grc' dir='ltr'><em>αὐτὴν</em></span> <span class='ocrx_word' id='word_1_163' title='bbox 859 2009 888 2066; x_wconf 76' lang='grc' dir='ltr'>ἡ</span> <span class='ocrx_word' id='word_1_164' title='bbox 903 2012 1005 2066; x_wconf 81' lang='grc' dir='ltr'><em>χιὼν</em></span> <span class='ocrx_word' id='word_1_165' title='bbox 1027 2016 1108 2055; x_wconf 80' lang='grc' dir='ltr'><em>τῶν</em></span> <span class='ocrx_word' id='word_1_166' title='bbox 1129 2012 1368 2069; x_wconf 78' lang='grc' dir='ltr'><em>φροντίδων.</em></span> 
     </span>
     <span class='ocr_line' id='line_1_28' title="bbox 531 2076 1418 2135; baseline 0.001 -16"><span class='ocrx_word' id='word_1_167' title='bbox 531 2080 599 2120; x_wconf 78' lang='grc' dir='ltr'><em>’καὶ</em></span> <span class='ocrx_word' id='word_1_168' title='bbox 619 2083 699 2121; x_wconf 82' lang='grc' dir='ltr'><em>ποῦ</em></span> <span class='ocrx_word' id='word_1_169' title='bbox 715 2080 885 2134; x_wconf 77' lang='grc' dir='ltr'><em>μετέστη</em></span> <span class='ocrx_word' id='word_1_170' title='bbox 907 2084 988 2123; x_wconf 80' lang='grc' dir='ltr'><em>τῶν</em></span> <span class='ocrx_word' id='word_1_171' title='bbox 1006 2084 1138 2135; x_wconf 81' lang='grc' dir='ltr'><em>μελῶν</em></span> <span class='ocrx_word' id='word_1_172' title='bbox 1158 2079 1185 2135; x_wconf 75' lang='grc' dir='ltr'><em>ἦ</em></span> <span class='ocrx_word' id='word_1_173' title='bbox 1204 2076 1394 2132; x_wconf 87' lang='grc' dir='ltr'><em>λευκότης</em></span> <span class='ocrx_word' id='word_1_174' title='bbox 1402 2095 1418 2132; x_wconf 89' lang='lat'><strong>,·</strong></span> 
     </span>
     <span class='ocr_line' id='line_1_29' title="bbox 314 2182 1770 2235; baseline 0 -20"><span class='ocrx_word' id='word_1_175' title='bbox 314 2192 382 2235; x_wconf 80' lang='lat' dir='ltr'><strong>non</strong></span> <span class='ocrx_word' id='word_1_176' title='bbox 396 2182 579 2226; x_wconf 75' lang='lat' dir='ltr'><strong>ignorabat</strong></span> <span class='ocrx_word' id='word_1_177' title='bbox 593 2184 698 2226; x_wconf 90' lang='lat' dir='ltr'><strong>enim,</strong></span> <span class='ocrx_word' id='word_1_178' title='bbox 728 2185 874 2231; x_wconf 79' lang='lat' dir='ltr'><strong>scriptor</strong></span> <span class='ocrx_word' id='word_1_179' title='bbox 897 2198 971 2220; x_wconf 88' lang='lat' dir='ltr'><strong>cum</strong></span> <span class='ocrx_word' id='word_1_180' title='bbox 994 2189 1086 2221; x_wconf 85' lang='lat' dir='ltr'><strong>esset</strong></span> <span class='ocrx_word' id='word_1_181' title='bbox 1107 2185 1270 2228; x_wconf 81' lang='lat' dir='ltr'><strong>callidus,</strong></span> <span class='ocrx_word' id='word_1_182' title='bbox 1300 2183 1391 2230; x_wconf 90' lang='lat' dir='ltr'><strong>quod</strong></span> <span class='ocrx_word' id='word_1_183' title='bbox 1411 2182 1441 2218; x_wconf 81' lang='lat' dir='ltr'><strong>si</strong></span> <span class='ocrx_word' id='word_1_184' title='bbox 1465 2193 1541 2217; x_wconf 91' lang='lat' dir='ltr'><strong>eum</strong></span> <span class='ocrx_word' id='word_1_185' title='bbox 1562 2182 1770 2217; x_wconf 81' lang='lat' dir='ltr'><strong>fortunatum</strong></span> 
     </span>
     <span class='ocr_line' id='line_1_30' title="bbox 314 2228 1772 2277; baseline 0.001 -17"><span class='ocrx_word' id='word_1_186' title='bbox 314 2228 451 2272; x_wconf 69' lang='lat' dir='ltr'><strong>scriptis</strong></span> <span class='ocrx_word' id='word_1_187' title='bbox 473 2229 672 2263; x_wconf 77' lang='lat' dir='ltr'><strong>tradidisset</strong></span> <span class='ocrx_word' id='word_1_188' title='bbox 681 2256 691 2274; x_wconf 90' lang='lat'>‚</span> <span class='ocrx_word' id='word_1_189' title='bbox 724 2231 767 2264; x_wconf 82' lang='lat' dir='ltr'><strong>ab</strong></span> <span class='ocrx_word' id='word_1_190' title='bbox 782 2231 858 2277; x_wconf 83' lang='lat' dir='ltr'><strong>ipso</strong></span> <span class='ocrx_word' id='word_1_191' title='bbox 873 2232 918 2265; x_wconf 85' lang='lat' dir='ltr'><strong>ad</strong></span> <span class='ocrx_word' id='word_1_192' title='bbox 933 2233 1102 2266; x_wconf 79' lang='lat' dir='ltr'><strong>fortunam</strong></span> <span class='ocrx_word' id='word_1_193' title='bbox 1116 2231 1347 2266; x_wconf 78' lang='lat' dir='ltr'>transtulisset</span> <span class='ocrx_word' id='word_1_194' title='bbox 1361 2229 1549 2264; x_wconf 86' lang='lat' dir='ltr'><strong>victoriam.</strong></span> <span class='ocrx_word' id='word_1_195' title='bbox 1582 2228 1686 2274; x_wconf 64' lang='lat' dir='ltr'><strong>(lm)</strong></span> <span class='ocrx_word' id='word_1_196' title='bbox 1707 2239 1772 2261; x_wconf 84' lang='lat' dir='ltr'><strong>ve-</strong></span> 
     </span>
     <span class='ocr_line' id='line_1_31' title="bbox 314 2272 1773 2322; baseline 0.001 -17"><span class='ocrx_word' id='word_1_197' title='bbox 314 2283 388 2306; x_wconf 90' lang='lat' dir='ltr'><strong>rum</strong></span> <span class='ocrx_word' id='word_1_198' title='bbox 417 2273 546 2314; x_wconf 80' lang='lat' dir='ltr'><strong>habuit,</strong></span> <span class='ocrx_word' id='word_1_199' title='bbox 583 2275 778 2316; x_wconf 85' lang='lat' dir='ltr'><strong>Plutarehe,</strong></span> <span class='ocrx_word' id='word_1_200' title='bbox 814 2276 906 2320; x_wconf 88' lang='lat' dir='ltr'><strong>quod</strong></span> <span class='ocrx_word' id='word_1_201' title='bbox 934 2277 1106 2311; x_wconf 80' lang='lat' dir='ltr'><strong>fortunam</strong></span> <span class='ocrx_word' id='word_1_202' title='bbox 1135 2279 1285 2322; x_wconf 85' lang='lat' dir='ltr'><strong>superat,</strong></span> <span class='ocrx_word' id='word_1_203' title='bbox 1323 2279 1403 2310; x_wconf 82' lang='lat' dir='ltr'><strong>tuus</strong></span> <span class='ocrx_word' id='word_1_204' title='bbox 1433 2275 1490 2309; x_wconf 90' lang='lat' dir='ltr'><strong>ille</strong></span> <span class='ocrx_word' id='word_1_205' title='bbox 1520 2274 1587 2308; x_wconf 86' lang='lat' dir='ltr'><strong>dux</strong></span> <span class='ocrx_word' id='word_1_206' title='bbox 1611 2272 1773 2308; x_wconf 83' lang='lat' dir='ltr'><strong>commili-</strong></span> 
     </span>
     <span class='ocr_line' id='line_1_32' title="bbox 314 2319 1772 2368; baseline 0.002 -18"><span class='ocrx_word' id='word_1_207' title='bbox 314 2321 411 2352; x_wconf 82' lang='lat' dir='ltr'><strong>tones</strong></span> <span class='ocrx_word' id='word_1_208' title='bbox 439 2322 604 2353; x_wconf 84' lang='lat' dir='ltr'><strong>strenuos.</strong></span> <span class='ocrx_word' id='word_1_209' title='bbox 651 2320 727 2364; x_wconf 84' lang='lat' dir='ltr'><strong>quis</strong></span> <span class='ocrx_word' id='word_1_210' title='bbox 750 2331 839 2355; x_wconf 86' lang='lat' dir='ltr'><strong>-vero</strong></span> <span class='ocrx_word' id='word_1_211' title='bbox 870 2322 1054 2356; x_wconf 85' lang='lat' dir='ltr'><strong>exercitum</strong></span> <span class='ocrx_word' id='word_1_212' title='bbox 1083 2322 1217 2368; x_wconf 87' lang='lat' dir='ltr'><strong>plenum</strong></span> <span class='ocrx_word' id='word_1_213' title='bbox 1245 2322 1366 2356; x_wconf 87' lang='lat' dir='ltr'><strong>timore</strong></span> <span class='ocrx_word' id='word_1_214' title='bbox 1396 2321 1547 2364; x_wconf 77' lang='lat' dir='ltr'><strong>Persico,</strong></span> <span class='ocrx_word' id='word_1_215' title='bbox 1583 2319 1656 2362; x_wconf 80' lang='lat' dir='ltr'><strong>(cui</strong></span> <span class='ocrx_word' id='word_1_216' title='bbox 1685 2320 1772 2364; x_wconf 82' lang='lat' dir='ltr'><strong>fuga</strong></span> 
     </span>
     <span class='ocr_line' id='line_1_33' title="bbox 313 2361 1770 2418; baseline 0.001 -22"><span class='ocrx_word' id='word_1_217' title='bbox 313 2361 358 2396; x_wconf 91' lang='lat' dir='ltr'><strong>de</strong></span> <span class='ocrx_word' id='word_1_218' title='bbox 395 2374 507 2417; x_wconf 50' lang='lat' dir='ltr'><strong>more·</strong></span> <span class='ocrx_word' id='word_1_219' title='bbox 525 2367 600 2398; x_wconf 84' lang='lat' dir='ltr'><strong>erat</strong></span> <span class='ocrx_word' id='word_1_220' title='bbox 634 2375 750 2418; x_wconf 85' lang='lat' dir='ltr'><strong>pugna</strong></span> <span class='ocrx_word' id='word_1_221' title='bbox 781 2365 855 2400; x_wconf 87' lang='lat' dir='ltr'><strong>sine</strong></span> <span class='ocrx_word' id='word_1_222' title='bbox 882 2367 1033 2412; x_wconf 88' lang='lat' dir='ltr'><strong>periculo</strong></span> <span class='ocrx_word' id='word_1_223' title='bbox 1064 2373 1100 2401; x_wconf 91' lang='lat' dir='ltr'><strong>et</strong></span> <span class='ocrx_word' id='word_1_224' title='bbox 1128 2379 1201 2401; x_wconf 90' lang='lat' dir='ltr'><strong>mos</strong></span> <span class='ocrx_word' id='word_1_225' title='bbox 1231 2367 1298 2402; x_wconf 83' lang='lat' dir='ltr'><strong>iam</strong></span> <span class='ocrx_word' id='word_1_226' title='bbox 1325 2367 1363 2401; x_wconf 87' lang='lat' dir='ltr'><strong>in</strong></span> <span class='ocrx_word' id='word_1_227' title='bbox 1391 2370 1542 2401; x_wconf 85' lang='lat' dir='ltr'><strong>naturam</strong></span> <span class='ocrx_word' id='word_1_228' title='bbox 1569 2364 1770 2409; x_wconf 73' lang='lat' dir='ltr'><strong>transierat)</strong></span> 
     </span>
     <span class='ocr_line' id='line_1_34' title="bbox 314 2408 1773 2462; baseline 0.001 -20"><span class='ocrx_word' id='word_1_229' title='bbox 314 2408 421 2460; x_wconf 51' lang='lat'>4125)</span> <span class='ocrx_word' id='word_1_230' title='bbox 451 2419 526 2462; x_wconf 76' lang='lat' dir='ltr'><strong>quis</strong></span> <span class='ocrx_word' id='word_1_231' title='bbox 556 2416 661 2444; x_wconf 76' lang='lat' dir='ltr'><strong>suasit</strong></span> <span class='ocrx_word' id='word_1_232' title='bbox 688 2410 732 2444; x_wconf 83' lang='lat' dir='ltr'><strong>ad</strong></span> <span class='ocrx_word' id='word_1_233' title='bbox 763 2421 867 2454; x_wconf 88' lang='lat' dir='ltr'><strong>arma,</strong></span> <span class='ocrx_word' id='word_1_234' title='bbox 899 2417 935 2446; x_wconf 90' lang='lat' dir='ltr'><strong>et</strong></span> <span class='ocrx_word' id='word_1_235' title='bbox 963 2413 1107 2447; x_wconf 86' lang='lat' dir='ltr'><strong>armavit</strong></span> <span class='ocrx_word' id='word_1_236' title='bbox 1135 2413 1362 2456; x_wconf 79' lang='lat' dir='ltr'><strong>sermonibus,</strong></span> <span class='ocrx_word' id='word_1_237' title='bbox 1400 2417 1437 2446; x_wconf 86' lang='lat' dir='ltr'><strong>et</strong></span> <span class='ocrx_word' id='word_1_238' title='bbox 1458 2412 1600 2454; x_wconf 84' lang='lat' dir='ltr'><strong>timore,</strong></span> <span class='ocrx_word' id='word_1_239' title='bbox 1638 2410 1697 2456; x_wconf 86' lang='lat' dir='ltr'><strong>qui</strong></span> <span class='ocrx_word' id='word_1_240' title='bbox 1723 2411 1773 2445; x_wconf 76' lang='lat' dir='ltr'><strong>eia</strong></span> 
     </span>
     <span class='ocr_line' id='line_1_35' title="bbox 318 2455 1775 2502; baseline 0.003 -17"><span class='ocrx_word' id='word_1_241' title='bbox 318 2457 441 2496; x_wconf 76' lang='lat' dir='ltr'><strong>inerat,</strong></span> <span class='ocrx_word' id='word_1_242' title='bbox 462 2459 636 2489; x_wconf 83' lang='lat' dir='ltr'><strong>1mmutato</strong></span> <span class='ocrx_word' id='word_1_243' title='bbox 650 2455 685 2489; x_wconf 85' lang='lat' dir='ltr'><strong>in</strong></span> <span class='ocrx_word' id='word_1_244' title='bbox 701 2455 908 2492; x_wconf 75' lang='lat' dir='ltr'><strong>alacritatem</strong></span> <span class='ocrx_word' id='word_1_245' title='bbox 924 2458 1093 2500; x_wconf 71' lang='lat' dir='ltr'><strong>convertit</strong></span> <span class='ocrx_word' id='word_1_246' title='bbox 1107 2459 1297 2493; x_wconf 86' lang='lat' dir='ltr'><strong>socordiam</strong></span> <span class='ocrx_word' id='word_1_247' title='bbox 1307 2459 1327 2493; x_wconf 70' lang='lat'>2</span> <span class='ocrx_word' id='word_1_248' title='bbox 1374 2457 1437 2500; x_wconf 77' lang='lat' dir='ltr'><strong>uis,</strong></span> <span class='ocrx_word' id='word_1_249' title='bbox 1458 2456 1522 2491; x_wconf 82' lang='lat' dir='ltr'><strong>nisi</strong></span> <span class='ocrx_word' id='word_1_250' title='bbox 1536 2461 1595 2491; x_wconf 81' lang='lat' dir='ltr'><strong>tua</strong></span> <span class='ocrx_word' id='word_1_251' title='bbox 1608 2456 1775 2502; x_wconf 71' lang='lat' dir='ltr'><strong>sapientia</strong></span> 
     </span>
     <span class='ocr_line' id='line_1_36' title="bbox 320 2500 1775 2549; baseline 0.003 -18"><span class='ocrx_word' id='word_1_252' title='bbox 320 2500 358 2531; x_wconf 89' lang='lat' dir='ltr'><strong>et</strong></span> <span class='ocrx_word' id='word_1_253' title='bbox 371 2501 431 2533; x_wconf 87' lang='lat' dir='ltr'><strong>tua</strong></span> <span class='ocrx_word' id='word_1_254' title='bbox 446 2500 598 2544; x_wconf 82' lang='lat' dir='ltr'><strong>potentia</strong></span> <span class='ocrx_word' id='word_1_255' title='bbox 614 2501 751 2546; x_wconf 84' lang='lat' dir='ltr'><strong>collegit</strong></span> <span class='ocrx_word' id='word_1_256' title='bbox 764 2501 876 2548; x_wconf 78' lang='lat' dir='ltr'><strong>ipsos,</strong></span> <span class='ocrx_word' id='word_1_257' title='bbox 908 2503 965 2549; x_wconf 86' lang='lat' dir='ltr'><strong>qui</strong></span> <span class='ocrx_word' id='word_1_258' title='bbox 979 2504 1075 2539; x_wconf 87' lang='lat' dir='ltr'><strong>velut</strong></span> <span class='ocrx_word' id='word_1_259' title='bbox 1087 2504 1272 2539; x_wconf 81' lang='lat' dir='ltr'><strong>immobiles</strong></span> <span class='ocrx_word' id='word_1_260' title='bbox 1285 2503 1354 2549; x_wconf 85' lang='lat' dir='ltr'><strong>lapi</strong></span> <span class='ocrx_word' id='word_1_261' title='bbox 1378 2515 1415 2538; x_wconf 86' lang='lat' dir='ltr'><strong>es</strong></span> <span class='ocrx_word' id='word_1_262' title='bbox 1431 2503 1529 2547; x_wconf 82' lang='lat'>(130)</span> <span class='ocrx_word' id='word_1_263' title='bbox 1544 2506 1670 2536; x_wconf 83' lang='lat' dir='ltr'><strong>terram</strong></span> <span class='ocrx_word' id='word_1_264' title='bbox 1689 2512 1775 2548; x_wconf 81' lang='lat' dir='ltr'><strong>gra-</strong></span> 
     </span>
     <span class='ocr_line' id='line_1_37' title="bbox 319 2544 1773 2595; baseline 0.004 -19"><span class='ocrx_word' id='word_1_265' title='bbox 319 2544 447 2578; x_wconf 84' lang='lat' dir='ltr'><strong>vabant</strong></span> <span class='ocrx_word' id='word_1_266' title='bbox 461 2545 569 2579; x_wconf 87' lang='lat' dir='ltr'><strong>inutili</strong></span> <span class='ocrx_word' id='word_1_267' title='bbox 583 2546 731 2591; x_wconf 90' lang='lat' dir='ltr'><strong>pondere</strong></span> <span class='ocrx_word' id='word_1_268' title='bbox 741 2547 768 2581; x_wconf 65' lang='lat'><strong>‘3-</strong></span> <span class='ocrx_word' id='word_1_269' title='bbox 795 2548 853 2582; x_wconf 89' lang='lat' dir='ltr'><strong>ubi</strong></span> <span class='ocrx_word' id='word_1_270' title='bbox 868 2548 916 2582; x_wconf 90' lang='lat' dir='ltr'><strong>illi</strong></span> <span class='ocrx_word' id='word_1_271' title='bbox 930 2552 1066 2584; x_wconf 82' lang='lat' dir='ltr'><strong>veteres</strong></span> <span class='ocrx_word' id='word_1_272' title='bbox 1079 2550 1300 2584; x_wconf 83' lang='lat' dir='ltr'><strong>Athenienses</strong></span> <span class='ocrx_word' id='word_1_273' title='bbox 1313 2549 1473 2595; x_wconf 88' lang='lat' dir='ltr'><strong>pictores,</strong></span> <span class='ocrx_word' id='word_1_274' title='bbox 1497 2547 1555 2593; x_wconf 87' lang='lat' dir='ltr'><strong>qui</strong></span> <span class='ocrx_word' id='word_1_275' title='bbox 1570 2548 1689 2583; x_wconf 87' lang='lat' dir='ltr'><strong>ducem</strong></span> <span class='ocrx_word' id='word_1_276' title='bbox 1707 2547 1773 2582; x_wconf 84' lang='lat' dir='ltr'><strong>&#39;ri-</strong></span> 
     </span>
     <span class='ocr_line' id='line_1_38' title="bbox 318 2590 1774 2643; baseline 0.003 -21"><span class='ocrx_word' id='word_1_277' title='bbox 318 2590 488 2643; x_wconf 72' lang='lat' dir='ltr'><strong>motheum</strong></span> <span class='ocrx_word' id='word_1_278' title='bbox 501 2591 591 2625; x_wconf 87' lang='lat' dir='ltr'><strong>inter</strong></span> <span class='ocrx_word' id='word_1_279' title='bbox 604 2592 734 2637; x_wconf 85' lang='lat' dir='ltr'><strong>praelia</strong></span> <span class='ocrx_word' id='word_1_280' title='bbox 747 2593 1011 2629; x_wconf 84' lang='lat' dir='ltr'><strong>abdormientem</strong></span> <span class='ocrx_word' id='word_1_281' title='bbox 1026 2595 1219 2642; x_wconf 77' lang='lat' dir='ltr'><strong>pinxerunt,</strong></span> <span class='ocrx_word' id='word_1_282' title='bbox 1237 2599 1274 2629; x_wconf 91' lang='lat' dir='ltr'><strong>et</strong></span> <span class='ocrx_word' id='word_1_283' title='bbox 1287 2606 1396 2640; x_wconf 86' lang='lat' dir='ltr'><strong>prope</strong></span> <span class='ocrx_word' id='word_1_284' title='bbox 1410 2595 1579 2628; x_wconf 84' lang='lat' dir='ltr'><strong>fortunam</strong></span> <span class='ocrx_word' id='word_1_285' title='bbox 1593 2593 1671 2627; x_wconf 83' lang='lat' dir='ltr'><strong>hine</strong></span> <span class='ocrx_word' id='word_1_286' title='bbox 1682 2593 1774 2627; x_wconf 80' lang='lat' dir='ltr'><strong>illinc</strong></span> 
     </span>
     <span class='ocr_line' id='line_1_39' title="bbox 320 2635 1773 2685; baseline 0.003 -17"><span class='ocrx_word' id='word_1_287' title='bbox 320 2644 385 2679; x_wconf 73' lang='lat' dir='ltr'><strong>ipsi</strong></span> <span class='ocrx_word' id='word_1_288' title='bbox 399 2635 588 2670; x_wconf 81' lang='lat' dir='ltr'><strong>tradentem</strong></span> <span class='ocrx_word' id='word_1_289' title='bbox 603 2638 704 2672; x_wconf 87' lang='lat' dir='ltr'><strong>urbes</strong></span> <span class='ocrx_word' id='word_1_290' title='bbox 713 2638 733 2672; x_wconf 66' lang='grc' dir='ltr'><strong>’ἒ</strong></span> <span class='ocrx_word' id='word_1_291' title='bbox 757 2639 863 2683; x_wconf 82' lang='grc'>(135)</span> <span class='ocrx_word' id='word_1_292' title='bbox 888 2651 973 2685; x_wconf 84' lang='lat' dir='ltr'><strong>opus</strong></span> <span class='ocrx_word' id='word_1_293' title='bbox 998 2641 1086 2676; x_wconf 90' lang='lat' dir='ltr'><strong>enim</strong></span> <span class='ocrx_word' id='word_1_294' title='bbox 1100 2642 1148 2675; x_wconf 86' lang='lat' dir='ltr'><strong>eis</strong></span> <span class='ocrx_word' id='word_1_295' title='bbox 1162 2652 1251 2675; x_wconf 88' lang='lat' dir='ltr'><strong>nunc</strong></span> <span class='ocrx_word' id='word_1_296' title='bbox 1267 2646 1357 2674; x_wconf 80' lang='lat' dir='ltr'><strong>esset</strong></span> <span class='ocrx_word' id='word_1_297' title='bbox 1371 2644 1490 2674; x_wconf 77' lang='lat' dir='ltr'><strong>contra</strong></span> <span class='ocrx_word' id='word_1_298' title='bbox 1504 2639 1646 2684; x_wconf 81' lang='lat' dir='ltr'><strong>pingere</strong></span> <span class='ocrx_word' id='word_1_299' title='bbox 1657 2639 1773 2673; x_wconf 87' lang='lat' dir='ltr'><strong>fortu-</strong></span> 
     </span>
     <span class='ocr_line' id='line_1_40' title="bbox 322 2681 1769 2732; baseline 0.003 -19"><span class='ocrx_word' id='word_1_300' title='bbox 322 2689 398 2713; x_wconf 85' lang='lat' dir='ltr'><strong>nam</strong></span> <span class='ocrx_word' id='word_1_301' title='bbox 412 2681 545 2725; x_wconf 88' lang='lat' dir='ltr'><strong>quidem</strong></span> <span class='ocrx_word' id='word_1_302' title='bbox 560 2682 621 2716; x_wconf 91' lang='lat' dir='ltr'><strong>tibi</strong></span> <span class='ocrx_word' id='word_1_303' title='bbox 635 2694 771 2729; x_wconf 80' lang='lat' dir='ltr'><strong>prorsus</strong></span> <span class='ocrx_word' id='word_1_304' title='bbox 787 2685 1049 2720; x_wconf 88' lang='lat' dir='ltr'><strong>abdormientem</strong></span> <span class='ocrx_word' id='word_1_305' title='bbox 1063 2687 1120 2721; x_wconf 87' lang='lat' dir='ltr'><strong>vel</strong></span> <span class='ocrx_word' id='word_1_306' title='bbox 1136 2686 1247 2732; x_wconf 86' lang='lat' dir='ltr'><strong>potius</strong></span> <span class='ocrx_word' id='word_1_307' title='bbox 1261 2685 1327 2719; x_wconf 79' lang='lat' dir='ltr'><strong>tuis</strong></span> <span class='ocrx_word' id='word_1_308' title='bbox 1342 2685 1560 2719; x_wconf 83' lang='lat' dir='ltr'><strong>obsistentem</strong></span> <span class='ocrx_word' id='word_1_309' title='bbox 1574 2684 1745 2718; x_wconf 77' lang='lat' dir='ltr'><strong>laboribus</strong></span> <span class='ocrx_word' id='word_1_310' title='bbox 1758 2695 1769 2717; x_wconf 70' lang='grc' dir='ltr'><em>ε</em></span> 
     </span>
     <span class='ocr_line' id='line_1_41' title="bbox 322 2726 1773 2776; baseline 0.003 -18"><span class='ocrx_word' id='word_1_311' title='bbox 322 2727 360 2758; x_wconf 86' lang='lat' dir='ltr'><strong>te</strong></span> <span class='ocrx_word' id='word_1_312' title='bbox 381 2736 465 2760; x_wconf 86' lang='lat' dir='ltr'><strong>vero</strong></span> <span class='ocrx_word' id='word_1_313' title='bbox 490 2726 607 2762; x_wconf 82' lang='lat' dir='ltr'><strong>ducem</strong></span> <span class='ocrx_word' id='word_1_314' title='bbox 625 2727 659 2762; x_wconf 89' lang='lat' dir='ltr'><strong>in</strong></span> <span class='ocrx_word' id='word_1_315' title='bbox 676 2729 816 2775; x_wconf 85' lang='lat' dir='ltr'><strong>duplicis</strong></span> <span class='ocrx_word' id='word_1_316' title='bbox 829 2730 969 2776; x_wconf 87' lang='lat' dir='ltr'><strong>periculi</strong></span> <span class='ocrx_word' id='word_1_317' title='bbox 982 2732 1069 2766; x_wconf 87' lang='lat' dir='ltr'><strong>bello</strong></span> <span class='ocrx_word' id='word_1_318' title='bbox 1083 2737 1200 2766; x_wconf 86' lang='lat' dir='ltr'><strong>contra</strong></span> <span class='ocrx_word' id='word_1_319' title='bbox 1213 2732 1381 2765; x_wconf 80' lang='lat' dir='ltr'><strong>fortunam</strong></span> <span class='ocrx_word' id='word_1_320' title='bbox 1394 2731 1621 2765; x_wconf 86' lang='lat' dir='ltr'><strong>connitentem</strong></span> <span class='ocrx_word' id='word_1_321' title='bbox 1636 2732 1672 2763; x_wconf 88' lang='lat' dir='ltr'><strong>et</strong></span> <span class='ocrx_word' id='word_1_322' title='bbox 1688 2739 1773 2763; x_wconf 81' lang='lat' dir='ltr'><strong>eon-</strong></span> 
     </span>
    </p>
   </div>
   <div class='ocr_carea' id='block_1_3' title="bbox 323 2770 1774 2868">
    <p class='ocr_par' dir='ltr' id='par_1_3' title="bbox 323 2770 1774 2868">
     <span class='ocr_line' id='line_1_42' title="bbox 323 2770 1771 2819; baseline 0.003 -16"><span class='ocrx_word' id='word_1_323' title='bbox 323 2773 381 2804; x_wconf 86' lang='lat' dir='ltr'><strong>tra</strong></span> <span class='ocrx_word' id='word_1_324' title='bbox 394 2770 569 2808; x_wconf 77' lang='lat' dir='ltr'><strong>barbaros.</strong></span> <span class='ocrx_word' id='word_1_325' title='bbox 616 2775 716 2819; x_wconf 83' lang='lat'>(140)</span> <span class='ocrx_word' id='word_1_326' title='bbox 734 2775 823 2809; x_wconf 87' lang='lat' dir='ltr'><strong>unde</strong></span> <span class='ocrx_word' id='word_1_327' title='bbox 846 2787 1010 2810; x_wconf 81' lang='lat' dir='ltr'><strong>conversa</strong></span> <span class='ocrx_word' id='word_1_328' title='bbox 1035 2781 1089 2811; x_wconf 86' lang='lat' dir='ltr'><strong>est</strong></span> <span class='ocrx_word' id='word_1_329' title='bbox 1112 2777 1147 2811; x_wconf 89' lang='lat' dir='ltr'><strong>in</strong></span> <span class='ocrx_word' id='word_1_330' title='bbox 1169 2777 1316 2811; x_wconf 89' lang='lat' dir='ltr'><strong>colorem</strong></span> <span class='ocrx_word' id='word_1_331' title='bbox 1341 2775 1548 2811; x_wconf 77' lang='lat' dir='ltr'><strong>contrarium</strong></span> <span class='ocrx_word' id='word_1_332' title='bbox 1576 2786 1617 2809; x_wconf 84' lang='lat' dir='ltr'><strong>ca</strong></span> <span class='ocrx_word' id='word_1_333' title='bbox 1641 2773 1771 2808; x_wconf 86' lang='lat' dir='ltr'><strong>illorum</strong></span> 
     </span>
     <span class='ocr_line' id='line_1_43' title="bbox 323 2817 1774 2868; baseline 0.004 -19"><span class='ocrx_word' id='word_1_334' title='bbox 323 2819 457 2852; x_wconf 81' lang='lat' dir='ltr'><strong>tuorum</strong></span> <span class='ocrx_word' id='word_1_335' title='bbox 475 2827 556 2853; x_wconf 81' lang='lat' dir='ltr'><strong>auro</strong></span> <span class='ocrx_word' id='word_1_336' title='bbox 571 2817 685 2854; x_wconf 74' lang='lat' dir='ltr'><strong>similis</strong></span> <span class='ocrx_word' id='word_1_337' title='bbox 701 2821 826 2857; x_wconf 68' lang='lat' dir='ltr'><strong>coma?</strong></span> <span class='ocrx_word' id='word_1_338' title='bbox 846 2821 964 2858; x_wconf 82' lang='lat' dir='ltr'><strong>infecit</strong></span> <span class='ocrx_word' id='word_1_339' title='bbox 978 2822 1085 2868; x_wconf 84' lang='lat' dir='ltr'><strong>ipsam</strong></span> <span class='ocrx_word' id='word_1_340' title='bbox 1101 2822 1160 2857; x_wconf 85' lang='lat' dir='ltr'><strong>nix</strong></span> <span class='ocrx_word' id='word_1_341' title='bbox 1172 2821 1440 2858; x_wconf 81' lang='lat' dir='ltr'><strong>sollicitudinum.</strong></span> <span class='ocrx_word' id='word_1_342' title='bbox 1486 2824 1524 2856; x_wconf 86' lang='lat' dir='ltr'><strong>et</strong></span> <span class='ocrx_word' id='word_1_343' title='bbox 1537 2831 1604 2867; x_wconf 85' lang='lat' dir='ltr'><strong>quo</strong></span> <span class='ocrx_word' id='word_1_344' title='bbox 1655 2831 1675 2855; x_wconf 88' lang='lat' dir='ltr'><strong>e</strong></span> <span class='ocrx_word' id='word_1_345' title='bbox 1688 2817 1774 2855; x_wconf 70' lang='lat' dir='ltr'><strong>abiit</strong></span> 
     </span>
    </p>
   </div>
  </div>
 </body>
</html>
