1838 3210
563 158 896 204 DESCRIPTIO
931 160 974 203 S.
1008 159 1256 206 SOPHIAE.
1570 163 1635 208 87

181 268 255 322 μὲν
284 266 356 310 δύο
389 267 489 310 nato?
517 272 640 310 κενοῦ
662 271 736 311 τοῦ
761 266 877 320 α’ἑρος
901 266 1192 322 ἕπανεστῆιοασι
1220 267 1317 324 πρὸς
1348 267 1562 324 α’νίσχοντιῖ
1591 287 1632 315 τε

179 326 247 367 καὶ
268 323 421 367 δύοντοὲ
438 341 517 366 που
538 324 610 367 τόν
625 322 752 379 ἥλιον.
809 327 958 366 Paulus
977 327 1226 366 silentiarius
1242 333 1344 379 part.
1361 331 1392 370 2
1409 342 1448 368 v.
1469 330 1573 370 116:

395 377 483 422 ἄλλ’
502 382 617 422 ἔπι..
626 381 727 423 καὶ
746 381 897 451 ἕσπερ.

391 435 555 490 ἀψίδων
576 411 798 491 ὑπένερθεν
819 435 910 488 ’ὅλος
929 437 1208 491 περιπέπταται
1227 435 1370 491 αἰθήρ.

176 494 400 544 Euagrius:
428 495 473 534 αἱ
497 493 539 535 δὲ
563 496 732 546 ψαλίδες
758 495 871 536 κεναὶ
903 496 943 544 ἐξ
969 493 1145 546 ἐδάφους
1172 494 1282 548 μέχρι
1306 499 1378 547 τῆς
1403 493 1630 549 καλυπτρας

174 552 249 602 τῆς
274 547 427 602 ὀροφῆς
453 551 692 603 ἐπαίρονται.
759 565 854 589 cum.
883 565 975 603 ergo
1010 551 1114 590 nihil
1148 552 1412 590 substructum
1441 552 1629 603 habeant,

175 606 247 644 sed
275 609 400 657 aperti
428 614 467 645 et
493 609 608 646 vacui
638 621 661 646 a
691 609 906 660 parietibus
931 610 1028 657 sint,
1072 608 1269 660 templum
1296 610 1414 660 longe
1446 612 1629 661 capacius

175 663 364 712 efficitur,
395 660 561 712 ου’δενος
588 662 776 715 ἐμποδων
800 668 856 719 τῷ
880 661 1064 717 θαύματι
1082 667 1156 706 τοῦ
1177 663 1411 716 τηλικούτου
1433 665 1629 718 μεγέθους

172 718 411 772 γενομένου,
444 721 497 758 ait
525 719 636 759 idem
665 723 843 772 scriptor.
901 723 956 760 sic
985 723 1091 759 enim
1114 721 1162 758 ab
1189 723 1338 760 oriente
1360 729 1399 759 et
1424 722 1628 760 occidente

175 783 314 828 quarta
341 789 432 828 pars
460 775 650 828 sphaerae
679 779 900 829 applicatur
928 776 1246 828 hemisphaerio,
1276 784 1320 815 ut
1344 779 1451 817 intus
1480 792 1560 816 una
1587 786 1627 818 et

174 832 316 870 eadem
346 835 632 870 concameratio
659 846 744 871 esse
772 833 975 871 videatur:
1004 834 1103 871 foris
1127 847 1219 872 vero
1247 842 1427 886 separata
1448 842 1624 887 apparet,

174 890 348 927 ornatius
381 889 554 927 efficiens
588 887 928 941 hemisphaerium
959 902 1077 941 supra
1113 888 1210 928 duas
1243 898 1400 942 quartas
1433 891 1625 943 sphaerae

171 952 316 997 partes.
373 943 518 983 horum
545 958 708 983 arcuum
737 947 926 994 alterum,
966 945 1251 984 occidentalem
1279 948 1449 995 scilicet,
1478 950 1624 986 misere

172 1001 406 1040 distractum
429 1014 474 1038 ac
496 1003 659 1039 iamiam
678 1004 834 1040 ruinam
852 1004 1109 1039 minitantem.
1122 1004 1326 1041 renovavit
1345 1004 1515 1042 Basilius
1534 1006 1625 1041 Ma-

171 1057 292 1106 cedo,
324 1065 364 1095 et
390 1059 434 1095 in
460 1071 512 1095 eoi
534 1057 717 1110 deiparae
743 1066 784 1096 et
811 1060 1081 1110 apostolorum
1108 1060 1216 1096 Petri
1236 1066 1273 1096 et
1291 1060 1408 1096 Pauli
1428 1061 1623 1111 imagines

170 1114 335 1166 depingi
364 1116 539 1163 curavit,
565 1122 610 1152 ut
641 1122 777 1154 auctor
805 1122 864 1153 est
893 1116 1169 1154 Constantinus
1197 1116 1244 1152 in
1262 1115 1370 1154 illius
1387 1117 1469 1154 vita
1494 1130 1527 1154 c.
1544 1115 1622 1157 54:

167 1186 244 1223 την
263 1187 363 1223 προς
382 1166 498 1211 δυ’σιν
518 1166 649 1222 ἆψῖδα
666 1187 740 1223 την
758 1169 933 1226 μεγάλην
950 1187 991 1212 τε
1009 1170 1080 1212 καὶ
1097 1170 1314 1224 μετέωρον,
1345 1172 1494 1220 ἱκανως
1510 1173 1624 1225 διαρ-

169 1231 356 1281 ραγεῖσαν
382 1226 449 1267 καὶ
477 1240 630 1268 πτωσιν
656 1224 735 1269 ου’σι
751 1228 806 1276 εἰς
812 1226 984 1296 μακροῖν
1005 1224 1268 1277 ἅπειλοῦσαν,
1301 1224 1422 1277 αυτὸς
1442 1228 1623 1297 ἐμπειρίᾳ

167 1299 352 1336 τεχνιτων
388 1285 648 1338 περισφίγξας
686 1283 756 1325 καὶ
795 1280 1126 1366 οἷνανεωσαμενος
1162 1280 1326 1337 α’σφαλῆ
1355 1284 1424 1325 καὶ
1454 1282 1624 1338 μόνιμον

166 1337 533 1439 απειρέῗῗατέῐοιιδ
557 1397 626 1433 alii
651 1395 753 1445 duo,
783 1396 1099 1447 septentrionalis
1134 1397 1284 1435 scilicet
1305 1402 1344 1433 et
1363 1395 1622 1445 meridianus,
1644 1397 1674 1432 P
1698 1395 1765 1431 545

168 1455 416 1504 suppositum
440 1450 588 1490 habent
613 1455 807 1504 parietem
836 1465 926 1489 cum
951 1452 1185 1491 columellis.
1242 1454 1482 1504 Procopius:
1513 1453 1559 1493 αἱ
1579 1451 1624 1493 δὲ

166 1506 398 1560 λειπόμεναι
429 1506 537 1560 (των
564 1503 751 1560 οἷψίδων)
781 1508 1015 1560 οἰκοδομίαν
1051 1523 1141 1548 τινα
1182 1507 1250 1549 καὶ
1286 1509 1424 1559 κίονας
1455 1525 1625 1562 μικρους

166 1567 316 1621 κομιδῇ
346 1564 512 1615 ε’νερθεν
542 1563 718 1617 ἔχουσιν.
769 1564 917 1603 Paulus
951 1565 1199 1604 silentiarius
1226 1572 1333 1616 part
1347 1569 1375 1607 2
1400 1579 1439 1603 v.
1465 1568 1544 1608 118
1572 1564 1622 1603 de

166 1610 313 1661 iisdem
324 1621 517 1659 arcubus.

384 1677 426 1725 ἐς
445 1675 488 1717 δὲ
507 1671 624 1716 νότον
642 1673 862 1716 κελάδοντα
881 1674 951 1716 καὶ
969 1675 1011 1724 ἐς
1026 1676 1156 1716 κλίσιν
1177 1671 1401 1729 α’βρόχου”
1373 1691 1524 1730 αρκτον

382 1737 511 1784 τοῖχος
534 1731 772 1785 ἐριστενέτης
793 1728 1037 1774 ἀνατείνεται
1060 1747 1150 1787 αχρι
1168 1733 1322 1786 γενείου

360 1787 570 1854 ἄντυγος.

165 1846 358 1898 parietem
384 1843 492 1882 hunc
517 1845 574 1881 sic
604 1842 789 1881 describit
818 1844 992 1895 Gyllins:
1023 1856 1191 1894 quorum
1216 1843 1375 1895 quidem
1404 1843 1620 1895 (arcuum)

166 1904 245 1941 duo
247 1931 264 1948 ,
294 1900 610 1952 septentrionalis
631 1907 669 1936 et
684 1899 950 1945 meridianus,
973 1906 1230 1936 curvaturam
1248 1913 1363 1936 suam
1382 1901 1506 1937 imam
1523 1899 1621 1936 sub-

166 1966 224 1997 st]
224 1965 357 1996 actam
379 1957 527 1995 habent
553 1957 662 1993 tenui
675 1957 832 2006 pariete
844 1955 1068 2007 fines-tellis:
1086 1957 1219 1993 vitreis
1236 1955 1357 2006 pleno
1359 1983 1381 2001 λ
1407 1963 1620 1992 sustentato

168 2015 444 2053 columnarum
471 2012 626 2063 duplici
649 2013 801 2058 ordine,
828 2013 1012 2063 inferiore
1033 2018 1069 2048 et
1085 2013 1295 2062 superiore.
1356 2012 1521 2062 inferior
1543 2011 1622 2048 ha-

167 2071 230 2110 het
254 2078 337 2108 octo
362 2070 567 2108 columnas
583 2068 641 2106 ad
652 2068 780 2106 solum
805 2070 986 2114 nitentes,
1014 2070 1191 2119 superior
1206 2081 1272 2106 sex
1294 2069 1525 2105 sustinentes
1535 2081 1619 2117 pa·-

167 2130 300 2165 rietem
329 2126 511 2164 subtilem
544 2132 580 2162 et
608 2124 826 2162 subiectum
851 2126 956 2163 imae
972 2138 1091 2162 arcu-5
1109 2132 1361 2162 curvaturae.
1419 2122 1619 2175 duplicem

165 2188 287 2223 istum
307 2184 580 2222 columnarum
600 2180 779 2220 ordinem
802 2188 842 2219 et
863 2194 1074 2218 numerum
1092 2179 1299 2233 descripsit
1317 2181 1464 2232 pariter
1483 2180 1617 2218 Silen-

165 2243 322 2289 tiarius,
353 2253 399 2277 ac
416 2241 543 2292 primo
561 2238 786 2277 inferiorem
805 2245 904 2290 part.
925 2240 951 2278 2
967 2239 1133 2280 v.120:

597 2293 766 2347 λέλαμπε
789 2292 832 2334 δὲ
851 2292 1002 2346 τὲτραχι
1023 2293 1165 2342 δοιαῖς.

167 2361 207 2391 et
236 2365 334 2390 mox
363 2350 481 2404 (nam
506 2349 583 2388 hoc
611 2351 705 2390 loco
731 2350 859 2389 codex
886 2363 949 2388 ms
981 2350 1133 2388 lacunis
1163 2347 1315 2400 scatet)
1344 2345 1397 2386 de
1422 2346 1614 2398 superiori

167 2410 439 2448 columnarmn
460 2406 624 2446 ordine:

873 2490 973 2500 ......
989 2461 1033 2510 ἓξ
1050 2475 1125 2514 γαρ
1143 2455 1211 2502 ἐπ’
1230 2474 1338 2500 αυτ..

381 2519 511 2567 κίονες
529 2518 603 2559 αἱ.
622 2517 696 2566 ἐς.
714 2514 898 2570 χλοοῖοντι
917 2515 1130 2586 σμαράγδῳ

383 2573 595 2628 ἆκαμάτων
620 2576 815 2643 ξυνοχῆας
836 2571 1101 2626 ἇνεστησαντο
1123 2567 1332 2622 τενόντων,

383 2633 486 2673 ἔνθα
502 2633 738 2686 γυναικείων
755 2626 1019 2681 ἀναφαίνεται
1036 2629 1146 2671 ἕνδια
1161 2623 1328 2668 θώκων-

171 2700 300 2740 neque
329 2689 442 2727 aliter
467 2689 686 2740 Euagrius:
715 2687 756 2730 ἐν
787 2688 899 2740 δεξιῷ
925 2685 967 2728 δὲ
990 2685 1056 2727 καὶ
1079 2681 1178 2726 κατὰ
1198 2681 1241 2724 τὸ
1257 2678 1468 2735 ευοὸννμον
1480 2680 1611 2726 κίονες

172 2741 310 2791 αυτοῖς
335 2759 627 2799 περιτεταχαται
651 2744 695 2785 ἐκ
723 2745 917 2785 Θετταλοῦ
945 2744 1062 2785 λιθου
1086 2738 1365 2808 πεπονημένοι,
1392 2731 1554 2790 ὖπερῶἄ
1570 2748 1612 2774 τε

175 2800 471 2856 μετεωρίζουσιν
497 2800 640 2856 ἑτέροις
658 2800 947 2856 παραπλησίοις
961 2801 1086 2848 κίοσι,
1114 2793 1356 2853 προκύπτειν
1371 2798 1454 2842 τοῖς
1472 2794 1611 2845 βουλο-
