1890 3224
406 181 480 223 DE
512 181 897 227 EXPEDITIONE
928 181 1155 230 PERSIGA
1187 182 1308 230 AcR.
1341 181 1395 229 II.
1582 181 1641 225 15

455 295 566 339 Ἀλλ’
590 298 626 339 εῗ
642 294 805 353 θελήσω
821 300 902 339 τῶν
923 295 1050 353 λόγων
1070 297 1123 339 τὰ
1140 296 1302 339 ποικίλα

406 366 473 405 καὶ
494 364 568 414 τὰς
587 365 788 422 διαφορὰς
806 365 975 422 ἱστορεῖν
994 369 1075 407 τῶν
1090 365 1327 422 φροντίδων,

407 429 507 482 ὅσας
528 431 752 489 προθύμως
773 432 872 474 ἄνθ’
897 432 1001 475 ὅλων
1018 431 1234 490 ὑφίστασο,

327 499 381 542 35
409 501 544 553 διττῆς
565 499 758 557 ἆμαρτῶν
778 498 938 551 ἐλπίδος
959 499 1211 557 κριθήσομαι

407 565 464 618 ὥς
480 569 583 623 μηδὲ
602 574 732 611 ταῦτα
752 572 811 626 τῷ
830 567 936 626 λόγῳ
957 567 1215 625 περιγράφων

407 637 511 691 μηδὲ
531 638 759 692 προβαίνων
777 638 844 679 καὶ
863 637 986 692 λέγων
1006 637 1056 679 τὰ
1070 638 1221 694 καίρια.

462 704 522 746 Σὺ
543 705 617 754 τὰς
638 703 757 755 ὁδοὺς
776 705 850 758 μὲν
871 703 1042 762 εἰργάσω
1065 705 1329 761 στρατηγίας,

406 773 570 829 τρίβους
590 773 635 814 δὲ
657 772 730 824 τὰς
753 773 830 822 σὰς
848 772 1036 826 τακτικὴν
1057 772 1270 826 εὖτεχνίαν.

326 835 382 879 40
407 842 470 882 σοὶ
491 841 558 881 καὶ
580 838 755 895 τράπεζα
776 841 843 882 καὶ
862 838 1027 893 πόματα
1048 842 1115 881 καὶ
1137 840 1271 897 τροφὴ

404 905 535 958 τόξοις
557 905 855 964 παρεσκεύαστο
874 909 941 950 καὶ
958 914 1049 958 ταῖς
1068 908 1223 950 ἀσπίσι.

403 975 526 1029 ’ψιλὸς
549 976 593 1017 δὲ
615 979 692 1019 σοῦ’
706 980 786 1025 πᾶς
803 974 1020 1031 πρακτικός
1039 993 1100 1025 τις
1119 969 1169 1030 ἦν
1193 972 1335 1031 λόγος,

405 1041 566 1099 ῥυθμός
586 1060 628 1085 τε
646 1041 780 1098 πάσης
797 1044 864 1085 καὶ
885 1044 1018 1086 κανὼν
1037 1043 1262 1096 εὐβουλίας.
1327 1034 1335 1043 ’Δ

406 1111 579 1167 στρατὸν
596 1111 673 1167 γὰρ
694 1109 822 1168 εὑρὼν
840 1111 887 1153 τὸ
906 1113 1000 1168 πρὶν
1018 1112 1062 1154 ἐκ
1082 1111 1292 1168 ῥαθνμιάς

324 1177 380 1221 45
402 1179 568 1229 ἀταξίας
585 1180 778 1234 γέμοντας
796 1179 1065 1234 ἢμελημένης,

405 1251 560 1289 θᾶττον
580 1251 799 1304 κατορθοῖς
815 1249 882 1289 καὶ
906 1245 1039 1303 λόγοις
1058 1247 1126 1289 καὶ
1143 1243 1339 1301 σχήμασι,

406 1319 564 1366 τυπῶν,
600 1317 791 1371 διαιρῶν,
829 1313 1018 1358 δεικνύων
1030 1347 1045 1367 ,
1078 1312 1343 1371 ὑπογράφων,

407 1381 463 1432 ὡς
482 1383 738 1439 παιδαγωγὸς
755 1387 835 1425 τῶν
856 1381 1034 1425 ἐνόπλων
1052 1380 1317 1440 γραμμάτων.

407 1445 442 1493 ὦ
463 1455 557 1500 νοῦς
577 1451 745 1508 διαρκὴς
760 1451 949 1494 Ὀκεανὸν
964 1449 1224 1505 μιμούμενος,

325 1520 380 1562 50
407 1522 563 1560 κυκλῶν
581 1535 623 1561 τε
643 1519 716 1573 τὴν
737 1523 812 1574 γῆν
831 1521 899 1561 καὶ
917 1518 964 1561 τὸ
982 1523 1064 1561 πᾶν
1083 1518 1340 1575 περιτρέχων,

404 1588 471 1630 καὶ
492 1584 647 1636 πάντας
665 1585 823 1643 ἄρδων,
857 1588 924 1628 καὶ
944 1587 1076 1640 με’νων
1097 1587 1403 1642 πεπλησμένοςὶ

454 1653 584 1704 ’Όσας
603 1655 677 1708 μέν
697 1649 769 1697 οὖν
787 1658 989 1710 μετῆλθες
1007 1655 1049 1696 ἓν
1065 1659 1217 1711 βραχεῖ
1222 1653 1363 1714 χρόνῳ

404 1722 533 1772 ἄλλας
552 1723 617 1763 ἐπ’
642 1722 787 1772 ἄλλαις
809 1724 1035 1779 φροντίδων
1056 1725 1294 1779 τρικυμίας,

407 1788 609 1845 πράττων,
642 1794 859 1846 μεριμνῶν,
887 1790 1136 1846 εὖτρεπίζων,
1167 1788 1430 1848 προγράφων,

324 1857 379 1900 55
407 1855 515 1907 ὅπως
533 1856 578 1900 τὸ
600 1861 759 1912 πλῆθος
777 1861 851 1899 τοῦ
871 1861 1048 1914 στρατοῦ
1067 1856 1327 1915 συναρμόσῃς
1353 1891 1355 1894 .

407 1927 464 1976 εἷς
482 1925 613 1968 πολλὰ
637 1930 710 1981 τῆς
731 1929 804 1981 γῆς
829 1924 1117 1983 διεσπαρμένον
1138 1926 1243 1983 με’ρη

279 2053 326 2089 33
348 2052 418 2094 τὰς
441 2053 506 2088 add
531 2054 559 2088 P
695 2054 740 2089 45
763 2052 922 2098 γέμοντα
946 2054 989 2089 ed
1126 2054 1171 2090 53
1194 2054 1400 2098 τρικυμίαις
1422 2052 1465 2107 ed

188 2176 278 2206 ram,
310 2171 346 2199 et
367 2166 524 2200 meliores
545 2166 818 2211 opportunitates
841 2165 977 2211 abripit.
1025 2168 1063 2199 at
1086 2164 1114 2199 si
1138 2165 1279 2199 voluero
1301 2164 1517 2199 consiliorum
1532 2164 1647 2199 varias

186 2211 335 2244 rationes
358 2217 394 2245 et
417 2211 531 2246 varias
552 2212 744 2246 describere
767 2211 1028 2252 sollicitudines,
1062 2216 1208 2255 quantas
1223 2211 1380 2245 alacriter
1395 2221 1457 2255 pro
1473 2210 1648 2254 republica

185 2255 303 2298 abisti,
326 2256 406 2301 (35)
428 2257 519 2301 quod
536 2257 664 2303 duplici
678 2257 859 2291 exciderim
875 2269 937 2302 spe
948 2282 959 2298 ‚
982 2256 1176 2291 criminarer
1188 2282 1199 2300 ,
1223 2262 1262 2290 ut
1275 2257 1335 2301 qui
1349 2267 1460 2301 neque
1472 2256 1557 2290 haec
1570 2255 1648 2300 ipsa

186 2311 339 2336 sermone
363 2302 544 2356 explicem,
575 2314 639 2336 nec
663 2314 706 2337 ea
720 2314 809 2347 quae
822 2309 902 2337 sunt
918 2302 1063 2336 dicenda
1078 2302 1301 2348 progrediens
1312 2303 1471 2337 referam.
1517 2305 1555 2334 tu
1571 2301 1647 2345 qui-

187 2346 263 2381 dem
278 2346 423 2391 signasti
438 2347 662 2393 expeditionis
674 2348 749 2382 vias
759 2373 769 2388 ‚
801 2348 870 2383 iter
890 2359 974 2382 vero
998 2352 1088 2382 tuum
1104 2360 1146 2382 ex
1161 2349 1287 2394 optima
1302 2347 1436 2382 militari
1451 2346 1649 2392 disciplinag

188 2391 272 2437 (40)
287 2393 351 2427 tibi
367 2397 404 2427 et
417 2404 534 2427 mensa
551 2398 588 2428 et
600 2394 721 2437 pocula
735 2399 771 2427 et
783 2393 879 2429 cibus
894 2394 984 2428 inter
998 2393 1067 2428 tela
1080 2393 1337 2429 instruebantur
1352 2398 1388 2427 et
1402 2397 1509 2428 scuta.
1542 2392 1650 2426 omnis

188 2441 266 2473 tuus
279 2449 390 2473 sermo
405 2438 566 2484 simplex,
600 2443 638 2472 at
662 2439 765 2474 rebus
788 2439 1010 2481 conveniens,
1042 2450 1161 2473 norma
1176 2443 1252 2474 erat
1266 2444 1302 2473 et
1316 2438 1402 2472 ratio
1421 2438 1650 2482 cuiuscunque

188 2483 271 2516 boni
285 2484 433 2517 consilii:
457 2484 641 2518 exercitum
657 2484 744 2518 enim
761 2495 834 2519 cum
848 2484 1034 2518 invenisses
1058 2496 1102 2520 ex
1122 2485 1250 2519 desidia
1277 2484 1357 2529 (45)
1374 2484 1463 2519 omni
1478 2489 1650 2517 carentem

191 2528 308 2562 ordine
323 2533 361 2563 et
375 2529 510 2574 plenum
525 2530 744 2574 negligentia,
766 2529 874 2574 ipsum
889 2529 1003 2564 statim
1019 2529 1157 2564 instruis
1172 2530 1269 2564 dictis
1284 2534 1321 2564 et
1333 2529 1467 2574 figuris,
1489 2529 1652 2569 formans,

191 2572 358 2615 dividens,
380 2574 625 2616 demonstrans,
644 2575 749 2609 oculis
765 2574 959 2617 subiiciens,
979 2575 1078 2609 velut
1092 2576 1310 2620 paedagogus
1330 2581 1430 2608 utens
1445 2573 1581 2609 armatis
1595 2573 1656 2606 lit-

191 2618 282 2652 teris.
339 2619 372 2653 0
388 2630 481 2654 mens
497 2620 795 2666 praestantissima,
819 2631 906 2665 quae
921 2625 957 2655 et
970 2620 1076 2655 instar
1092 2621 1221 2655 Oceani
1234 2646 1243 2662 ‚
1270 2621 1353 2664 (50)
1370 2619 1565 2653 circumiens
1581 2623 1656 2651 tet-

193 2674 264 2703 ram
277 2667 580 2709 etquaquaversus
595 2677 793 2711 permeans,
825 2666 971 2700 omnium
993 2670 1123 2701 mentes
1146 2666 1290 2710 irrigans
1315 2671 1351 2700 et
1371 2670 1527 2710 perstans
1541 2663 1653 2709 plens,

191 2712 280 2753 quot
294 2719 371 2743 nam
385 2711 552 2755 excepisti
567 2711 663 2745 brevi
679 2712 791 2757 spatio
807 2711 986 2756 temporis,
1017 2722 1119 2746 unum
1135 2717 1215 2757 post
1230 2711 1328 2744 alium
1339 2735 1351 2754 ,
1381 2721 1535 2744 curarum
1550 2707 1656 2752 gemi-

192 2758 293 2790 natos
307 2754 454 2797 fluctus,
476 2767 640 2801 operans,
663 2757 837 2801 cogitans,
861 2768 1046 2802 apperens,
1071 2756 1326 2802 praescribens,
1350 2756 1434 2800 (55)
1447 2760 1486 2789 ut
1501 2764 1657 2788 numero-

193 2809 267 2835 sum
295 2799 481 2836 exercitum
502 2801 683 2847 colligeres
704 2803 741 2837 in
766 2803 880 2838 varias
902 2810 1018 2838 terrae
1041 2802 1288 2839 disseminatum
1303 2807 1442 2848 partes3
1465 2810 1542 2834 nem
1556 2798 1657 2834 valde
