1890 3224
359 174 436 218 DE
468 171 650 217 REBUS
683 169 829 216 Pos'r
857 168 1177 215 MAURIGIUM
1204 166 1412 215 GESTIS.
1549 166 1614 213 63

155 287 327 346 βασιλέα
347 286 635 343 ὖποδέχεσθαι.
702 286 755 330 τὰ
771 284 977 344 γραφέντα
993 277 1070 328 οὖν
1087 281 1214 335 εὐθὺς
1229 287 1288 342 τῷ
1307 285 1474 337 βασιλεῖ’
1485 283 1616 338 διαγι-
1638 289 1671 325 D

156 357 350 403 νῶσκεται
362 389 376 409 ,
412 359 479 399 καὶ
503 357 599 407 τοὺς
618 354 672 399 τὰ
693 353 913 411 γράμματα
937 353 1177 408 δεξαμένους
1194 356 1401 409 χειροῦται
1423 352 1491 394 καὶ
1513 354 1618 404 πλησ

154 434 247 484 γαΐς
276 427 465 478 αἰκίζεται
473 456 489 477 ,
523 426 591 468 καὶ
626 423 742 466 αὐτοὶ
773 421 1027 478 ὁμολογοῦσι.
1094 422 1164 464 καὶ
1184 419 1344 475 Νικήτα
1362 421 1435 474 μέν
1455 423 1528 461 τοῦ
1545 419 1619 472 τὴν

155 497 273 546 ἆξιάν
308 496 532 551 μαγίστρου
563 494 630 535 καὶ
664 491 906 534 Θεοκτίστου
937 490 1012 540 τὰς
1044 489 1224 547 κεφαλὰς
1252 490 1405 543 ἐξέτεμε
1413 520 1428 540 ,
1456 487 1553 537 τοὺς
1574 488 1619 529 δὲ

121 572 145 608 5
158 564 306 614 ἄλλους
334 563 382 605 οὗ
409 565 563 618 μικρῶς
591 559 848 614 αι’κισάμενος
868 560 935 602 καὶ
955 557 1161 613 δημεύσας
1181 559 1353 614 ἒξοριάις
1370 556 1619 610 ἀπέπεμψεν.

148 633 354 689 Ἀρτέμιος
385 631 429 672 δὲ
456 628 543 684 ἅμα
571 630 757 686 Σισιννίῳ
784 633 842 687 τῷ
869 629 1067 686 πατρικίῳ
1086 629 1257 676 καὶτοῖς
1274 623 1529 681 Βουλγάροις
1546 624 1619 677 με’-

151 717 245 757 χρις
265 697 510 755 Ἠρακλειάς
538 696 862 751 καταλαμβάνει,
898 696 972 739 οὖν
1000 696 1139 745 αὐτοῖς
1162 695 1206 737 δὲ
1233 696 1301 736 καὶ
1330 692 1431 750 ἅπερ
1458 688 1555 749 ἦγον
1577 692 1618 733 ἓν

158 768 434 823 Θεσσαλονίκῃ
459 764 628 808 ἀκάτιον
663 765 868 819 μονόξυλα
889 766 934 807 δὲ
947 765 1069 807 αὐτοὶ
1090 762 1448 821 προσαγορεύουσι.
1516 759 1619 816 γρά-

154 853 222 893 φει
250 836 295 878 δέ
320 834 574 891 Βουλγάροις
597 832 618 876 ὅ
641 834 833 887 βασιλεῦς
854 831 909 883 ὥς
929 833 1002 888 τὴν
1019 831 1178 888 εἰρήνην
1194 835 1350 885 μᾶλλον
1372 827 1616 873 ἄσπάσοιντο

98 914 143 949 10
153 906 220 947 καὶ
240 904 336 953 τοὺς
354 903 530 959 ἐχθροὺς
545 904 744 960 προδοῖεν.
813 902 851 944 οἷ
871 902 915 943 δὲ
936 903 993 950 εἷς
1011 901 1232 956 ἀπολογίαν
1248 900 1498 954 κατέστησαν
1519 913 1618 952 συγ·

150 971 315 1029 γνώμην
344 971 578 1024 αἶτήσαντες
604 972 671 1012 καὶ
698 970 749 1011 τὰ
777 970 880 1026 πρὸς
895 968 1055 1025 εἰρήνην
1071 966 1390 1022 ὑπισχνούμενοι.
1460 968 1526 1008 καὶ
1545 965 1614 1007 τὸν
1635 968 1666 1001 Ρ
1690 966 1737 1001 37

150 1042 225 1095 μέν
237 1040 444 1096 Ἀρτέμιον
466 1039 541 1081 σὺν
558 1043 617 1095 τῷ
641 1038 823 1095 ἀρχιερεῖ
839 1038 1138 1091 Θεσσαλονίκης
1155 1038 1222 1078 καὶ
1241 1035 1390 1085 ἄλλους
1407 1036 1618 1082 πλείστους

153 1107 364 1162 δεσμώτας
394 1107 496 1162 πρὸς
527 1107 700 1160 βασιλέα
731 1106 955 1158 πέμπουσι,
990 1106 1057 1147 καὶ
1084 1104 1286 1146 Σισιννιόυ
1307 1107 1382 1145 τοῦ
1406 1103 1616 1157 πατρικίου

151 1176 225 1231 τὴν
245 1175 426 1233 κεφαλὴν
446 1173 674 1228 ἐκτεμόντες
690 1171 884 1223 ὡσαύτως
908 1173 1163 1222 στέλλουσιν,
1199 1170 1328 1220 οὕτως
1353 1188 1396 1212 τε
1421 1170 1525 1226 πρὸς
1545 1171 1618 1223 τὴν

97 1252 142 1289 15
156 1243 310 1287 ἑαυτῶν
331 1241 579 1298 ἀπεχώρουν.
639 1241 847 1297 Ἀρτέμιον
869 1241 914 1282 δὲ
934 1239 1008 1282 σὺν
1027 1244 1085 1297 τῷ
1107 1236 1405 1295 ἄρχιεπισκόπῳ
1429 1241 1618 1294 παραλα-

151 1313 239 1368 βὼν
259 1313 301 1354 ἐν
320 1315 379 1368 τῷ
399 1310 596 1367 λεγομένῳ
618 1310 789 1367 κυνηγίῳ
812 1307 1019 1362 ἀπέτεμεν.
1087 1306 1251 1361 ἱππικὴν
1271 1306 1316 1348 δὲ
1338 1305 1513 1360 ἅμιλλαν
1529 1307 1618 1347 ε’πι-

150 1381 316 1429 τελέσας
341 1382 422 1421 τῶν
447 1377 765 1432 ἆποτμηθέντων
785 1376 860 1427 τὰς
881 1375 1062 1433 κεφαλὰς
1079 1375 1148 1418 διὰ
1169 1379 1242 1417 τοῦ
1265 1374 1532 1430 ἱπποδρομιόυ
1552 1374 1618 1414 ἐπὶ

152 1452 280 1506 κοντῷ
311 1446 586 1503 ἀνηρτημένας
605 1443 858 1500 ἕξεπόμπευε.
925 1444 1021 1496 τοὺς
1041 1444 1086 1486 δὲ
1107 1443 1257 1493 ἄλλους
1278 1441 1432 1492 πάντας
1455 1440 1618 1484 αἰκισά-

151 1534 272 1572 μενος
291 1517 360 1558 καὶ
377 1515 452 1566 τὰς
468 1515 582 1573 ῥῖνας
602 1514 737 1557 αὐτῶν
756 1512 932 1568 ἕκτεμὼν
949 1515 1019 1556 καὶ
1036 1511 1242 1567 δημεύσας
1264 1509 1496 1569 ὁπεροριάις
1515 1526 1616 1552 κατ-

95 1587 323 1630 2οεδίκασε.

289 1655 433 1694 Ταῦτα
451 1643 522 1692 οὖν
538 1646 898 1705 καταπραξάμενος
917 1652 1202 1705 προσκαλεῖται
1224 1648 1266 1688 Γ
1262 1645 1434 1702 ερμανὸν
1453 1644 1523 1688 τὸν
1543 1662 1616 1699 τη-
1638 1647 1668 1681 Β

151 1724 322 1763 νικαῦτα
354 1718 543 1774 ἀρχιερέα
573 1717 731 1773 πέμπτῃ
764 1718 831 1758 καὶ
863 1716 991 1758 εἰκάδι
1022 1721 1095 1759 τοῦ
1122 1717 1318 1771 Μαρτίου
1348 1712 1476 1768 μηνός
1483 1745 1498 1764 ,
1543 1718 1618 1766 τῆς

151 1790 291 1847 τρίτης
326 1788 590 1837 ἰνδικτιιῖινος,
620 1789 670 1841 τῇ
702 1785 887 1842 σωτηρίῳ
917 1787 992 1826 τοῦ
1017 1786 1204 1840 Χριστοῦ
1224 1781 1441 1825 ἀναστάσει
1450 1812 1464 1833 ,
1498 1782 1540 1822 ἓν
1558 1785 1616 1838 τῷ

244 1904 268 1940 5
294 1901 568 1949 παρέπεμψενῖ
702 1901 725 1936 7
742 1901 770 1936 f.
790 1897 887 1945 εἶχον
904 1899 1087 1936 Petavius.
1228 1899 1270 1934 18
1288 1895 1549 1943 ἀπηρτημένοις
1566 1898 1613 1932 P:

243 1951 292 1985 cf.
313 1963 351 1997 p.
372 1951 394 1984 5
416 1949 481 1994 12,
502 1948 548 1983 35
568 1948 633 1993 12,
654 1946 700 1983 42
716 1947 752 1982 4.

150 2052 238 2096 lint,
270 2054 378 2097 atquo
396 2050 520 2084 urbem
541 2048 722 2095 aperiant,
755 2059 798 2082 ac
820 2058 884 2093 pro
910 2046 1122 2092 imperatore
1139 2056 1179 2080 se
1196 2044 1383 2091 recipiant.
1430 2043 1486 2078 his
1503 2043 1615 2078 omni-

152 2100 218 2134 bus
239 2097 283 2132 ad
303 2097 547 2142 imperatorem
570 2094 733 2140 perlatis,
770 2098 940 2138 quotquot
960 2103 1021 2126 eas
1042 2091 1163 2125 literas
1194 2095 1426 2136 acceperant,
1457 2101 1616 2135 compre—

152 2143 255 2178 hensi
272 2147 309 2177 et
325 2141 473 2186 flagellis
491 2140 624 2175 affecti.
671 2152 737 2174 uec
753 2139 804 2173 illi
821 2141 951 2174 factum
968 2137 1112 2171 infitiati
1128 2141 1221 2171 sunt.
1270 2148 1355 2182 ergo
1373 2137 1523 2170 Nicetae
1541 2147 1615 2170 ma-

151 2189 264 2234 gistro
298 2192 334 2222 et
365 2187 572 2222 Theoctisto
604 2186 722 2232 capita
744 2186 1005 2231 praeciduntur.
1053 2182 1163 2216 ceteri
1195 2182 1282 2216 male
1312 2181 1452 2216 mulcati
1474 2187 1511 2216 et
1532 2193 1616 2227 pro-

153 2234 279 2278 scripti
312 2236 414 2267 extra
442 2233 529 2267 fines
561 2231 700 2277 imperii
729 2231 943 2276 relegantur.
987 2227 1163 2264 Artemius
1186 2239 1263 2262 cum
1286 2228 1443 2262 Sisinnio
1466 2227 1615 2272 patricio

154 2285 192 2315 et
213 2278 374 2324 Bulgaris
395 2278 594 2312 Heracliam
611 2277 775 2322 pervenit
797 2289 873 2311 cum
895 2275 1041 2319 lembis,
1065 2285 1152 2320 quos
1177 2273 1463 2308 Thessalonicam
1486 2273 1618 2307 subdu-

153 2330 298 2369 xerant,
333 2334 424 2368 quae
449 2322 501 2356 illi
526 2323 711 2366 monoxyla
739 2328 880 2357 vocant.
927 2322 1119 2367 imperator
1142 2319 1285 2364 scriptis
1311 2319 1425 2354 literis
1447 2318 1618 2363 Bulgaros

153 2371 318 2405 admonet
341 2375 382 2403 ut
412 2367 502 2403 bello
533 2380 654 2413 pacem
688 2372 904 2414 anteponant
936 2373 974 2402 et
1003 2366 1124 2401 hostes
1151 2377 1234 2399 suos
1258 2365 1328 2399 sibi
1350 2365 1388 2398 in
1408 2369 1617 2410 potestatem

153 2418 307 2451 tradant.
355 2412 405 2448 illi
428 2415 473 2448 ad
498 2413 754 2448 excusationem
773 2413 936 2448 conversi
952 2413 1091 2448 veniam
1110 2412 1342 2456 deprecantur
1360 2415 1398 2445 et
1413 2422 1535 2456 pacem
1552 2410 1617 2444 fir-

153 2474 242 2496 mam
264 2463 342 2496 fore
366 2460 586 2506 pollicentur.
633 2470 713 2493 mox
730 2459 920 2494 Artemium
938 2470 1015 2493 cum
1034 2455 1308 2492 Thessalonicae
1329 2455 1489 2509 praesule
1509 2455 1615 2490 alios-

154 2519 223 2553 que
245 2506 410 2554 plurimos
434 2506 570 2540 vinctos
593 2506 636 2539 ad
659 2505 903 2550 imperatorem
926 2504 1085 2547 mittunt,
1114 2514 1183 2536 uua
1207 2512 1283 2535 cum
1307 2501 1454 2535 Sisinuii
1474 2501 1615 2547 patricii

153 2553 290 2598 capite,
313 2552 407 2597 quod
431 2552 466 2586 ei
487 2550 750 2597 praeciderant3
780 2555 886 2596 atque
903 2549 954 2584 ita
974 2550 1012 2584 in
1029 2548 1179 2595 patriam
1202 2547 1340 2581 reversi
1362 2552 1456 2582 sunt.
1501 2546 1616 2592 impe-

152 2604 252 2632 rator
280 2597 469 2632 Artemium
500 2602 538 2631 et
563 2596 862 2641 archiepiscopum
892 2595 930 2630 iu
960 2599 1170 2641 potestatem
1204 2592 1336 2627 habens
1375 2593 1542 2628 ambobus
1577 2592 1615 2626 in

154 2644 315 2688 Cynegio
341 2648 445 2687 caput
466 2643 637 2688 amputari
658 2642 777 2685 iubet,
810 2646 883 2676 tum
912 2641 1068 2687 equestri
1099 2637 1296 2685 spectaculo
1319 2639 1402 2673 dato
1426 2639 1615 2673 eorundem

153 2689 271 2733 capita
300 2694 402 2723 conto
434 2699 605 2733 suspensa
633 2699 698 2734 per
720 2686 996 2732 Hippodromum
1018 2684 1167 2721 traduci.
1213 2683 1366 2729 reliquos
1391 2695 1509 2719 omnes
1530 2694 1613 2716 ver-

153 2735 298 2769 beribus
319 2743 439 2769 caesos
460 2734 601 2769 naribus
625 2734 811 2779 amputatis
833 2738 870 2767 et
890 2732 1077 2778 publicatis
1100 2729 1202 2765 bonis
1223 2729 1370 2775 relegat.

244 2781 346 2815 Haec
376 2780 438 2814 ubi
466 2780 579 2824 facta,
614 2780 824 2814 Germanum
850 2778 1081 2824 patriarcham
1104 2786 1286 2810 accersens
1313 2775 1436 2820 quinta
1459 2777 1496 2808 et
1515 2772 1611 2806 vice-

153 2826 242 2862 sima
266 2825 388 2862 Martii
408 2825 559 2871 mensis,
590 2824 782 2862 indictione
802 2824 845 2870 3,
875 2823 954 2873 ipso
984 2823 1044 2860 die
1069 2821 1271 2859 salutiferae
1298 2820 1433 2856 Christi
1455 2829 1613 2853 resurre-

1637 2785 1670 2809 a·

1697 2775 1765 2809 720
