1890 3224
274 186 366 231 122
882 185 1109 239 QUERCII

251 302 255 307 '
271 296 500 348 longissime
519 295 666 347 positas
683 292 884 343 invadere,
920 296 1051 333 omnia
1067 301 1233 343 vastare,
1265 295 1404 333 alienis
1420 296 1558 346 potiri,
1588 305 1712 332 novos

271 365 401 390 mores
414 382 423 400 ,
465 365 510 388 ac
536 353 646 402 leges
672 352 819 403 ubique
837 351 982 389 inferre
995 381 1005 400 ‚
1046 358 1083 388 et
1104 352 1146 388 in
1166 352 1262 388 locis
1281 352 1392 389 nullo
1414 353 1497 388 iure
1515 352 1712 402 occupatis

271 410 526 446 iniustissime
548 410 755 459 imperare.
821 408 938 458 primi
959 409 1136 445 omnium
1156 414 1306 444 tantam
1327 421 1482 445 sensere
1501 406 1654 444 cladem
1675 414 1714 443 et

270 466 485 515 perniciem
502 465 717 502 Orientales
734 464 826 501 illae
843 471 972 515 partes
983 493 993 512 ,
1033 476 1134 516 quae
1151 465 1422 501 Romanorum
1436 466 1715 514 imperatorum

271 520 418 558 dicioni
436 521 649 571 parebant:
687 533 768 558 non
788 522 895 557 enim
912 519 1070 558 aliunde
1091 533 1211 572 quam
1229 533 1282 557 ex
1299 522 1380 558 iuis
1399 521 1495 557 locis
1511 527 1643 571 patere
1663 518 1714 556 ad

269 589 342 613 nos
371 577 565 626 potuisset
592 575 743 625 aditus,
781 589 931 628 neque,
972 578 1006 614 si
1029 578 1214 614 Romanis
1242 578 1345 614 vires
1378 575 1429 613 ad
1453 575 1714 614 resistendmn

270 631 527 681 suffecissent,
548 634 591 669 in
608 646 680 670 nos
704 632 877 671 derivata
897 640 999 670 esset
1020 640 1126 670 tanta
1142 634 1337 670 malorum
1353 634 1554 670 colluvies.
1584 645 1714 683 porro,

269 690 303 726 si
322 690 532 726 Ammiano
551 690 780 727 Marcellino
801 691 852 730 31
876 691 899 730 1
925 688 1022 727 fides
1042 696 1121 737 est,
1157 702 1325 740 magnus
1355 688 1422 727 hic
1445 691 1714 727 tristissimus-

269 758 347 796 que
363 751 526 783 eventus
541 747 756 797 praesagiis
768 758 813 782 ac
823 748 1013 796 portentis
1028 746 1156 783 fuerat
1172 748 1492 796 praenuntiatus:
1510 758 1600 782 cum
1608 746 1714 782 enim

269 802 432 839 Valente
461 803 672 853 imperium
698 809 856 840 tenente
885 803 1057 840 infausta
1079 804 1211 839 omnia
1230 799 1407 852 undique
1430 800 1715 850 portenderen-

268 863 351 906 tur,
382 859 520 895 Graeci
538 860 659 896 etiam
680 858 843 910 quidam
861 871 996 895 versus
1015 858 1158 907 reperti
1176 863 1268 894 sunt
1284 869 1406 907 prope
1427 855 1715 894 Chalcedonam

268 915 310 950 in
330 913 521 965 quadrato
540 913 673 965 lapide
689 915 827 961 incisi,
857 913 989 950 futura
1010 914 1127 964 plane
1148 911 1386 964 pandentes,
1430 925 1528 965 quos
1553 912 1716 966 quidem

271 970 414 1007 referre
429 971 551 1018 iuvat,
580 977 624 1007 ut
644 968 737 1007 huic
759 970 930 1020 pematio
950 971 1024 1006 lux
1043 968 1281 1007 affundatur.

439 1022 530 1067 ἄλλ’
556 1023 705 1067 ὁπόταν
731 1023 887 1091 νύμφαι
915 1025 1098 1078 δροσεραι
1125 1022 1218 1065 κατ’
1245 1021 1499 1094 αστυχορείας

435 1077 667 1135 τερπόμεναι
695 1078 966 1134 στροφόωνται
993 1080 1205 1132 ἑϋστεφέας
1233 1077 1322 1121 κατ’
1352 1077 1493 1134 οἷγυιοὶς
1508 1111 1519 1130 ,

436 1137 504 1179 καὶ
532 1142 657 1190 τεῖχος
673 1141 863 1206 λουτροῖο
891 1133 1137 1179 πολύστονον
1167 1138 1318 1178 ἔσσεται
1346 1135 1491 1192 ἄλκαρ·

438 1192 489 1246 δη
519 1191 604 1235 τότε
634 1191 762 1235 Ου’νια
791 1197 901 1245 φῦλα
926 1193 1216 1260 πολυσπέρμων
1246 1189 1443 1261 ἀποροῦσι

427 1247 595 1303 ’“’·Ιστροὐ
611 1247 857 1316 καμψιρόοιο
887 1246 1011 1313 πόρον
1039 1247 1238 1302 περάοντα
1268 1263 1343 1289 συν
1372 1249 1513 1303 αἰχμῇ,

437 1305 506 1346 καὶ
534 1303 747 1355 Σκυθικὴν
775 1301 897 1344 ὀλέσει
925 1301 1059 1355 χώρην
1086 1305 1154 1343 καὶ
1182 1304 1352 1343 Μυσίδα
1379 1308 1510 1356 γαῖαν.

438 1362 636 1412 Παιονίης
664 1356 705 1400 δ’
731 1356 927 1426 ἐπιβαντα
954 1373 1030 1400 συν
1058 1358 1187 1400 ἐλπίσι
1215 1359 1499 1415 μαινομένῃσιν

438 1413 565 1458 αὐτοῦ
593 1414 644 1469 δὴ
676 1412 826 1469 βιότοιο
854 1415 962 1464 τέλος
989 1415 1058 1456 καὶ
1085 1416 1200 1468 δῆρις
1227 1414 1370 1467 ἐφέξει.

437 1481 606 1524 tempore
634 1486 710 1525 quo
735 1472 911 1530 liquidas
937 1471 1152 1524 agitabunt
1177 1471 1272 1509 urbe
1301 1472 1461 1510 choreas

437 1530 618 1580 laetaque
643 1521 850 1567 subsilient
875 1529 1023 1566 hilares
1045 1542 1120 1579 per
1147 1530 1318 1579 compita
1337 1528 1550 1579 Nymphae

435 1599 486 1623 ac
502 1585 673 1636 funesta
701 1584 814 1622 dabit
838 1599 976 1622 murus
1004 1585 1225 1621 munimina
1253 1584 1431 1629 thermis,

437 1648 532 1678 tunc
559 1642 709 1678 Hunni
731 1642 932 1678 innumeri
958 1641 1080 1678 variis
1106 1654 1128 1677 e
1151 1640 1336 1691 gentibus
1363 1641 1440 1677 orti

438 1698 635 1734 traiicient
658 1698 789 1735 amnis
816 1698 951 1734 Histri
975 1698 1149 1747 speciosa
1164 1697 1327 1747 fluenta

435 1753 725 1804 vastabuntque
743 1767 862 1804 agros
882 1754 1039 1790 Moesos
1057 1760 1177 1804 atque
1194 1766 1295 1791 arva
1318 1752 1570 1804 Scytharum.

437 1816 502 1846 ast
527 1809 598 1847 ubi
624 1811 881 1846 Pannoniam
908 1810 1127 1860 attigerint,
1159 1811 1312 1846 maiora
1333 1815 1526 1859 parante-s·

438 1864 509 1901 hos
536 1865 623 1901 illio
638 1864 782 1915 salum
810 1871 850 1901 et
875 1866 1027 1901 Martis
1053 1863 1240 1902 violentia
1268 1866 1386 1902 sistet.

273 1920 329 1958 sic
353 1920 553 1971 eleganter
571 1921 740 1958 Graecos
764 1933 900 1958 versus
928 1919 1101 1958 reddidit
1123 1919 1371 1958 doctissimus
1388 1920 1581 1957 Henricus
1596 1919 1717 1957 Vale-

275 1978 375 2025 sius,
406 1989 429 2013 a
449 1989 527 2029 quo
545 1983 680 2014 tamen
701 1976 979 2015 discessimus
968 1990 1010 2014 m
1032 1978 1160 2029 quarti
1176 1990 1312 2015 versus
1334 1978 1524 2024 lectione,
1555 1976 1646 2027 quia
1665 1973 1718 2012 ad

271 2045 354 2070 mss
372 2031 553 2071 codicum
578 2032 719 2083 fidem,
760 2046 860 2085 quos
876 2035 963 2085 ipse
980 2032 1137 2081 laudat,
1179 2032 1394 2084 legendum
1416 2033 1641 2083 putavimus
1666 2028 1719 2082 δη

271 2085 360 2129 τότε
382 2086 512 2130 Ουνια
531 2092 653 2140 φῦλα,
710 2096 750 2127 at
768 2091 837 2127 ille
862 2088 929 2127 hic
950 2091 1015 2140 agi
1036 2090 1266 2127 existimans
1292 2087 1341 2126 de
1362 2086 1523 2136 Gothis,
1561 2100 1643 2124 non
1667 2085 1718 2123 de

273 2146 449 2195 Hamis,
492 2143 621 2186 Οὕνια
646 2147 802 2194 reiecit,
847 2153 963 2198 atque
991 2158 1043 2183 ex
1074 2146 1233 2183 Socrate
1263 2151 1301 2182 et
1326 2147 1479 2183 Zonara
1509 2145 1718 2181 restituens

275 2201 397 2253 μυρία
419 2204 529 2252 φῦλα
557 2208 708 2239 vertere
738 2202 879 2239 maluit
907 2209 1002 2239 tunc
1016 2201 1148 2253 „sbrtes
1169 2201 1316 2252 populi
1333 2208 1404 2239 etc.
1465 2200 1718 2251 verum-quis

275 2255 484 2307 deceptum
503 2258 704 2296 Valesium
723 2259 903 2308 negabit,
949 2265 1066 2309 atque
1091 2258 1148 2295 ibi
1172 2264 1305 2295 contra
1324 2257 1368 2294 id
1383 2256 1490 2310 quod
1507 2258 1592 2308 ipse
1610 2262 1718 2293 ratus

275 2319 347 2360 est,
377 2312 426 2350 de
445 2314 612 2361 Hunnis,
639 2326 720 2351 non
738 2313 787 2351 de
809 2312 947 2351 Gothis
970 2327 1194 2351 sermonem
1217 2327 1301 2351 esse
1318 2327 1400 2351 non
1420 2312 1653 2360 adfirmabit,
1682 2312 1719 2349 si

275 2368 560 2407 animadvertat
585 2371 718 2420 ipsum
743 2371 1019 2419 Ammianum,
1068 2372 1180 2423 quasi
1207 2371 1398 2408 Graecam
1422 2369 1718 2420 inscriptionem

275 2431 378 2461 esset
395 2427 717 2476 interpretaturus
731 2455 741 2474 ,
770 2428 826 2463 ita
844 2428 976 2464 statim
995 2427 1162 2465 subdere
1172 2425 1192 2464 ’ἒ
1228 2428 1473 2464 Hunnorum
1486 2438 1604 2476 gens,
1633 2437 1719 2461 mo-

276 2483 472 2518 numentis=
486 2481 678 2520 veteribus
688 2482 825 2519 leviter
844 2490 937 2520 nota
949 2511 965 2529 ,
1008 2483 1117 2520 ultra
1130 2483 1305 2533 paludes
1327 2482 1547 2520 Maeoticas
1558 2480 1720 2532 glacia-

275 2535 352 2573 lem
386 2537 588 2575 Oceanum
614 2539 811 2585 accolam,
849 2553 1002 2576 omnem
1027 2540 1188 2577 modum
1203 2539 1382 2590 feritatis
1410 2538 1569 2575 excedit.
1629 2537 1721 2588 quis

274 2599 408 2630 autem
431 2595 586 2645 ignorat
605 2597 770 2633 Hunnos
797 2596 863 2634 vel
882 2594 1069 2634 chunnos
1096 2597 1159 2634 vel
1174 2594 1389 2645 Thynnos,
1430 2606 1531 2646 quae
1556 2594 1720 2631 nomina

273 2647 381 2686 idem
401 2658 554 2699 sonant,
585 2653 802 2703 generatim
819 2665 886 2690 eos
906 2665 1043 2690 omnes
1060 2652 1228 2704 populos
1248 2651 1370 2689 fuisse
1391 2651 1622 2702 appellatos,
1648 2648 1719 2700 qui

250 2726 253 2728 ·
271 2711 496 2757 temporum
518 2710 636 2746 variis
660 2709 877 2746 intervallis
898 2710 939 2745 in
959 2711 1159 2760 Europam
1186 2708 1389 2745 turmatim
1409 2719 1451 2744 se
1473 2704 1718 2750 effuderuut3

270 2763 327 2799 ita
356 2769 400 2800 ut
428 2764 542 2801 sicuti
573 2763 775 2816 quondam
795 2766 1012 2817 antiquitus
1031 2763 1202 2816 Scythae
1222 2777 1299 2801 una
1315 2775 1453 2801 omnes
1473 2762 1716 2805 dicebantur,

269 2819 323 2855 ita
353 2826 489 2869 postea
517 2819 640 2859 iidem
672 2834 810 2860 omnes
838 2823 973 2859 Hunni
1003 2819 1251 2859 dicerentur?
1311 2821 1397 2859 eius
1427 2821 1484 2857 rei
1512 2817 1621 2857 testis
1657 2821 1716 2852 est
