1890 3224
272 190 338 237 30
623 186 978 235 NICEPHORUS
1013 182 1365 234 cnomtfflm
1383 189 1405 207 ‘³

268 308 341 361 τῆς
364 301 544 362 γεφύρας
566 307 638 346 τοῦ
658 300 901 362 Βαρνύσσου
930 307 1117 359 ποταμοῦ·
1132 297 1247 362 ’πρὸς
1273 301 1323 347 τὸ
1335 299 1563 355 ρΒυζάντιον
1583 299 1719 360 εἰσῄει.

269 375 336 417 καὶ
354 373 455 428 μετὰ
471 376 598 415 ταῦτα
613 371 854 430 ιΗράκλειον
871 372 939 415 τὸν
961 374 1153 429 Καίσαρα
1172 373 1305 429 στέφει
1321 371 1503 425 βασιλέα.

406 440 526 482 Κατὰ
550 441 594 482 δὲ
613 441 686 495 τὴν
709 439 938 496 δωδεκάτην
965 443 1190 484 ῗνδικτιῶνα
1216 438 1397 483 ἐτελεύτα
1418 440 1581 495 Σέργιος
1602 437 1623 482 ὅ
1645 442 1718 482 τοῦ

269 509 492 560 Βυζαντίου
545 507 753 567 πρόεδρος.
829 511 896 552 καὶ
947 508 1155 567 ἐπειδήπερ
1210 509 1438 566 προσέκειτο
1481 505 1720 563 “Ηράκλειος

267 575 448 634 Πύρρῳ,
485 576 662 635 ἀδελφόν
693 595 738 620 τε
767 576 919 630 ἐκάλει,
954 576 1009 629 ὥς
1036 577 1235 636 ἧνίκατῷ
1263 578 1365 635 θείῳ
1392 579 1549 633 λουτρῷ
1575 576 1752 633 ἐφωτί-5

269 646 354 696 ζετο
375 643 402 699 ἦ
423 650 494 688 τοῦ
515 647 714 700 βασιλέως
736 646 892 703 ἀδελφὴ
909 649 1046 702 χερσὶν
1068 647 1228 697 ἐδέξατο
1239 678 1253 698 ,
1279 647 1345 688 καὶ
1370 644 1456 699 ἅμα
1479 644 1722 702 ᾠκειωμένον

218 714 248 750 Β
273 715 424 771 Σεργίῳ
454 717 522 756 καὶ
555 714 888 769 συνδιαιτώμενον
923 716 1126 770 ἐγίνωσκε,
1159 718 1302 757 τοῦτον
1334 713 1518 770 ἀρχιερέα
1541 716 1614 755 τοῦ
1635 714 1728 754 Bv-

271 783 427 833 ζαντίου
461 781 735 840 ἀνηγόρευσεν.
802 782 881 839 ἤδη
917 784 960 825 δὲ
989 781 1150 840 χρόνοις
1179 785 1256 825 τισὶ
1283 781 1477 839 πρότερον
1495 782 1633 837 Κῦρον
1654 779 1724 822 τὸν

264 849 562 908 Ἀλεξανδρείας
589 851 787 910 πρόεδρον
818 850 1066 907 μετάκλητον
1093 854 1149 902 εἷς
1175 849 1394 903 Βυζάντιον
1415 845 1464 904 ἦν
1486 845 1724 903 πεποιηκώς,

270 921 337 960 καὶ
359 920 400 960 ἐν
423 922 531 979 αἰτία
554 920 707 976 μεγάλῃ
727 918 826 975 εἶχεν
845 918 900 970 ὥς
920 920 972 963 τὰ
995 925 1067 975 τῆς
1087 917 1298 975 Αἰγύπτου
1319 916 1452 973 πάσης
1473 920 1724 974 Σαρακηνοῖς
1736 919 1780 956 10

269 987 487 1043 προέμενον
520 987 752 1044 πράγματα.
819 993 1034 1043 τηνικαῦτα
1066 989 1110 1030 δὲ
1138 989 1228 1045 περὶ
1261 991 1341 1030 τῶν
1371 987 1633 1029 αἰτιαθέντων
1662 985 1725 1025 ἐπὶ

269 1057 455 1097 πλείστου
498 1057 793 1113 ἀθροισθέντος
825 1061 897 1098 τοῦ
934 1060 1006 1110 τῆς
1041 1055 1196 1105 πόλεως
1228 1054 1379 1111 ἐπεξῄει
1414 1053 1559 1108 δήμου.
1629 1050 1650 1094 ὅ
1682 1052 1727 1093 δὲ

270 1123 498 1178 ἀπελογεῖτο
521 1122 576 1174 ὥς
599 1125 790 1177 οὐδαμῶς
807 1122 959 1166 τούτων
980 1124 1114 1177 ἔνοχος
1132 1121 1401 1175 καθειστήκει,
1430 1120 1485 1171 ὡς
1503 1125 1537 1163 εἲ
1554 1120 1579 1175 ἦ
1596 1119 1726 1173 βουλὴ

270 1191 396 1233 αὐτοῦ
424 1190 648 1248 προυχώρει
680 1194 746 1232 καὶ
771 1197 854 1240 τοῖς
877 1194 1125 1247 Σαρακηνοῖς
1146 1191 1203 1232 δι’
1232 1192 1408 1244 ἐμπολῆς
1429 1188 1481 1231 τὰ
1503 1193 1574 1242 τῆς
1598 1203 1728 1245 φορο-

272 1260 411 1314 λογίας
427 1266 603 1315 παρεῖχε,
638 1260 705 1300 καὶ
724 1259 793 1315 ἐφ’
819 1256 976 1308 ἑαυτοῖς
996 1257 1195 1313 ἡσύχαζον
1214 1260 1279 1299 καὶ
1298 1258 1350 1299 τὰ
1370 1262 1426 1315 τῷ
1442 1261 1607 1311 βασιλεῖ
1618 1273 1725 1312 παρ-
1739 1255 1782 1292 15

271 1324 440 1380 εχόμενα
460 1327 506 1369 οὗ
525 1328 865 1384 καθυστερίζοιτο.
935 1325 1083 1376 ἄλλους
1102 1343 1143 1368 τε
1162 1330 1329 1368 τοιαῦτα
1346 1327 1532 1382 ἐπῃτιᾶτο
1551 1322 1731 1381 πράξαν-

222 1395 253 1430 0
276 1412 372 1446 τας,
407 1397 474 1436 καὶ
503 1392 624 1437 αὗτὸν
650 1393 783 1449 μάτην
804 1393 904 1452 ὑπὲρ
927 1393 1078 1436 τούτων
1100 1393 1386 1450 ἐγκαλούμενον
1407 1394 1639 1450 ἰσχυρίζετο.
1703 1389 1725 1434 ὅ

274 1464 318 1504 δὲ
333 1463 507 1518 ’Ἐλληνα
530 1463 600 1506 τὸν
620 1465 760 1519 Κῦρον
779 1461 966 1505 ἀπεκάλει
987 1461 1042 1513 ὥς
1058 1462 1219 1517 ’Έλληνι
1238 1464 1305 1505 καὶ
1325 1460 1520 1519 θεομάχῳ
1542 1463 1607 1503 καὶ
1627 1459 1731 1502 κατὰ

271 1532 531 1588 Χριστιανῶν
563 1536 776 1589 φρονοῦντι
803 1535 861 1588 τῷ
881 1530 1047 1588 ’Ἀμβρῳ
1077 1535 1133 1588 τῷ
1160 1534 1239 1573 τῶν
1264 1533 1512 1587 Σαρακηνιῦν
1535 1527 1732 1586 φυλάρχῳ

272 1597 630 1653 συμβουλεύσαντα
653 1601 725 1654 τὴν
746 1604 817 1641 τοῦ
833 1599 1034 1652 βασιλέως
1051 1602 1372 1653 κατεγγυηθῆναι
1399 1598 1620 1652 θυγατέρα.
1688 1597 1786 1637 ἐν20

272 1666 430 1717 τούτοις
460 1662 544 1707 οὖν·
564 1666 844 1723 ἀγανακτήσας
874 1666 967 1708 κατ’
1000 1665 1150 1716 αὐτοῦ,
1185 1668 1251 1707 καὶ
1284 1663 1512 1722 ἀναιρήσειν
1545 1664 1731 1716 ἀπειλῶν,

273 1739 332 1794 τῷ
349 1738 421 1789 τῆς
441 1732 594 1785 πόλεως
616 1735 738 1778 αὐτὸν
758 1732 928 1792 ὑπάρχῳ
947 1731 1003 1784 ὦς
1021 1733 1260 1795 αι’κισομένῳ
1281 1733 1547 1791 παραδίδωσι.

361 1863 384 1898 5
409 1860 547 1909 Πύρρῳ
569 1861 759 1898 petavius:
786 1863 816 1897 P
847 1862 939 1897 enim
972 1861 1126 1910 Σεργίῳ.
1310 1862 1354 1898 16
1386 1857 1520 1903 ἄλλους
1550 1861 1733 1907 Petavhs,
1795 1840 1797 1842 v

365 1905 483 1949 ἄλλως
503 1909 533 1943 P
684 1909 732 1943 20
755 1906 845 1943 ἐπὶῖ

273 2021 425 2057 fluminis
459 2024 600 2067 pontem
632 2019 840 2065 Byzantium
870 2020 1049 2067 ingressus
1084 2023 1152 2056 est.
1199 2019 1324 2067 quibus
1352 2020 1505 2066 peractis
1534 2019 1734 2056 Heraclium

274 2069 463 2103 Caesarem
486 2067 712 2112 imperatorio
735 2067 931 2102 diademate
952 2072 1108 2102 coronat.

367 2113 564 2147 Indictione
586 2113 788 2147 duodecima
810 2114 955 2158 Sergius
974 2113 1178 2158 Cpolitanus
1195 2111 1393 2158 patriarcha
1410 2110 1576 2154 moritur;
1599 2114 1635 2145 et
1652 2109 1736 2157 quia

274 2158 449 2204 Pyrrhum
479 2158 666 2193 Heraclius
695 2160 849 2203 amabat,
884 2160 971 2193 adeo
995 2164 1035 2193 ut
1059 2160 1202 2193 fratrem
1227 2157 1438 2203 appellaret,
1468 2157 1560 2202 quod
1583 2155 1735 2202 impera-

275 2205 363 2239 toris
388 2215 543 2239 sororem
567 2216 587 2238 e
610 2215 709 2237 sacro
730 2205 829 2237 fonte
852 2209 1072 2249 susceperat,
1097 2203 1196 2238 simul
1219 2204 1311 2247 quod
1332 2203 1477 2236 eundem
1499 2202 1616 2246 Sergii
1632 2203 1736 2237 sami-

276 2250 398 2284 liarem
423 2250 532 2284 fuisse
557 2260 632 2282 cum
657 2260 767 2292 eoque
790 2249 922 2283 vixisse
946 2254 1129 2293 cognorat,
1158 2249 1193 2282 in
1216 2248 1307 2282 illius
1330 2248 1440 2282 locum
1460 2248 1652 2284 substituit.
1699 2252 1735 2284 et

277 2296 347 2330 iam
371 2297 487 2341 Cyrus
504 2294 759 2328 Alexandrinus
785 2295 930 2328 antistes
951 2294 1087 2339 Cpolim
1108 2294 1238 2328 accitus
1260 2296 1303 2328 ab
1327 2294 1536 2339 imperatore
1557 2294 1735 2339 aliquanto

279 2348 384 2377 antea
414 2346 572 2375 venerat.
631 2340 722 2373 hunc
756 2339 845 2373 enim
872 2351 1084 2385 magnopere
1113 2340 1376 2383 criminabatur,
1412 2339 1512 2384 quasi
1539 2339 1747 2386 Aegyptum*

276 2399 411 2422 omnem
434 2385 620 2421 Saracenis
643 2385 868 2431 prodidisset.
915 2390 998 2419 tunc
1022 2386 1130 2430 igitur
1154 2387 1198 2420 de
1222 2386 1276 2419 his
1299 2386 1499 2420 criminibus
1524 2397 1638 2419 coram
1661 2387 1735 2420 fre-

277 2433 399 2478 quenti
431 2431 551 2478 populi
582 2431 748 2465 concione
779 2431 956 2465 disseruit.
1004 2439 1041 2466 at
1070 2432 1185 2475 Cyrus
1217 2432 1260 2466 de
1292 2431 1347 2466 his
1376 2431 1534 2466 omnibus
1560 2443 1599 2465 se
1620 2430 1734 2476 ipsum

277 2479 463 2524 purgavit,
497 2489 676 2522 asserenS,
704 2477 735 2511 si
757 2476 830 2510 suis
855 2476 1008 2511 consiliis
1033 2479 1119 2512 fides
1143 2478 1262 2512 habita
1285 2483 1380 2512 esset
1402 2482 1437 2511 et
1459 2476 1643 2511 Saracenis
1666 2476 1734 2511 tri-

275 2525 362 2559 buta
385 2536 448 2568 per
468 2529 695 2558 mercaturam
713 2534 753 2557 ac
776 2523 1013 2556 commercium
1035 2523 1228 2568 assignata,
1251 2534 1326 2557 cum
1348 2523 1447 2567 ipsos·
1462 2522 1612 2563 quietem
1636 2527 1735 2557 actu-

276 2581 356 2613 ros,
381 2575 453 2603 tum
472 2569 557 2602 nihil
579 2570 623 2603 de
643 2569 696 2603 his
716 2579 803 2614 quae
821 2568 1024 2613 imperatori
1043 2569 1215 2614 praestari
1232 2568 1385 2603 solerent
1402 2568 1592 2613 periturum
1610 2568 1735 2602 fuisse.

275 2615 402 2649 debinc
434 2614 520 2648 alios
552 2614 626 2649 eius
659 2613 810 2649 criminis
835 2619 994 2648 auctores
1017 2619 1176 2658 accusat,
1211 2626 1318 2659 seque
1341 2614 1473 2648 frustra
1500 2614 1546 2648 de
1569 2613 1622 2647 his
1646 2613 1734 2647 insi-

278 2661 402 2695 mulari
424 2660 613 2694 contendit.
661 2665 782 2695 contra
802 2660 990 2706 imperator
1010 2661 1170 2705 gentilem
1194 2659 1286 2694 illum
1312 2671 1353 2694 ac
1377 2659 1434 2694 dei
1458 2660 1590 2694 hostem
1613 2658 1735 2705 appel-

278 2706 373 2751 lare,
406 2707 468 2752 qui
489 2707 656 2741 adversus
681 2706 898 2740 Christianos
926 2707 1182 2751 conspirasset,
1210 2711 1244 2740 et
1271 2707 1315 2741 de
1336 2705 1554 2751 imperatoris
1576 2704 1649 2740 filia
1666 2705 1734 2738 Sa-

278 2764 482 2788 racenorum
505 2752 656 2797 principi
680 2752 807 2787 Omaro
834 2752 1082 2797 despondenda
1104 2752 1282 2786 consilium
1313 2752 1481 2786 dedisset.
1527 2750 1621 2784 inter
1649 2750 1735 2784 haec

280 2803 402 2833 contra
423 2797 516 2833 illum
540 2803 783 2843 exasperatus,
819 2801 854 2832 et
873 2798 1135 2835 interfecturum
1158 2809 1197 2834 se
1220 2797 1404 2843 minitans,
1436 2797 1617 2844 praefecto
1639 2793 1736 2830 urbis

279 2844 508 2890 torquendum
531 2855 574 2880 ac
596 2844 816 2880 cruciandum
837 2843 995 2880 tradidit.
