1890 3224
299 181 395 228 100
621 182 868 238 QUERCIU
867 183 898 229 S
931 182 991 228 IN
1023 183 1425 232 EXPEDITIONIS

294 293 443 330 sionem
460 305 522 331 me
539 300 756 334 currentem
775 296 836 332 tui
851 295 1108 334 consideratio
1123 295 1310 345 abdaxit;
1335 296 1407 335 sed
1420 311 1526 338 nunc
1546 299 1744 351 inceptum

293 363 453 388 cursum
475 363 612 387 rursus
636 364 792 389 currere
801 351 973 403 festino,
1002 366 1051 391 ne
1069 353 1187 391 nimis
1204 352 1421 406 digrediar.

408 408 501 447 168.
558 405 716 445 videtur
742 407 1036 460 quodammodo
1066 408 1254 448 habuisse
1282 410 1326 448 in
1348 416 1483 449 mente
1508 409 1612 450 illud
1632 413 1742 463 Aga-

291 459 424 500 thonis
454 460 561 512 apud
584 461 838 503 Athenaeum
867 465 939 504 lib.
962 466 989 509 5
1020 479 1063 517 p.
1086 465 1189 508 185:
1221 462 1266 507 τὸ
1298 463 1372 519 μὲν
1399 462 1600 522 πάρεργον
1627 467 1742 522 ἔργον

291 514 350 564 ὣς
367 514 618 571 ποιούμεθα,
646 517 690 561 τὸ
711 518 752 561 δ’
772 520 886 590 ἔρῖον
908 519 962 570 ὥς
981 520 1181 577 πάρεργον
1200 519 1496 575 ἐκπονούμεθα.

404 574 500 615 180.
556 580 746 630 πετραῖον
771 593 903 633 παγον
928 580 1083 631 poetica
1111 579 1458 618 circumlocutione
1483 591 1555 631 pro
1580 580 1742 632 scopulo

290 627 439 667 dixisse
463 631 642 671 Pisidam
666 647 828 685 censeo,
857 636 1040 688 quamvis
1060 634 1209 686 codex,
1236 637 1307 689 qui
1323 636 1466 676 nullibi
1485 634 1655 688 grandes
1673 636 1744 674 lit-

289 692 392 724 teras
415 686 601 739 exhibet,
629 688 775 729 habeat
798 694 1006 746 Πετραῖον.

405 745 501 786 197.
557 747 734 798 legerem
752 747 942 799 ἕφεῖλκες.

402 800 499 843 205.
558 802 760 843 eunuchos
786 803 1056 858 ἐκτμηθέντας
1084 803 1192 857 apud
1215 819 1258 844 se
1280 811 1416 843 tenere
1434 816 1459 842 a
1475 803 1607 842 Persis
1636 801 1743 842 didi-

293 863 431 897 cerunt
456 860 626 898 Romani
649 862 919 912 imperatores.
975 863 1121 900 Persae
1143 862 1251 899 enim
1266 862 1388 913 primi
1405 861 1586 899 omnium
1602 858 1745 898 viden-

291 921 357 952 tur
386 927 514 954 mares
546 918 738 967 evirasse3
773 918 880 956 unde
900 919 1110 956 Petronius
1133 918 1306 969 Satyrie.
1330 931 1366 956 c.
1391 918 1496 959 119:
1526 918 1745 955 Persarum

291 972 373 1008 rita
391 972 496 1010 male
509 973 815 1024 pubescentibus
831 976 950 1013 annis
969 976 1194 1025 surripuere
1209 976 1327 1012 viros.
1386 972 1480 1013 vide
1498 971 1745 1010 Herodotum

232 1047 237 1053 ⁴
291 1026 362 1064 lib·
382 1031 409 1070 8
426 1043 471 1078 p.
492 1028 590 1071 492.
647 1031 978 1070 cubiculariorum
999 1044 1165 1069 munere
1182 1037 1226 1069 ut
1241 1031 1459 1082 plurimum
1478 1028 1746 1080 fungebantur

290 1084 335 1120 in
367 1084 467 1122 aulis
496 1087 721 1137 principum
750 1086 943 1135 eunuchi,
975 1088 1117 1139 quibus
1143 1087 1268 1137 ipsius
1296 1087 1401 1137 regis
1429 1085 1747 1124 committebatur

291 1139 485 1178 custodia.
543 1139 593 1177 de
612 1141 885 1178 eunuchorum
901 1142 1158 1190 dignitatibus
1175 1138 1283 1190 apud
1296 1139 1395 1190 imp.
1413 1142 1641 1190 Cpolitanos
1653 1138 1748 1178 vide

291 1196 596 1234 Constantinum
611 1194 999 1248 Porphyrogenitum
1014 1195 1062 1234 de
1078 1208 1294 1233 caeremon.
1308 1194 1448 1233 Aulae
1455 1195 1631 1248 Byzant.
1643 1198 1674 1238 2
1691 1194 1749 1236 52

402 1309 500 1348 227.
556 1308 734 1359 legerem
753 1304 880 1360 σοφός
895 1323 955 1356 τις
971 1306 1037 1359 ἓν,
1062 1320 1114 1345 110
1135 1305 1329 1346 claudicet
1350 1319 1503 1345 versus.

403 1361 501 1403 242.
557 1377 678 1402 nemo
711 1365 812 1403 alius
843 1363 1018 1416 prodidit
1041 1365 1258 1402 memoriae
1279 1362 1324 1401 id
1344 1362 1452 1415 quod
1466 1375 1550 1400 non
1567 1361 1652 1400 sine
1671 1360 1749 1401 ali-

288 1431 371 1470 qua
401 1426 608 1457 venustate
638 1422 794 1472 poetica
819 1428 858 1458 et
884 1421 1012 1458 multa
1040 1433 1131 1459 cum
1157 1419 1395 1458 adulationis
1419 1418 1608 1456 illecebra
1629 1418 1749 1455 refert

287 1472 447 1524 Pisida,
480 1477 711 1515 Heraclium
737 1478 794 1514 ita
826 1475 974 1529 pedem
1000 1477 1044 1514 in
1069 1476 1280 1528 scopulum
1297 1473 1508 1514 offendisse
1523 1481 1568 1512 ut
1587 1474 1749 1526 sanguis

289 1545 311 1568 e
334 1530 458 1583 digito
483 1533 683 1570 effluxerit
702 1540 741 1571 et
757 1534 844 1584 ipse
860 1540 1011 1585 martyr
1033 1534 1216 1572 evaserit.

400 1586 499 1629 244.
556 1589 723 1627 mallem
749 1585 1026 1641 ἆπηκόντισεν.

400 1645 588 1682 AenoAs.
606 1647 634 1685 2
649 1658 690 1683 v.
715 1646 754 1684 1.
809 1658 892 1683 non
912 1645 1046 1693 aliam,
1076 1644 1227 1695 opinor,
1259 1644 1308 1682 ob
1329 1655 1490 1682 causam
1505 1637 1748 1680 Demosthe-

289 1712 385 1738 nem
409 1701 622 1752 compellat
648 1699 805 1749 Pisida,
833 1701 912 1739 nisi
929 1707 975 1738 ut
994 1699 1177 1738 ostendat
1206 1712 1296 1737 eam
1318 1713 1404 1738 esse
1423 1698 1598 1736 Heraclii
1618 1698 1748 1736 virtu-

289 1763 374 1794 tem
405 1757 775 1809 integritatemque,
805 1763 850 1794 ut
876 1757 939 1795 sui
969 1756 1149 1794 conscius
1175 1753 1280 1793 nihil
1309 1757 1469 1793 timeret
1493 1753 1593 1808 quid
1620 1751 1671 1791 de
1699 1767 1748 1792 eo

290 1814 460 1865 quisque
480 1812 641 1850 diceret.
689 1810 798 1864 quod
816 1825 911 1850 sane
928 1810 1115 1864 Philippo
1131 1811 1398 1850 Macedonum
1414 1812 1500 1863 regi
1518 1811 1634 1848 aliter
1652 1822 1749 1849 eve-

289 1870 373 1918 nit,
404 1870 475 1921 qui
498 1874 599 1907 teste
625 1866 839 1907 Plutarcho
869 1869 913 1906 in
938 1867 1145 1906 Demosth.
1167 1883 1215 1919 p.
1236 1866 1317 1910 855
1344 1867 1500 1922 ἔφριττε
1523 1863 1600 1919 τήν
1618 1863 1749 1908 δειναί·-

289 1939 387 1976 τητοι
418 1924 488 1965 καὶ
516 1921 593 1978 τὴν
618 1921 792 1978 δύναμιν
814 1927 887 1965 τοῦ
911 1920 1090 1978 ῥήτορος.
1145 1924 1337 1963 nimirum
1361 1931 1474 1962 tauta
1498 1923 1576 1961 fuit
1597 1924 1748 1961 Demo-

291 1980 442 2019 sthenis
461 1981 675 2035 παρρησία,
697 1979 804 2034 quod
823 1994 877 2019 ex
896 1980 1038 2019 eodem
1053 1979 1268 2019 Plutarcho
1287 1981 1535 2031 intelligitur,
1557 1985 1602 2017 ut
1617 1977 1748 2017 Athe-

289 2039 450 2076 nienses
472 2036 525 2075 ad
547 2036 592 2074 id
611 2037 720 2090 quod
740 2038 863 2077 vellet
886 2039 1121 2087 concitaret,
1150 2035 1338 2088 Philippo
1365 2037 1451 2087 regi
1473 2036 1662 2073 timorem
1680 2036 1748 2073 in·-

290 2094 448 2143 iecerit,
481 2101 520 2131 et
548 2106 738 2144 magnam
758 2095 1018 2145 pecuniarum
1036 2095 1121 2132 vim
1139 2106 1163 2130 a
1181 2093 1313 2131 Persis
1333 2091 1437 2130 dono
1457 2092 1673 2144 acceperit,
1702 2098 1749 2130 ut

290 2151 335 2187 in
356 2151 484 2188 causis
504 2148 687 2188 dicundis
707 2157 829 2188 staret
846 2157 981 2188 contra
999 2148 1259 2198 Macedonas;
1285 2147 1394 2201 quod
1412 2146 1577 2200 quidem
1595 2149 1634 2186 ei
1649 2148 1748 2187 vitio

290 2208 409 2246 vertit
427 2204 646 2244 Aeschines
663 2213 708 2243 ut
721 2205 918 2245 Diodorus
938 2206 1095 2245 Siculus
1115 2212 1248 2243 narrat
1262 2204 1376 2242 Bibl.
1397 2204 1468 2242 lib.
1490 2207 1543 2246 17
1553 2219 1602 2256 p.
1625 2207 1721 2247 168.
1791 2216 1794 2217 ’

402 2265 445 2303 2.
501 2260 790 2300 Demosthenes
813 2276 885 2300 sua
914 2260 1073 2299 dicendi
1097 2263 1139 2300 vi
1163 2263 1252 2300 aliis
1277 2260 1478 2300 timendus
1501 2273 1585 2299 non
1603 2273 1748 2313 parum

291 2319 373 2357 suis
403 2318 520 2355 rebus
544 2319 698 2367 timuit,
729 2331 821 2356 cum
847 2316 1059 2370 Philippus
1086 2319 1293 2356 Boeotiam
1315 2323 1567 2370 occupassetz
1595 2316 1747 2355 abiecto

291 2376 399 2413 enim
429 2374 554 2425 clipeo
585 2373 782 2426 ῥίψασπις
807 2375 975 2426 turpiter
998 2375 1103 2425 fugit
1120 2376 1164 2412 in
1181 2375 1288 2413 bello
1308 2374 1361 2413 ad
1378 2374 1652 2413 Chaeroneam
1673 2386 1747 2425 ge-

289 2437 373 2478 sto3
405 2443 496 2468 cum
524 2436 658 2468 autem
679 2431 814 2482 paullo
839 2438 930 2482 post
957 2433 1088 2469 nuntii
1113 2430 1292 2470 Athenas
1317 2432 1520 2471 venissent
1544 2429 1596 2468 de
1617 2436 1747 2468 morte

285 2485 485 2580 Pllliilippi,
514 2487 601 2539 ipse
625 2485 772 2540 prodiit
791 2486 1002 2539 splendide
1023 2489 1212 2539 amictus,
1242 2495 1282 2526 et
1307 2494 1530 2527 coronatus.
1585 2487 1746 2525 Plutar-

289 2556 309 2580 c
340 2556 387 2581 us
406 2543 503 2581 ibid.
1571 2567 1574 2570 ·
1704 2567 1706 2569 -

399 2602 442 2642 7.
499 2598 603 2638 redit
623 2598 675 2638 ad
692 2599 988 2652 navigationem
1006 2601 1201 2653 Heraclii,
1231 2599 1282 2639 de
1304 2612 1385 2654 qua
1403 2600 1447 2639 in
1464 2598 1544 2637 fine
1563 2599 1744 2651 superio-
1774 2650 1781 2654 ἱ

276 2656 344 2695 -ris
365 2657 597 2696 Acroaseos.

401 2715 444 2755 8.
502 2711 672 2753 subaudi
691 2726 714 2751 ο
732 2713 955 2765 imperator.

405 2770 473 2812 10.
495 2800 499 2804 .
530 2771 736 2808 Heraclius
759 2772 804 2808 in
829 2771 1008 2809 Ciliciam
1037 2778 1144 2810 recta
1170 2769 1394 2810 contendit:
1439 2781 1521 2807 non
1550 2767 1658 2806 enin
1678 2773 1742 2805 est

292 2826 574 2877 dubitandum,
605 2840 704 2882 quas
724 2834 858 2867 noster
875 2829 1054 2868 nominet
1068 2829 1190 2881 Pylas
1202 2857 1214 2878 ,
1245 2841 1311 2867 eas
1330 2839 1416 2867 esse
1435 2837 1540 2879 quae
1553 2825 1598 2862 in
1614 2822 1741 2873 histo-
