1890 3224
394 195 481 264 DE»
502 191 886 238 EXPEDITIONE
919 191 1144 237 PERsch
1177 192 1296 237 AcR.
1329 193 1403 237 111.
1561 178 1623 238 31

392 307 501 359 ὅπως
523 307 582 351 δι’
607 305 739 351 αὐτῶν
758 304 964 364 ἔξανάψῃς
980 306 1053 362 τὴν
1068 304 1216 364 μάχην.

392 377 521 427 οὕτως
540 378 728 434 ἐρεθίζων
750 377 820 419 τὸν
838 380 1082 433 κακοῦργον,
1116 374 1171 427 ὥς
1190 374 1290 420 κύνα
1300 409 1314 430 ‚

392 443 577 495 {irnaevffeg
597 444 720 487 αὐτὸν
739 447 794 495 εἷς
811 443 984 498 πόλεμον
1002 441 1257 501 ὑφαρπάσαι.

313 515 366 557 65
396 514 491 556 ἀλλ’
516 513 588 555 οὖκ
609 512 765 570 ἕπειθες
783 517 924 555 τοῦτον
942 513 1136 569 ἐκτρέχειν
1158 511 1284 566 ὅλως,

394 581 484 624 οὕτε
501 585 738 638 προτολμῶν
759 581 848 624 οὕτε
869 582 1018 632 παίζων
1033 581 1107 635 τὴν
1127 580 1283 637 μάχην·

392 655 444 707 τῇ
465 650 542 707 γὰρ
566 648 725 704 δοκήσει
744 654 795 707 τῇ
813 650 1122 706 παρημελημένη

391 717 419 773 ἡ
441 718 492 773 σὴ
513 717 834 775 καταφρόνησις,
869 716 924 768 ὥς
946 715 1080 772 οἶμαι,
1114 717 1233 759 πλέον

391 786 486 836 τοὺς
505 785 744 843 βαρβάρους
767 786 932 840 ἔβαλλεν
954 788 1009 835 εἷς
1030 786 1216 840 ἀγωνίαν.

311 857 368 897 70
391 855 575 896 ε’ντεῦθεν
597 855 728 903 οὐδεὶς
748 854 919 910 εὐχερῶς
937 852 1157 909 μετήρχετο

391 921 419 977 ἢ
438 926 519 964 τῶν
540 922 631 965 κατ’
659 921 780 964 αὐτὸν
800 919 971 975 ἓξεπήδα
993 919 1232 976 ταγμάτων·

391 989 537 1040 πάντες
555 990 632 1047 γὰρ
657 985 762 1044 ἦσαν
782 989 916 1046 ὥσπερ
941 989 1217 1044 ἐστηλωμένοι.

392 1063 540 1113 σκηνῆς
563 1059 607 1100 δὲ
625 1063 697 1113 τῆς
716 1063 790 1113 σῆς
810 1056 836 1113 ἦ
857 1058 945 1112 ξένη
958 1058 1123 1113 θεωρία
1182 1063 1187 1069 “

390 1133 474 1177 τοῖς
492 1125 720 1183 βαρβάροις
740 1127 814 1180 μὲν
834 1126 1021 1183 φραγμὸς
1042 1125 1295 1177 ἀντεκτίζετο,

308 1195 363 1238 75
392 1202 520 1248 τεῖχος
541 1196 584 1238 δὲ
606 1201 690 1245 τοῖς
711 1201 797 1245 σοΐς
821 1195 995 1244 οἰκέταις
1013 1195 1252 1236 καθίστατο.

390 1265 489 1317 μιάν
509 1263 588 1319 γὰρ
609 1261 635 1317 ἦ
657 1264 856 1319 τρέχουσα
876 1266 1084 1316 πανταχοῦ
1103 1263 1192 1316 δίκη

390 1331 486 1381 τοὺς
505 1330 759 1388 ἀλλοφύλους
778 1331 825 1373 οὗ
847 1335 1023 1388 παρῆκεν
1043 1328 1211 1386 ἡμέραν,

394 1399 488 1441 ἀλλ’
513 1400 697 1454 ἐξέχοντα
718 1398 943 1456 βαρβάρων
965 1397 1211 1452 σκηνώματα

391 1465 553 1509 ἔπιπτον
575 1467 724 1524 ἄρδην·
755 1466 966 1522 συμπλοκὴ
984 1466 1061 1522 γὰρ
1086 1464 1278 1515 πολλάκις

310 1537 365 1577 80
390 1540 450 1593 τῷ
467 1535 694 1590 πλησιάζειν
716 1536 760 1577 ἐκ
779 1536 928 1592 με’ρους
949 1536 1108 1589 ἐγίνετο.

391 1602 502 1657 ὅμως
519 1605 685 1646 ἕκαστον
701 1608 783 1646 τῶν
803 1603 996 1660 ἀριστέων
1014 1600 1102 1644 τότε

389 1670 513 1725 μόνος
535 1670 823 1729 παρεσκεύαζες
843 1674 898 1721 εἷς
919 1671 1170 1727 προθυμίαν,

392 1740 452 1781 ἀεὶ
474 1742 691 1795 προπηδῶν
714 1740 914 1788 εὗσθενῶς
935 1740 976 1779 ἐν
997 1745 1084 1787 ταῖς
1107 1736 1260 1791 μάχαις

389 1809 456 1848 καὶ
477 1806 593 1857 τόξον
616 1808 741 1849 ἕλκων
760 1808 827 1848 καὶ
850 1806 1065 1862 προτείνων
1085 1806 1236 1847 ἀσπίδα

311 1874 365 1917 85
395 1876 460 1916 καὶ
481 1874 612 1917 πάντα
634 1873 821 1931 πράττων
839 1874 937 1915 ἀνθ’
963 1870 1067 1914 ὅλων
1090 1873 1168 1930 πρὸ
1190 1877 1270 1914 τῶν
1292 1869 1410 1921 ὅλων,

393 1943 449 1984 <52²
470 1937 525 1985 ὧν
546 1944 712 1992 ἕκαστος
726 1941 858 1992 εὐθὺς
875 1941 1080 1997 ἠρεθίζετο

391 2011 573 2054 κίνδυνον
594 2009 719 2068 εὑρεῖν
738 2014 895 2065 μᾶλλον
917 2008 944 2064 ἢ
961 2012 1034 2051 τοῦ
1055 2004 1253 2051 (δεσπότου

262 2128 309 2165 74
332 2128 399 2173 μὲν
415 2155 530 2165 .....
549 2126 753 2173 ἆνεκτίζετο
777 2129 822 2164 ed

172 2229 368 2265 occasiones
385 2230 553 2276 praebens
565 2258 576 2275 ‚
606 2234 646 2265 ut
661 2242 734 2266 cum
748 2230 831 2276 ipsis
847 2239 1043 2265 consereres
1058 2226 1232 2274 praelium.
1278 2225 1329 2260 ita
1350 2226 1534 2260 maleficum
1557 2226 1631 2260 alli·

173 2277 265 2311 ciens
280 2276 387 2311 veluti
403 2272 517 2310 c'anem
527 2301 538 2316 ‚
564 2277 726 2310 studebas
740 2277 848 2322 ipsum
862 2276 906 2311 ad
922 2276 1043 2310 bellum
1059 2274 1252 2308 adtrahere.
1299 2273 1377 2316 (65)
1403 2279 1440 2306 at
1456 2284 1523 2306 uon
1539 2273 1632 2307 illum

173 2322 311 2356 suasisti
326 2328 366 2355 ut
381 2321 461 2356 totis
476 2322 606 2356 viribus
621 2328 830 2368 erumperet,
854 2333 927 2356 cum
943 2333 1006 2355 nec
1023 2320 1166 2354 auderes
1180 2318 1274 2364 prior
1289 2329 1354 2352 nec
1369 2329 1514 2363 pugnam
1529 2329 1632 2363 prae-

173 2368 322 2402 luderes:
343 2367 419 2411 ipsa
435 2367 520 2401 enim
536 2367 667 2412 species
685 2368 909 2411 negligentiae
925 2370 1205 2411 contemptusque
1223 2368 1320 2408 tuus,
1347 2369 1384 2396 ut
1401 2369 1485 2408 puto
1498 2391 1508 2408 ‚
1531 2364 1634 2408 magis

172 2414 336 2447 barbaros
352 2413 497 2446 coniecit
510 2412 544 2446 in
559 2412 834 2457 trepidationem.
871 2414 952 2457 (70)
970 2411 1111 2457 proinde
1127 2421 1223 2444 nemo
1239 2409 1386 2443 audebat
1401 2420 1635 2455 prorumpere,

174 2470 238 2492 nec
250 2459 340 2492 ullae
353 2458 444 2492 acies
459 2458 604 2491 hostium
619 2458 786 2502 prosilite.
831 2469 946 2492 omnes
965 2458 1050 2491 enim
1067 2461 1165 2490 erant
1178 2460 1216 2489 ut
1231 2455 1323 2500 cippi
1338 2454 1535 2491 immobile&
1581 2455 1635 2488 tui

173 2514 256 2538 vero
279 2504 419 2538 tentorii
443 2503 579 2537 insolita
592 2503 760 2548 inspectio
777 2503 931 2537 barbaris
948 2503 1080 2548 quidem
1097 2502 1250 2535 timorem
1267 2501 1426 2539 creabat.
1461 2500 1541 2543 (75)
1565 2500 1633 2534 tuis

173 2552 287 2583 autem
302 2549 435 2582 famulis
451 2549 616 2582 munimen
634 2549 830 2594 praebebat.
879 2553 915 2581 at
931 2558 1184 2593 quaquaversus
1199 2556 1389 2591 properans
1404 2545 1533 2579 iustitia
1548 2545 1634 2579 alie-

172 2594 305 2637 nigenis
320 2605 387 2627 uno
403 2606 470 2629 non
486 2594 639 2640 pepercit
654 2595 731 2636 die;
749 2594 807 2628 sed
825 2594 995 2627 exstantia
1009 2593 1230 2626 barbarorum
1247 2590 1467 2624 tabernacula
1482 2591 1632 2624 funditus

175 2639 414 2673 conciderunt:
438 2639 623 2674 miscebant
636 2639 722 2674 enim
738 2639 872 2685 saepius
897 2640 975 2683 (80)
997 2638 1070 2680 tui,
1093 2637 1293 2671 accedentes
1307 2647 1349 2669 ex
1365 2636 1505 2680 quadam
1520 2640 1629 2680 parte,

173 2684 314 2730 praelia.
343 2688 416 2717 tum
427 2696 512 2718 vero
528 2685 684 2727 selectos,
706 2696 793 2730 quos
807 2685 968 2727 habebas,
995 2683 1144 2727 singulos
1158 2682 1248 2715 solus
1263 2681 1306 2714 ad
1322 2681 1532 2715 alacritatem
1547 2692 1630 2714 con-

173 2729 295 2768 citasti,
319 2740 454 2774 semper
469 2731 687 2775 progrediens
701 2730 845 2764 viriliter
859 2730 893 2763 in
907 2740 1050 2775 pugnas,
1078 2733 1114 2762 et
1128 2737 1240 2761 arcum
1254 2726 1392 2760 trahens
1404 2752 1415 2770 ‚
1439 2729 1475 2760 et
1489 2730 1630 2770 proten-

173 2776 256 2808 dens
273 2774 435 2818 clipeum,
459 2775 539 2819 (85)
565 2781 601 2808 et
624 2781 706 2809 ante
729 2786 843 2809 omnes
867 2786 928 2820 pro
945 2775 1095 2808 omnibus
1111 2775 1286 2817 praestans
1303 2771 1423 2805 omnia.
1468 2771 1558 2804 unde
1571 2781 1630 2804 re·-

173 2825 278 2866 peute
293 2820 550 2855 concitabantur
565 2820 688 2866 singuli
699 2846 709 2864 ,
738 2826 778 2854 ut
791 2820 976 2866 periculum
991 2819 1126 2854 mallent
1140 2817 1257 2852 subire
1271 2828 1370 2863 quam
1379 2842 1390 2860 ,
1424 2816 1565 2861 despota
1580 2814 1630 2850 sic
