1890 3224
601 188 860 233 PERSICAE
891 187 1164 234 ACROASIN
1195 187 1230 232 Ι.
1354 179 1357 181 ’
1574 186 1639 232 95

165 293 167 296 ’
196 313 265 339 vos
296 305 406 338 tanta
434 299 579 337 virtute
610 300 812 367 animique
838 301 1055 339 constantia
1079 298 1245 348 devicit,
1274 304 1319 337 ut
1342 297 1454 350 gravi
1477 296 1642 336 vulnere

195 364 374 408 accepto,
404 356 491 407 ipso
522 357 736 408 speciosior
759 359 949 408 sanguine
980 364 1019 395 et
1044 359 1131 409 ipso
1158 356 1334 409 periculo
1361 356 1488 393 factus
1512 366 1642 405 augu-

195 414 313 462 stior,
356 411 533 451 hostium
566 419 678 464 terga
713 413 940 465 praecidere
978 426 1183 482 nunquam
1223 412 1427 451 destiterit.
1485 412 1640 458 Qmmc.

195 482 316 521 quem
342 468 491 507 latebat
520 471 651 507 Nonni
688 468 769 521 (46
797 468 880 521 56)
916 469 1052 520 Ῥῆνος
1081 465 1326 522 οἷσημοῖντοιο
1352 463 1644 520 θεμιστοπόλος

193 529 368 566 τοκετοῖο
390 533 429 564 et
448 538 549 578 quae
569 526 766 563 Gesnerus
786 527 915 563 attulit
932 526 983 564 ad
1003 525 1207 565 claudian.
1228 526 1359 564 Rufin.
1377 528 1405 566 2
1436 526 1530 570 112-

305 581 374 623 51.
430 584 618 620 Erasmus
644 583 687 619 in
707 581 943 651 Adagiisp.
965 585 1060 625 862.
1110 579 1216 652 τύχη
1244 579 1450 636 Ευριπος,
1481 587 1520 619 et
1543 580 1643 618 Pin-

195 635 312 676 darus
335 638 458 690 Pyth.
485 641 535 681 3:
564 636 684 691 ὄλβος
706 634 746 679 δ’
766 654 839 680 ουκ
859 638 900 686 ἐς
919 636 1073 692 μακρὸν
1095 635 1258 694 ανδρων
1275 638 1436 693 ἔρχεται.

306 693 374 736 58.
433 695 580 733 confer.
600 694 796 732 Hexa'e'm.
819 709 859 734 v.
877 696 957 737 348
979 703 1016 733 et
1037 709 1117 747 seq.

304 752 372 791 60
431 750 559 789 codex
594 753 638 788 in
675 753 854 803 margine
882 751 1004 790 habet
1031 751 1184 800 πάντας
1213 749 1435 802 [πασας9].
1491 749 1645 787 inutilis

194 804 441 845 emendatio:
469 820 564 844 nam
583 820 666 846 vox
681 804 834 856 πάντας
851 810 1010 860 respicit
1027 807 1078 846 ad
1096 805 1250 859 φύσεις.
1310 807 1358 845 de
1384 806 1576 845 sermonis
1605 805 1647 843 vi

193 862 246 900 ad
282 875 344 901 res
385 876 639 916 quascunque
679 864 927 903 exornandas
963 863 1262 903 accommodata
1294 871 1428 902 noster
1455 864 1576 901 etiam
1604 862 1648 898 in

192 918 384 957 Abaricis
403 934 442 959 ν.
466 921 544 960 169
566 927 603 956 et
619 933 698 972 seq.

304 974 373 1016 64.
430 974 554 1025 ludit,
584 983 629 1014 ut
655 983 785 1027 patet,
819 978 863 1014 in
888 975 1008 1015 verbo
1037 972 1229 1031 γράφειν,
1260 974 1369 1029 quod
1394 988 1520 1028 aeque
1547 974 1647 1013 scri-

192 1031 286 1069 bere
308 1044 354 1069 ac
372 1033 536 1084 pingere
556 1033 765 1083 significat.

304 1089 371 1128 66.
430 1095 587 1137 sumpta
604 1090 808 1126 occasione
826 1089 874 1126 ab
895 1089 1145 1139 eloquentiae
1163 1089 1366 1136 facultate,
1397 1101 1519 1140 quam
1539 1085 1587 1124 de
1606 1100 1649 1124 re

193 1155 429 1195 quacunque
455 1141 598 1180 diserte
619 1149 659 1179 et
682 1144 871 1180 concinne
888 1156 1005 1194 posse
1027 1142 1157 1180 dicere
1178 1150 1282 1181 recte
1303 1143 1498 1192 decernit,
1530 1145 1586 1180 ita
1605 1144 1647 1180 in

192 1198 333 1238 laudes
352 1200 518 1237 Homeri
539 1200 732 1248 excurrit,
765 1205 809 1236 ut
830 1211 922 1236 eum
940 1200 1071 1250 potius
1093 1206 1226 1251 carpat
1245 1212 1291 1236 eo
1314 1202 1408 1251 quia
1427 1213 1544 1238 verae
1565 1200 1650 1236 vir-

193 1257 310 1304 tutis,
341 1256 470 1307 qualis
489 1254 654 1293 heroem
674 1254 807 1303 decet,
836 1268 917 1292 non
932 1253 1114 1293 habuerit
1135 1257 1419 1306 cognitionem,
1451 1254 1649 1307 siquidem

193 1324 284 1349 eam
302 1324 423 1363 quam
440 1313 526 1362 ipse
546 1313 741 1349 Homerus
759 1309 922 1348 exhibet
940 1310 1072 1349 herois
1090 1314 1308 1363 imaginem
1320 1341 1330 1360 ‚
1360 1318 1553 1363 tanquam
1571 1312 1652 1347 mi-

192 1380 268 1405 nus
290 1374 425 1419 aptam
445 1368 627 1405 Heraclio
648 1366 978 1420 repraesentando
998 1370 1160 1419 respuit,
1188 1375 1227 1406 et
1244 1381 1346 1420 quae
1365 1369 1415 1406 sit
1434 1369 1550 1407 unica
1566 1369 1650 1404 vir-

192 1430 259 1461 tus
291 1436 392 1476 quae
419 1425 551 1462 virum
580 1425 700 1462 faciat
729 1426 944 1473 illustrem,
984 1437 1163 1477 quaeque
1191 1426 1233 1462 in
1262 1425 1444 1462 Heraclio
1471 1423 1650 1461 maxime

193 1481 356 1530 enituit,
388 1482 566 1532 exponit.
625 1488 664 1518 at
692 1479 742 1518 de
772 1483 938 1518 Homeri
967 1480 1153 1519 laudibus
1186 1480 1284 1534 quid
1311 1487 1464 1532 oportet
1489 1478 1650 1518 dicere?

193 1535 341 1575 videsis
362 1538 600 1588 Dionysium
622 1537 967 1574 Halicarnasseum
985 1538 1034 1574 cle
1053 1551 1223 1588 compos.
1245 1536 1352 1575 verb.
1376 1544 1468 1574 tom.
1482 1540 1508 1577 2
1519 1551 1568 1587 p.
1583 1537 1651 1585 51,

194 1593 264 1662 qui
291 1595 509 1631 Homerum
537 1595 694 1631 vocavit
717 1608 905 1646 κορυφην
927 1589 1120 1634 ἁπάντων
1138 1593 1208 1634 καὶ
1231 1589 1406 1643 σκοπόν,
1437 1593 1477 1640 ἐξ
1500 1589 1548 1633 οὗ
1567 1607 1654 1640 πως

194 1663 342 1698 παντες
358 1648 530 1701 ποταμοὶ
546 1649 613 1695 καὶ
630 1652 740 1690 πᾶσα
756 1647 944 1690 θάλασσα
961 1649 1029 1690 καὶ
1046 1653 1172 1690 πᾶσαι
1191 1652 1347 1702 κρῆναι.
1408 1650 1561 1687 celebre
1580 1662 1655 1686 au-

194 1712 278 1742 tem
301 1712 360 1744 est
384 1705 515 1744 Ovidii
535 1707 710 1757 elogium
729 1705 874 1742 Amor.
897 1709 925 1746 2
955 1707 980 1746 9
1007 1706 1084 1754 25,
1115 1705 1222 1758 quod
1251 1719 1342 1743 cum
1370 1705 1530 1743 Pisidae
1562 1706 1654 1742 lau-

195 1760 311 1799 dibus
334 1761 565 1799 concordat:
602 1762 732 1798 adiice
759 1761 1020 1808 Maeoniden,
1048 1775 1076 1799 a
1107 1775 1202 1813 quc,
1232 1775 1302 1799 ceu
1323 1761 1446 1812 ante
1470 1763 1654 1812 perenni,

195 1824 333 1855 vatum
355 1819 500 1855 Pieriis
520 1831 591 1855 ora
607 1819 795 1869 rigantur
809 1818 939 1868 aquis.

307 1875 374 1915 68.
431 1875 623 1911 iuvenum
649 1880 803 1911 mentes
835 1886 887 1911 ex
918 1873 1081 1910 Homeri
1111 1873 1280 1911 lectione
1310 1873 1365 1910 ali
1386 1879 1426 1910 et
1447 1871 1654 1910 fecundari

195 1929 354 1978 dicens,
385 1931 470 1968 eius
495 1935 680 1982 poemata
710 1932 831 1967 etiam
849 1928 1082 1968 Christianis
1102 1930 1145 1966 in
1165 1928 1317 1968 deliciis
1333 1929 1480 1979 fuisse,
1508 1931 1552 1966 ni
1573 1930 1655 1966 fal-

193 1986 275 2035 lor,
307 1985 563 2025 demonstrat.

305 2046 374 2084 70.
431 2045 601 2082 Galaton
626 2045 776 2096 pictor,
819 2042 988 2082 Aeliano
1023 2043 1121 2081 Var.
1155 2044 1267 2081 Hist.
1304 2044 1354 2083 13
1390 2045 1447 2084 22
1481 2047 1653 2090 auctore,

194 2100 414 2137 Homerum
451 2102 763 2152 repraesentavit
800 2100 993 2152 ἐμοῦντα,
1031 2097 1126 2147 τούς
1158 2098 1202 2140 δὲ
1231 2097 1377 2146 ἄλλους
1404 2096 1572 2150 ποιητυῖς
1603 2096 1654 2138 τοὶ

195 2154 444 2207 ἐμημεσμένα
465 2153 731 2212 ἀρυομέγουςς
761 2170 882 2209 quam
901 2157 1096 2207 picturam
1116 2156 1250 2194 forsan
1270 2157 1401 2192 innuit
1420 2161 1569 2193 noster.

307 2215 376 2253 72.
433 2215 652 2252 Homerum
672 2227 754 2252 non
770 2212 956 2251 habuisse
975 2214 1194 2264 perfectam
1212 2214 1368 2250 virtutis
1388 2213 1655 2262 cognitionem

195 2266 352 2306 videtur
378 2266 574 2308 adserere.
630 2272 765 2322 ipsum
793 2273 959 2308 virtutes
984 2283 1065 2307 non
1090 2267 1357 2320 seiungendas
1379 2269 1526 2316 διττοῖς
1543 2269 1657 2321 μερί-

198 2325 277 2372 ζειν
301 2326 382 2365 τῶν
403 2322 532 2379 λόγων
554 2324 732 2378 νοήμασι
762 2340 809 2364 ea
837 2326 886 2364 de
914 2339 1032 2364 causa
1059 2328 1199 2396 opinor
1207 2301 1344 2374 i:dicit,
1378 2325 1445 2362 vel
1471 2326 1583 2376 quia,
1612 2331 1657 2362 ut

195 2380 432 2420 Plutarchus
450 2381 521 2419 lib.
542 2383 591 2420 cle
605 2383 702 2420 aad.
719 2383 827 2433 poe't.
852 2386 926 2432 ait,
958 2380 1025 2423 6ιοῖ
1057 2382 1130 2435 μὲν
1157 2378 1323 2429 Ἰλιάδος
1350 2377 1540 2434 α’νδρείαν
1577 2377 1660 2421 σοι’-

197 2453 341 2488 ματος,
372 2435 439 2478 δια
468 2436 512 2479 δὲ
538 2442 611 2490 τῆς
633 2435 864 2487 Ὀδυσσείας
885 2443 1021 2491 ψυχῆς
1043 2437 1303 2494 γενναιότητα
1321 2440 1515 2492 παριστᾷ,
1546 2444 1584 2474 et
1604 2438 1660 2475 sic

199 2494 384 2532 virtutem
411 2497 580 2533 activam
597 2508 620 2533 a
638 2496 942 2546 contemplativa
961 2495 1170 2547 disiungit3
1202 2496 1267 2533 vel
1287 2495 1380 2546 quia
1400 2495 1533 2532 omnia
1556 2506 1658 2546 quae

198 2548 319 2587 tradit
335 2553 534 2590 Homerus
553 2565 634 2590 non
648 2559 733 2590 tam
750 2550 802 2589 ad
816 2550 1041 2603 mythicum
1059 2565 1233 2599 sensum,
1256 2564 1377 2603 quem
1391 2552 1523 2589 statim
1541 2563 1657 2602 prae-

197 2605 351 2655 ferunt,
391 2620 512 2660 quam
543 2608 595 2646 ad
626 2607 802 2646 ethicum
829 2609 937 2646 intus
968 2609 1159 2646 latentem
1188 2610 1268 2646 sint
1299 2606 1586 2659 expendenda,
1615 2612 1660 2642 ut

198 2660 309 2698 idem
333 2663 571 2703 Plutarchus
595 2665 694 2702 ibid.
727 2671 766 2702 et
788 2666 990 2703 Maximus
1008 2667 1156 2717 Tyrius
1172 2665 1344 2702 Dissert.
1368 2667 1420 2705 16
1441 2664 1661 2701 luculenter

199 2718 383 2769 probant.
414 2720 486 2757 sed
501 2722 630 2771 primo
649 2722 766 2759 nobis
784 2722 912 2771 magis
935 2721 1090 2759 adridet
1106 2721 1302 2760 sententia
1321 2733 1444 2772 quam
1460 2720 1662 2756 Maximus

200 2773 420 2812 confirmat.
479 2778 662 2829 quamvis
689 2779 798 2815 enim
819 2778 891 2814 ille
913 2779 1134 2816 Homerum
1154 2789 1406 2828 summopere
1425 2774 1662 2827 suspexerit,

201 2828 304 2868 illud
332 2838 466 2869 tamen
491 2831 648 2871 videtur
672 2832 887 2872 concedere
911 2834 1020 2886 quod
1040 2833 1176 2872 Pisida
1198 2831 1474 2884 reprehendit,
1503 2830 1661 2869 nullum
