1890 3224
720 187 1043 237 PRAEFATIO·
1478 200 1612 233 :xxvn

155 315 220 346 an.-
255 300 364 344 1564
403 298 626 342 Fridericus
663 298 899 338 Moreuius‘e
954 310 1049 341 cum
1086 297 1195 340 enim
1229 297 1322 346 ille,
1361 295 1611 339 doctissimus

157 371 318 413 omnino
346 371 429 419 vir,
461 381 563 406 anno
592 369 699 410 1687
727 367 926 405 statuisset
951 366 1032 409 luci
1058 365 1204 404 donare
1223 363 1404 408 eiusdem
1422 367 1613 418 poematii

125 423 127 425 >
156 441 398 487 versionem,
427 436 476 475 de
495 450 542 477 eo
562 435 639 474 hoc
656 434 850 474 iudicium
865 435 1115 486 interposuit.
1172 433 1426 485 Empedoclis
1446 434 1518 472 lzos·
1535 448 1616 475 esse

155 520 291 545 versas
321 519 532 558 nunquam
556 505 600 542 in
626 505 807 542 animum
825 503 968 541 induxi
983 509 1031 540 ut
1046 502 1239 541 crederem
1241 531 1257 549 ,
1287 509 1323 540 et
1344 504 1415 553 qui
1432 502 1616 548 credunt,

156 563 256 613 ειιηί·
278 589 374 613 sane
400 587 522 631 quam
543 576 817 624 ταχυπειθεῖς,
847 571 1053 622 nulloque,
1083 578 1129 609 ut
1147 571 1249 608 milii
1269 570 1442 617 videtur,
1464 570 1617 621 proba-

158 642 232 681 bili
257 644 441 685 nituntur
466 648 714 692 argumento,
775 639 828 678 ab
855 641 906 676 iis
934 638 1173 689 temporibus
1199 639 1428 691 longissime
1453 638 1618 685 absunt,

159 711 230 763 qai
266 710 453 752 Dic-linio
481 710 683 748 Demetrio
711 710 928 760 imputant,·
957 707 1029 745 sed
1053 708 1276 749 coniectura
1300 713 1434 745 tamen
1458 721 1622 758 scopum

157 779 335 816 veritatis
345 770 515 828 propius
531 780 750 829 attingunt.
795 777 979 828 quamvis
994 776 1098 813 enim
1118 776 1287 816 materia
1305 774 1405 814 haec
1421 777 1474 818 sit
1488 783 1618 822 vetus,-

159 847 416 884 recentiorum
441 853 500 883 eet
511 846 674 896 forma,
704 852 742 886 et
757 845 901 884 meruit
919 843 1181 885 nihilominus
1201 844 1414 894 antiquam
1430 843 1615 885 obtinere,

153 915 331 966 profecto
350 913 482 964 poesis
512 914 589 950 ista
614 926 694 953 non
723 912 841 964 longe
870 911 1037 949 discedit
1057 924 1084 946 a
1102 910 1268 948 Pisidae
1285 911 1351 948 uel
1364 911 1452 949 etilo
1467 913 1535 949 vel
1549 926 1619 952 ae-

159 989 255 1028 tate,
286 982 394 1034 quod
411 981 604 1021 iudicium
611 981 731 1033 facio
751 979 924 1017 aliorum
947 987 985 1016 et
1006 978 1262 1016 eruditiorum
1287 986 1359 1021 ete,
1421 992 1496 1031 ego
1524 993 1619 1021 vero

157 1049 336 1092 Pisidam
371 1062 457 1087 esse
490 1057 691 1091 auctorem
723 1062 805 1087 non
833 1047 973 1096 credo,
1004 1054 1044 1085 et
1069 1047 1188 1098 plane
1223 1046 1396 1086 libenter
1427 1049 1622 1088 assentior

157 1119 351 1166 Fabricio,
383 1119 453 1169 qui
468 1116 582 1158 Bibl.
612 1119 757 1159 Graec.
782 1125 876 1157 tom.
890 1119 918 1161 2
927 1130 976 1167 p,
990 1114 1071 1158 477
1091 1113 1199 1152 hunc
1219 1115 1352 1166 ipsum
1369 1115 1418 1153 de
1439 1116 1622 1166 Sphaera

157 1187 364 1235 libellum,
393 1187 477 1229 iam
497 1199 584 1224 raro
608 1186 796 1235 obvium,
825 1187 971 1223 iterum
990 1185 1230 1235 impressum
1257 1196 1349 1220 cum
1371 1181 1478 1226 docti
1497 1185 1623 1222 inter.

157 1256 282 1308 pretis
313 1255 417 1293 notis
448 1266 531 1291 non
559 1254 806 1295 inconsultus
830 1254 945 1292 nobis
971 1252 1114 1293 obtulit
1138 1250 1378 1302 legendum,
1409 1250 1481 1289 sed
1498 1253 1624 1290 cuivis

159 1309 293 1374 pbtius
313 1322 427 1359 alteri
445 1333 567 1373 quam
582 1320 742 1358 Pisidae
762 1318 1074 1358 adiudicandum
1099 1320 1273 1367 censuit,
1305 1318 1413 1371 quod
1433 1318 1627 1359 christia-

159 1392 336 1428 nismum
365 1390 450 1426 eius
477 1396 517 1426 et
544 1389 781 1439 religionem
810 1389 1045 1440 neutiquam
1063 1387 1226 1438 ‘spirent
1250 1385 1295 1429 hi
1320 1400 1360 1427 v.
1377 1385 1432 1429 75
1457 1393 1496 1424 et
1514 1399 1627 1439 seqq.

159 1458 298 1512 τοιᾷδε
324 1452 434 1505 τάξει
459 1452 733 1508 σχηματίζοντ’
766 1451 944 1508 οἷστὲρες,
972 1456 1085 1495 θεαῖν
1113 1455 1294 1508 βροτοῖσι
1309 1450 1386 1506 τὴν
1410 1449 1527 1506 χάριν
1546 1455 1628 1496 δω-

161 1523 383 1580 ρουμένων,-
442 1518 517 1563 εἴτ’
545 1517 622 1564 οὖν
654 1519 817 1575 α’μήτωρ
848 1518 1013 1570 Παλλοῖς
1043 1518 1164 1574 ὥρισε
1196 1523 1376 1576 βροτοῖς,
1406 1518 1492 1564 εἴθ’
1513 1519 1629 1576 ἥλιος

158 1588 344 1646 τηλωπόν
365 1586 540 1643 οἷστὲρων
560 1589 701 1640 θέσιν,
730 1592 842 1634 θεῶν
859 1586 904 1630 vd
927 1585 1156 1642 μηχάνημα.
1216 1591 1381 1642 quinam
1409 1591 1516 1629 enim
1542 1591 1628 1631 fieri
1650 1603 1687 1639 p-
1713 1591 1816 1627 XXV

159 1662 285 1714 possit
306 1667 353 1698 ut
371 1658 530 1708 Pisida,
561 1660 631 1711 qui
652 1660 696 1696 in
711 1660 963 1700 Hexaemero
982 1659 1117 1695 onmia
1144 1656 1197 1695 ad
1224 1659 1418 1710 pietatem
1436 1666 1474 1697 et
1491 1672 1629 1698 veram

161 1730 399 1780 religionem
424 1728 598 1764 nimium
621 1727 742 1764 etiam
763 1724 940 1768 studiose
959 1723 1124 1763 deflexit
1144 1733 1280 1764 contra
1299 1728 1492 1776 Graecos,
1524 1729 1558 1765 si
1579 1727 1629 1765 de

162 1796 332 1849 sphaera
365 1803 404 1832 et
430 1795 558 1832 stellis
591 1795 759 1844 egisset,
791 1806 928 1835 earum
953 1792 1136 1830 ordinem
1154 1801 1192 1831 et
1211 1807 1369 1832 cursum
1391 1808 1414 1832 a
1431 1795 1626 1834 fabulosis

161 1865 345 1917 gentium
363 1861 594 1900 numinibus
615 1860 763 1898 diceret
784 1873 868 1899 esse
888 1859 1176 1901 constitutum?
1234 1861 1411 1912 profecto
1428 1861 1528 1902 haec
1545 1877 1626 1901 una

164 1932 379 1970 difficultas
408 1930 510 1967 tanti
538 1929 734 1966 momenti
763 1925 976 1967 mihi-visa
995 1934 1074 1976 est,
1105 1934 1150 1965 ut
1168 1940 1266 1979 opus
1286 1929 1419 1979 ipsum
1439 1931 1626 1969 attentius

162 1999 393 2052 expendere
422 2004 461 2035 et
487 1997 623 2035 stilum
646 1997 737 2034 stilo
764 1997 942 2034 conferre
961 2008 1301 2047 supervacaneum
1319 2010 1405 2034 esse
1426 1996 1625 2036 duxerim.

163 2074 286 2107 restat
303 2064 468 2104 tandem
487 2072 532 2103 ut
553 2066 674 2103 etiam
690 2062 794 2102 illud
813 2076 1020 2112 moneam,
1052 2076 1104 2100 ne
1133 2064 1442 2102 Commentarios
1464 2064 1628 2117 quidem

160 2137 208 2173 in
222 2134 428 2186 Epistolas
446 2133 606 2180 Paulli,
637 2146 736 2186 quos
753 2134 901 2170 Graece
923 2137 1081 2170 exstare
1098 2132 1142 2168 in
1160 2130 1402 2170 bibliotheca
1420 2132 1628 2173 Vindobo-

163 2205 281 2246 nensi
298 2215 352 2240 ex
367 2202 492 2239 Frisio
515 2209 554 2239 et
568 2203 787 2240 Possevino
808 2201 928 2239 refert
947 2201 1207 2251 Le-Longius
1225 2199 1340 2237 Bibl.
1361 2200 1476 2237 Sacr.
1493 2208 1586 2240 tom.
1601 2204 1628 2242 2

156 2285 206 2322 p.
228 2273 310 2313 907
338 2270 411 2307 sub
442 2270 604 2308 nomine
632 2269 805 2307 Piscidii
824 2269 890 2307 vel
909 2268 1058 2308 Pisidii
1080 2269 1244 2318 Graeci,
1275 2270 1447 2319 Georgio
1468 2268 1629 2307 Pisidae

165 2336 397 2377 tribuendos
414 2350 524 2387 esse3
556 2351 677 2391 quem
692 2338 789 2375 talia
808 2338 1010 2388 scripsisse
1030 2349 1104 2378 nec
1123 2337 1419 2378 auctoritatibus
1439 2350 1513 2375 nec
1532 2351 1629 2376 con-

165 2406 325 2448 iecturis
359 2407 533 2444 evinces.
592 2404 664 2443 sed
696 2411 736 2442 et
763 2406 889 2443 Frisio
919 2411 958 2442 et
984 2405 1202 2442 possevino
1233 2405 1354 2442 etiam
1376 2404 1535 2445 fidesin
1552 2405 1630 2444 hoc

166 2475 305 2525 negari
331 2487 448 2525 posse
479 2471 658 2522 videtur,
690 2485 783 2510 cum
809 2473 1046 2510 Lambecius
1065 2478 1104 2509 et
1122 2473 1389 2522 Reimannus,
1422 2476 1492 2526 qui
1522 2482 1630 2513 cata..

167 2542 282 2591 logos
317 2539 586 2583 bibliothecae
616 2539 934 2583 vindobonensis
963 2541 1084 2591 longe
1115 2541 1333 2578 accuratius
1360 2542 1628 2593 confecerunt,

168 2606 288 2645 huius
312 2608 476 2653 Piscidii
507 2610 574 2654 vel
601 2607 746 2653 Pisidii
773 2610 817 2651 51¹
842 2609 1031 2652 Paullum
1051 2609 1259 2651 scribentis
1276 2609 1432 2648 nullam
1446 2611 1629 2661 ingerant

166 2676 424 2714 mentionem.

280 2745 420 2796 Itaque
448 2758 541 2783 cum
566 2746 649 2789 iam
678 2745 730 2783 sit
759 2751 942 2796 apertum
961 2757 1064 2797 quae
1084 2743 1163 2782 sint
1181 2755 1301 2795 opera
1320 2744 1422 2782 falso
1441 2743 1627 2781 attributa

166 2808 349 2860 Pisidae,
378 2823 460 2850 non
475 2812 547 2850 abs
564 2825 606 2850 re
624 2811 790 2865 quidem
807 2814 882 2851 erit
897 2826 1005 2857 nunc
1023 2809 1178 2864 aliquid
1196 2809 1326 2850 dicere
1346 2810 1395 2854 de
1414 2810 1626 2859 codicibuS,
