1890 3224
285 175 380 232 132*
523 183 746 230 PETAvn
778 183 850 226 An
884 181 1250 226 NIGEPHORUM
1279 176 1483 226 NOTAE.

280 301 500 392 ornatugi.c
536 293 645 347 quod
683 299 723 332 et
756 291 975 332 Mfflarium
1011 303 1174 330 aureum
1209 291 1253 329 in
1285 291 1426 329 notitia
1458 288 1622 340 dicitnr,
1663 302 1728 327 re-

279 354 396 404 gione
502 352 584 402 poi.

302 492 319 524 t
341 443 430 536 Dp.
459 427 515 470 84
542 442 583 469 v.
611 429 680 471 20.
737 428 819 468 ταῖν
860 424 1103 480 Πελαγίων]
1151 422 1422 477 Theophanes
1459 422 1538 477 (p.
1575 421 1659 465 372
1697 422 1729 460 C

279 500 301 524 e
410 512 422 523 .

389 576 431 614 p·
451 561 504 604 85
535 575 575 602 v.
595 559 638 604 4.
692 560 739 604 ἐκ
755 556 902 602 τούτου
924 555 1176 613 βουλεύεται]
1206 558 1356 596 factum
1373 556 1450 596 hoc
1472 570 1509 596 a.
1532 557 1730 596 Constan-

278 619 354 657 tini
378 621 448 662 27.

390 696 444 735 ib.
460 710 499 735 v.
512 697 581 737 20.
636 690 718 735 ὖπὸ
738 692 782 735 δὲ
795 691 867 735 τᾶν
883 690 1005 735 αὐτὸν
1019 690 1186 747 καιρόν]
1208 690 1476 744 Theophanes
1493 689 1729 745 (p.3731)):

281 756 338 809 τῷ
355 751 408 794 ’δὲ
437 748 551 807 αὐτῷ
574 749 649 791 ἔτει
680 747 859 802 Νικήνας
891 749 916 792 ὁ
944 747 1211 801 ψευδώνυμος
1232 746 1476 802 πατριάρχης
1504 747 1574 796 τοὶς
1610 748 1653 788 ἐν
1674 749 1731 803 τῷ

280 809 544 863 πατριαρχείῳ
564 803 722 855 εἰκόνας
737 810 810 848 τοῦ
830 809 975 860 μικροῦ
991 807 1198 859 σεκραίτου
1218 808 1292 858 τῆς
1312 806 1503 857 τροπικῆς
1523 805 1731 858 ἐξυλογρα-

283 867 380 916 φίας
418 863 542 916 οὔσης
579 860 842 916 κατήνεγκεν,
886 862 955 903 καὶ
988 866 1070 903 τῶν
1098 865 1247 903 λοιπῶν
1273 859 1441 902 εἰκόνων
1468 858 1516 900 τὰ
1541 856 1733 913 πρόσωπα

282 922 445 974 ἔχρισεν.
500 920 568 957 hic
598 927 747 958 secreta
778 915 966 973 προόδων
995 915 1099 960 οἶκοι
1128 925 1318 957 vocantur
1335 931 1362 955 a
1383 916 1627 968 Nicephom,
1655 914 1731 954 hoo

281 985 340 1017 est
367 989 641 1030 processuum,
674 989 772 1028 quos
801 975 1045 1029 προκένσους
1067 982 1180 1012 aetas
1204 976 1275 1011 illa
1307 975 1525 1011 nominavit
1545 980 1613 1010 aut
1632 987 1734 1025 προ-

278 1033 457 1081 κὲσσους.
516 1046 618 1085 quae
639 1046 719 1070 vox
741 1039 824 1070 tam
839 1033 1127 1083 processionem
1144 1033 1273 1081 ipsam
1297 1043 1419 1082 quam
1442 1031 1650 1066 stationem
1676 1029 1733 1066 si-

282 1090 455 1142 gnificat.
513 1091 648 1140 itaque
674 1084 894 1139 πρόκεσσος
921 1090 1003 1127 τῶν
1031 1089 1263 1138 Βλαχερνῶν
1286 1087 1328 1122 in
1351 1086 1472 1122 Alex.
1493 1083 1639 1122 Clu-ou.
1660 1097 1733 1134 pro

283 1146 531 1192 suburbano,
561 1151 601 1181 et
629 1139 851 1193 πρόκεσσον
883 1139 1154 1192 ποιήσασθαι,
1183 1139 1347 1178 hoc-est
1371 1141 1596 1191 procedere,
1629 1138 1737 1190 apud

282 1199 575 1252 Theophanem
599 1205 638 1235 et
663 1199 778 1235 alios.
831 1197 1090 1247 Curopalates
1108 1203 1236 1233 certos
1258 1194 1342 1233 dies
1366 1197 1575 1247 quotannis
1596 1209 1736 1233 recen-

284 1265 364 1305 set,
395 1257 539 1308 quibus
565 1256 821 1305 imperatores
853 1259 966 1291 extra
995 1253 1187 1303 pala-tium
1219 1250 1484 1303 procedebant
1517 1259 1556 1289 et
1586 1252 1628 1289 in
1660 1264 1736 1303 pa-

283 1311 468 1351 triarchio
499 1311 780 1363 pernoctabant
806 1311 850 1347 in
879 1308 1067 1358 κελλίοις,
1103 1307 1180 1346 hoc
1208 1314 1267 1345 est
1297 1309 1450 1346 cellulis
1483 1306 1736 1361 quibusdam.

283 1368 360 1407 hae
385 1375 476 1407 sunt
493 1369 660 1407 fortasse
678 1379 776 1419 quas
795 1361 976 1419 προόδων
993 1365 1130 1412 οἴκους
1147 1365 1410 1415 appellarunt.

396 1461 439 1499 p.
458 1449 511 1488 86
527 1459 568 1484 v.
586 1448 627 1486 2.
683 1439 906 1496 κηροχύτον
925 1439 1048 1494 ὕλης]
1078 1455 1199 1494 quam
1216 1443 1356 1480 Graeci
1370 1441 1648 1496 κηρογραφίαν
1663 1454 1738 1480 vo-

287 1510 377 1542 cant
402 1502 470 1540 hic
498 1503 638 1553 opinor
667 1501 874 1552 expressit.
931 1497 1025 1538 hinc
1046 1511 1140 1536 vasa
1161 1498 1544 1552 κεκηρογραφημένα
1561 1494 1740 1551 χρώμασι

286 1559 493 1667 ἒοᾶζιτιῗίοῖς
520 1557 627 1609 apud.
650 1555 922 1605 Athenaeum,
950 1561 995 1593 ut
1022 1555 1243 1594 observavit
1268 1557 1462 1607 interpres
1488 1554 1544 1593 ad
1564 1554 1739 1594 Theocr.

400 1691 454 1729 ib.
484 1704 525 1730 v.
548 1693 615 1733 10.
678 1689 738 1745 Τῇ
767 1686 917 1742 ἕβδόμῃ
948 1687 1192 1739 ἷνδικτιᾰῖνι]
1221 1685 1489 1738 Theophanes
1519 1699 1556 1726 a.
1577 1690 1634 1730 '28
1659 1688 1740 1726 Co-

168 1756 198 1791 Ρ
221 1757 264 1794 85
287 1748 483 1801 pronymi.
542 1759 667 1785 annus
695 1753 779 1783 ¹erat
807 1744 955 1783 Christi
980 1746 1084 1794 769,
1115 1745 1225 1796 cyclo
1250 1744 1349 1782 *solis
1376 1747 1454 1793 22,
1483 1744 1545 1782 lit.
1565 1744 1672 1784 dom.
1688 1746 1738 1795 A,

291 1806 401 1858 cyclo
420 1805 538 1841 lunae
559 1806 632 1852 10,
659 1800 808 1854 pascha
828 1801 978 1853 Aprilis
995 1802 1036 1840 2.

403 1881 457 1919 ib.
478 1895 519 1919 v.
542 1884 607 1923 17.
660 1875 788 1934 ὀγδόῃ
809 1877 851 1919 δὲ
873 1879 1114 1929 ἰνδικτιῶνι]
1145 1876 1412 1930 Theophanes
1430 1891 1472 1930 p.
1492 1876 1575 1920 374
1590 1879 1641 1917 Β.

402 1984 477 2021 Hic
505 1982 595 2019 finis
615 1979 803 2019 historiae
822 1977 1055 2030 Nicephori,
1085 1992 1224 2032 quam,
1254 1986 1298 2017 ut
1321 1980 1455 2018 scribit
1473 1977 1661 2028 Photius‚
1691 1977 1744 2017 ad

292 2041 438 2079 Leonis
466 2045 504 2076 et
530 2041 663 2075 Irenes
689 2037 847 2087 nuptias
872 2034 1082 2087 perduxit,
1119 2033 1196 2072 hoc
1233 2042 1293 2073 est
1324 2036 1571 2074 Constantini
1604 2048 1642 2072 a.
1671 2037 1741 2083 29,

295 2095 441 2134 Christi
457 2097 552 2135 769.
607 2106 679 2131 nos
704 2100 838 2130 tamen
864 2090 1045 2129 eiusdem
1065 2089 1277 2142 Nicephori
1297 2092 1563 2143 fragmentum
1582 2091 1742 2129 inveni-

294 2165 383 2189 mus
404 2149 512 2202 apud
527 2147 839 2200 Theophanem,
867 2149 911 2184 in
930 2145 1063 2185 codice
1082 2148 1228 2184 Illustr.
1249 2146 1363 2184 eard.
1385 2149 1576 2185 Ioieusae.
1634 2145 1743 2200 quod

297 2206 460 2259 quidem
489 2219 570 2244 non
600 2206 760 2242 alterius
789 2217 873 2242 esse
896 2216 1017 2255 quam
1040 2202 1158 2240 huius
1179 2201 1391 2253 Nicephori
1411 2203 1669 2241 manifestum
1689 2216 1743 2241 ex

297 2277 343 2301 eo
364 2262 540 2300 redditur
552 2290 562 2308 ,
593 2259 700 2312 quod
719 2266 757 2296 et
772 2258 992 2310 patriarcha
1008 2271 1031 2295 a
1050 2256 1298 2309 Theophane
1314 2259 1542 2309 Cpolitanus
1561 2259 1742 2311 appella-

296 2326 381 2367 tur,
412 2325 452 2356 et
477 2316 525 2354 de
549 2316 788 2366 copronymi
806 2315 1046 2365 temporibus
1067 2315 1180 2365 quasi
1195 2315 1335 2352 vicinis
1357 2316 1475 2352 aetati
1493 2328 1587 2353 suae
1606 2316 1742 2367 loqui-

298 2382 383 2423 tur,
414 2387 504 2411 cum
532 2374 586 2410 ait
613 2371 826 2409 nonnullos
846 2369 974 2407 adhuc
994 2371 1223 2420 superstites
1246 2383 1352 2420 esse,
1383 2373 1452 2423 qui
1474 2384 1499 2410 a
1522 2370 1742 2423 dysonymo

299 2431 369 2467 illo
393 2437 558 2481 tyranno
579 2429 711 2480 aliqua
729 2426 899 2478 corporis
917 2432 1026 2477 parte
1042 2426 1214 2463 mutilati
1231 2426 1400 2464 fuerant.
1457 2435 1498 2465 at
1514 2428 1668 2475 nullus,
1696 2434 1743 2466 ut

299 2486 412 2523 initio
437 2486 661 2532 statuimus,
693 2484 775 2521 eius
793 2483 963 2522 nominis
983 2480 1226 2533 patriarcha,
1256 2490 1411 2534 praeter
1427 2482 1534 2525 hunc
1550 2490 1741 2533 nostrum,

301 2542 543 2593 temporibus
562 2542 644 2579 illis
665 2540 828 2581 exstitit.
883 2537 927 2578 id
948 2539 1216 2591 fragmentum
1231 2540 1312 2578 tale
1332 2546 1404 2579 est.
