1838 3210
506 194 845 240 DESCRIPTIO
879 196 923 240 S.
957 196 1207 240 SOPHIAE.
1517 197 1582 242 65

129 319 229 360 quas
244 318 370 359 usque
389 304 441 344 ad
459 303 542 348 437
562 306 706 355 fuisse,
735 307 868 344 nescio
893 320 944 344 an
967 321 1080 356 vere,
1112 306 1247 346 scribit
1263 305 1460 355 eodinus,
1489 307 1584 358 igno

130 370 361 414 consumpta
401 363 610 415 procubuit
647 375 684 400 a.
714 362 740 404 5
782 365 1014 413 Iustiniani,
1062 364 1200 402 indict.
1239 366 1311 412 10,
1353 370 1444 416 post
1483 376 1585 402 coss-

128 419 339 471 Lampadii
362 427 401 457 et
422 421 567 458 Orestis
588 431 626 456 a.
648 422 695 468 2,
723 421 873 458 mensis
894 415 1067 458 Ianuarii
1089 421 1162 470 15,
1192 427 1236 459 ut
1253 421 1369 458 estin
1387 418 1582 458 Chronico

127 475 423 524 Alexandrinor,
467 478 626 528 unaque
657 488 747 513 cum
777 489 824 513 ea
855 477 964 514 illius
994 477 1189 515 tabularia
1219 484 1260 515 et
1286 477 1585 528 privilegiorum

129 532 285 571 chartas
325 546 371 570 ac
410 531 610 570 redituum
643 532 841 571 interiisse
874 539 1079 585 praeterea
1112 541 1249 571 auctor
1279 539 1339 571 est
1366 532 1584 571 cedrenus.

129 591 284 642 quaerit
311 590 468 641 Gyllius
498 588 718 641 (Descript.
740 590 802 627 ΟΡ
826 593 855 632 2
883 589 937 642 3)
966 603 1065 628 eone
1091 591 1180 628 loco
1205 590 1324 627 fuerit
1344 601 1491 641 magua
1516 602 1586 627 ec-

129 647 251 684 clesia
285 646 631 694 Constantiniana,
669 658 748 698 quo
776 648 915 697 postea
941 645 1084 684 aedem
1111 645 1356 699 Sophianam
1385 647 1585 684 exstruxit

129 703 384 740 lastinianus.
443 700 651 739 dubitandi
685 704 934 740 occasionem
971 709 1104 741 movet
1135 710 1270 741 auctor
1300 703 1585 754 Descriptionis

129 760 238 797 urbis
251 788 262 808 ,
297 760 366 811 qui
394 759 436 795 in
468 761 496 799 2
526 760 685 809 regione
714 759 922 796 ecclesiam
950 772 1141 811 magnam
1175 766 1214 797 et
1246 760 1452 797 ecclesiam
1479 759 1586 796 anti-

130 828 275 867 quam,
304 816 579 865 Augustaeum
608 827 702 852 vero
732 789 1044 881 foru111‘,·⁰qu0d
1052 815 1161 854 aedis
1185 814 1410 867 Sophianae
1434 828 1585 867 propy*

128 872 263 910 laeum
285 869 576 922 quodammodo
593 870 691 919 fuit,
720 872 763 908 in
787 870 814 911 4
833 872 992 922 regione
1013 873 1162 909 statuit.
1219 885 1358 909 verum
1379 870 1442 909 his
1466 885 1587 922 repo-

130 929 191 965 nit
220 927 396 979 Gyllius,
425 928 623 965 Zonaram
653 934 693 964 et
716 927 815 965 alios
843 927 996 966 tradere
1016 929 1279 966 Iustinianum
1296 926 1437 965 aedem
1456 928 1585 966 multo

130 986 324 1022 maiorem
341 997 364 1021 a
381 982 650 1021 fundamentis
672 985 864 1021 excitasse
877 1013 888 1033 ,
919 991 958 1022 et
980 983 1120 1023 domos
1140 986 1344 1035 proximas
1368 985 1511 1022 emisse
1532 981 1585 1021 ad

131 1053 222 1078 eam
253 1039 497 1091 augendam,
527 1047 572 1078 ut
599 1046 637 1078 et
663 1042 935 1091 Augustaeum
963 1041 1114 1088 forum,
1148 1041 1241 1078 licet
1258 1035 1434 1078 'diversis
1455 1042 1498 1077 in
1518 1053 1585 1077 re-

131 1097 316 1148 gionibus
347 1103 558 1148 ponantur.
616 1104 749 1136 censet
780 1095 952 1150 denique
984 1098 1180 1149 templum
1212 1098 1438 1149 antiquum,
1476 1095 1585 1148 quod

130 1152 251 1191 hodie
271 1154 374 1190 intra
394 1154 548 1204 regium
565 1160 721 1205 septum
742 1152 958 1192 includitur
974 1161 1014 1192 et
1034 1166 1197 1206 parvam
1217 1152 1409 1205 Sophiam
1428 1159 1583 1201 vocant,

130 1222 220 1247 eam
242 1222 327 1247 esse
349 1210 556 1247 ecclesiam
574 1223 694 1262 quam
714 1210 821 1248 urbis
838 1211 1059 1262 Descriptio
1086 1211 1287 1263 antiquam
1316 1209 1511 1262 appellat3
1543 1215 1585 1246 et

129 1267 312 1304 nonnulli
343 1279 365 1303 e
395 1267 612 1317 Cpolitauis
635 1268 794 1304 Graecis
819 1280 905 1305 esse
929 1266 1071 1305 aedem
1090 1267 1132 1305 S.
1154 1269 1306 1314 1renes,
1337 1278 1457 1318 quam
1477 1266 1585 1303 Con-

129 1323 325 1361 stantinus
343 1324 458 1360 iuxta
478 1321 722 1374 Sophianam
741 1325 954 1372 excitarat,
982 1336 1215 1376 persuasum
1230 1321 1393 1360 habent.

242 1379 282 1419 4.
337 1380 557 1430 Absumpta
582 1381 704 1429 igitur
729 1381 773 1417 in
798 1379 991 1418 seditione
1018 1381 1322 1419 Victoriatorum
1343 1379 1494 1416 maiore
1516 1390 1584 1415 eo-

131 1435 252 1472 clesia
295 1434 618 1472 Constantiniana
651 1449 721 1474 seu
756 1437 1058 1485 Constantiana,
1097 1437 1336 1474 lastinianus
1370 1436 1585 1486 imperator

130 1492 348 1542 composita
381 1492 538 1528 civitate
571 1498 610 1528 et
639 1493 790 1543 punitis
827 1492 1032 1530 seditionis
1068 1492 1291 1530 auctoribus
1306 1521 1317 1540 ,
1357 1504 1506 1529 novam
1544 1496 1585 1527 et

129 1547 249 1598 longe
277 1547 511 1598 ampliorem
538 1549 668 1598 coepit
694 1547 835 1585 eodem
865 1561 967 1586 anno
996 1548 1271 1586 exaedificare.
1328 1548 1583 1584 Marcellinus

131 1604 295 1641 Comes:
326 1603 488 1640 ecclesia
517 1610 612 1640 tnnc
637 1605 798 1641 incensa
826 1618 916 1641 mox
945 1605 1069 1655 coepit
1089 1603 1141 1641 ab
1165 1604 1297 1642 eodem
1311 1604 1501 1654 Augusto
1519 1616 1584 1639 re-

130 1661 283 1698 novari.
343 1658 534 1726 Agathias
560 1660 633 1697 lib.
662 1659 711 1702 5·
741 1662 884 1700 τοῦτον
910 1658 954 1700 δὲ
982 1658 1173 1726 πρότερον
1198 1659 1478 1724 ἐμπρησθέντα
1499 1655 1582 1698 υπὸ

130 1719 206 1757 τοῦ
236 1711 368 1768 δήμου
395 1711 554 1768 σφόδρα
579 1719 788 1785 περιφανῆ
817 1716 885 1756 καὶ
913 1712 1146 1769 θαυμάσιον
1174 1715 1314 1769 ηλίκον
1342 1715 1385 1756 ἐκ
1412 1712 1583 1784 βαθρων

131 1768 267 1813 αὐτῶν
295 1771 365 1812 καὶ
392 1773 602 1840 κρηπίδων
634 1768 930 1824 ἆνεδομήσατο,
961 1771 1173 1838 μεγέθους
1204 1787 1245 1813 τε
1277 1770 1486 1840 υπερβολῇ
1516 1787 1585 1811 και

132 1824 330 1880 σχήματος
359 1824 572 1882 ευπρεπείᾳ
593 1827 662 1867 καὶ
680 1828 857 1883 ποικιλία
876 1824 1076 1880 μετάλλων
1095 1825 1376 1879 ἐπικοσμήσας.
1434 1814 1583 1865 P'aulus

132 1882 412 1922 Warnefridus
451 1883 499 1921 de
542 1885 650 1921 Gest.
689 1884 866 1935 Langob.
902 1885 925 1924 1
966 1883 1020 1926 25
1063 1882 1112 1921 de
1147 1885 1391 1922 Iustiniano·
1431 1890 1583 1921 exstru—

131 1941 190 1979 xit
220 1953 373 1992 quoque
399 1940 503 1977 idem
523 1941 710 1990 princeps
737 1941 844 1978 intra
871 1939 1007 1977 urbem
1035 1939 1190 1990 Cpolim
1219 1940 1371 1977 Christo
1407 1940 1584 1985 domino,

134 1998 206 2049 qui
229 2004 285 2034 est
308 1997 502 2047 sapientia
532 1996 611 2042 dei,
654 1996 861 2047 templum,
900 1996 1010 2047 quod
1040 1997 1191 2034 Graeco
1220 1995 1413 2034 vocabulo
1450 1995 1584 2048 Ἀγίαν

134 2054 316 2103 Σοφίαν,
346 2053 392 2090 id
415 2059 471 2090 est
492 2060 674 2090 sanc-tam
698 2054 952 2104 sapientiam,
981 2054 1205 2100 nominant;
1235 2054 1348 2089 euius
1368 2067 1466 2102 opus
1486 2052 1584 2089 adeo

135 2116 278 2147 cuncta
301 2109 486 2157 aedficia
510 2109 680 2155 excellit,
709 2116 756 2146 ut
779 2110 822 2146 in
847 2111 936 2146 toti-s
959 2116 1152 2146 terrarum
1179 2110 1320 2159 spatiis·
1341 2108 1436 2145 huic
1455 2108 1584 2145 simile

134 2179 214 2203 non
238 2167 364 2216 possit
389 2166 568 2203 inveniti.
627 2179 702 2203 nec
720 2166 916 2203 absimilia
936 2164 1058 2203 habet
1073 2166 1234 2203 Manuel
1255 2163 1510 2216 Chrysoloras
1533 2163 1583 2201 de

135 2220 244 2260 aedis
274 2223 489 2272 elegantia:
534 2218 646 2273 οἶμαι
669 2221 737 2262 καὶ
759 2218 879 2262 ουδὲν
901 2225 981 2262 τῶν
995 2218 1266 2274 χειροκμήτων
1283 2218 1436 2260 τούτων
1457 2220 1583 2272 ε’ργων

134 2274 234 2331 παρ’
264 2274 501 2330 ανθρωποις
530 2293 668 2329 ομοιον
698 2272 791 2318 ουδ’
823 2274 937 2331 ἐγγῦς
967 2277 1167 2334 γενέσθαι.
1238 2276 1438 2315 cedrenus
1474 2276 1584 2314 diem

136 2335 265 2386 coepti
297 2335 425 2385 operis
454 2334 510 2376 23
538 2334 741 2371 Februarii
769 2335 892 2373 fuisse
918 2334 1119 2372 observat·
1155 2333 1200 2375 ἐν
1226 2336 1284 2389 τῷ
1304 2329 1376 2388 ςη’
1406 2333 1480 2373 ἔτει
1505 2329 1584 2374 «ind

135 2392 297 2438 κτίσεως
323 2387 495 2443 κόσμου,
527 2390 773 2438 ἰνδικτιῶνος
798 2405 856 2439 ιε,
883 2393 955 2443 τῆς
972 2387 1030 2458 κγ’
1049 2406 1120 2431 του
1148 2390 1425 2458 Φεβρουαρίου
1445 2386 1582 2441 μηνός,

138 2462 224 2516 ωρα
242 2444 377 2501 πρώτῃ
401 2449 474 2498 τῆς
492 2444 662 2499 ἡμέρας,
690 2444 765 2499 τὴν
790 2449 865 2499 τῆς
892 2444 1062 2499 μεγάλης
1083 2446 1291 2497 ἐκκλησίας
1314 2442 1587 2497 οἷνοικοδομὴν

136 2499 282 2555 ἤρξατο
301 2507 431 2544 ποιεῖν
445 2499 732 2551 Ἰουστινιανός.
789 2502 918 2541 sedin
935 2502 1011 2541 hoc
1029 2501 1195 2541 Cedreni
1217 2503 1304 2540 loco
1326 2502 1584 2539 manifestum

138 2572 224 2596 esse
251 2559 442 2597 mendum
471 2566 555 2597 tam
578 2561 622 2596 in
649 2573 752 2598 auno
769 2559 910 2597 muudi
931 2573 1051 2612 quam
1068 2561 1111 2596 in
1128 2558 1366 2607 indictione,
1397 2560 1490 2596 satis
1512 2571 1582 2595 su-

138 2627 287 2667 perque
308 2616 588 2666 probavimus'
576 2629 619 2653 m
635 2618 740 2654 notis
758 2615 809 2653 ad
826 2615 1175 2665 Bondelmontium
1190 2629 1231 2666 p.
1250 2614 1344 2664 185,
1372 2615 1441 2651 ubi
1463 2615 1582 2650 etiam

139 2670 381 2709 ostendimus
413 2673 634 2710 confectum
661 2673 784 2710 fuisse
813 2679 941 2710 totum
967 2672 1076 2711 aedis
1109 2671 1334 2723 Sophianae
1360 2683 1458 2721 opus
1483 2671 1586 2706 intra

139 2729 315 2779 quinque
345 2740 486 2777 annos,
515 2740 671 2767 menses
701 2730 752 2769 11
783 2728 867 2767 dies
898 2733 970 2778 10,
1000 2736 1045 2767 ut
1070 2727 1219 2766 habent
1246 2726 1515 2778 Theophanes
1548 2730 1586 2760 et

138 2782 248 2821 idem
268 2781 480 2821 cedrenus.
537 2787 682 2837 quippe
705 2786 957 2836 conflagravit
973 2798 1121 2836 magna
1142 2785 1306 2822 ecclesia
1325 2785 1453 2834 primo
1479 2778 1586 2817 sedi-

138 2841 259 2878 tionis
280 2839 365 2887 die,
397 2852 498 2891 quae
521 2841 562 2877 in
586 2843 768 2892 quintum
786 2854 913 2894 usque
933 2848 1128 2893 protracta
1149 2847 1229 2890 est,
1259 2853 1282 2877 a
1305 2852 1384 2891 quo
1404 2836 1456 2874 ad
1472 2834 1587 2873 dedi-

194 2901 294 2934 Paul.
326 2900 449 2935 Silent.
1289 2895 1315 2933 5

1609 1774 1726 1811 Ρ528
