1890 3224
382 150 460 193 DE
493 150 675 195 REBUS
703 152 851 196 POST
881 152 1204 201 MAURIGHJM
1236 152 1444 198 GESTIS.
1575 154 1640 198 55

182 272 282 318 στην
310 260 408 319 ὅσην
437 262 598 319 βλάβην
630 262 860 323 ἀνθρώπων
887 284 930 309 τε
958 268 1028 309 καὶ
1057 271 1211 322 κτηνῶν
1237 266 1463 319 ἐποιοῦντο,
1496 266 1570 323 τήν
1596 285 1638 311 τε

181 330 374 385 Μήδειαν
391 335 459 375 καὶ
480 333 596 391 ἕτερα
615 335 844 388 πολίσματα
864 333 1326 392 συμπαραλαμβάνουσι.
1398 335 1639 387 Φιλιππικὸς

181 401 227 442 δὲ
246 401 451 455 γενέθλιον
470 407 545 456 τῆς
564 399 720 452 πόλεως
734 400 891 461 ἡμέραν
911 404 1137 456 ἐπιτελέσας
1155 405 1222 446 καὶ
1247 402 1535 461 ἆμιλλητήριον
1554 409 1635 448 τῶν

175 469 310 511 ἳππων
338 469 474 525 ἀγῶνα
503 468 821 524 ἐπιδειξάμενος,
863 469 946 514 εἶτα
976 472 1075 522 τοὺς
1097 474 1241 529 φίλους
1268 471 1551 526 συμποσιάσας
1579 474 1635 524 εἷς

146 535 303 580 ὅῧπνον
329 538 433 580 κατὰ
451 536 521 580 ’τὸν
539 539 814 597 μεσημβρινὸν
833 544 907 595 τῆς
927 538 1081 598 ἡμέρας
1097 540 1238 598 καιρὸν
1252 539 1460 598 ἐτράπετο.
1527 558 1634 596 συμ-

176 607 304 658 βαίνει
322 607 376 648 δέ
386 622 430 661 γε
449 605 558 664 αὐτῷ
575 606 628 649 τὰ
644 612 718 663 τῆς
735 608 950 663 ἐπιβουλῆς
966 610 1163 652 ἐντεῦθεν.
1196 610 1239 651 Γ
1234 607 1397 666 εῶργιός
1413 626 1474 660 τις
1489 608 1632 664 ἔνομα,

175 672 221 715 τὸ
241 674 403 728 ἐπίκλην
421 673 659 733 Βούραφος,
685 678 893 734 πατρίκιος
910 676 1116 732 τυγχάνων
1130 679 1196 719 καὶ
1215 682 1286 720 τοῦ
1298 677 1486 732 Ὀψικίου
1504 695 1632 735 στρα-

173 745 248 783 τοῦ
262 740 497 797 ἡγούμενος,
514 743 615 799 πρὸς
631 748 684 800 τῇ
704 743 847 803 Θρᾴκῃ
863 751 1080 800 τηνικαῦτα
1098 747 1302 800 ε’πιδημιῦν
1317 750 1502 803 φυλακῆς
1518 747 1631 791 ἕνεκα

173 813 245 863 τῆς
258 808 400 867 χώρας
417 811 486 853 διὰ
504 811 577 866 τὴν
595 817 676 855 τῶν
692 812 941 870 Βουλγάρων
956 812 1230 872 καταδρομήν,
1253 812 1391 871 γνώμῃ
1413 813 1630 872 Θεοδώρου

118 882 245 920 1οτοὕ
276 880 487 934 πατρικίου
513 879 560 922 τὸ
588 881 751 936 ἐπίκλην
778 883 975 924 Μυακιόυ
1002 883 1150 937 πέμπει
1175 886 1255 925 τῶν
1284 880 1493 939 ὑπηρετῶν
1523 881 1628 935 τινά,

165 943 338 1003 Ῥοῦφον
370 946 523 1001 ὄνομα,
558 948 632 991 σὺν
658 949 806 1004 ὀλίγοις
834 948 1100 1006 στρατιώταις
1126 950 1228 1006 πρὸς
1253 950 1299 992 τὸ
1329 950 1552 1002 Βυζάντιον
1575 951 1628 994 τὰ

168 1012 272 1070 πρὸς
302 1013 376 1069 τὴν
410 1017 654 1058 Φιλιππικοῦ
682 1017 900 1071 ἐπιβουλὴν
929 1019 1202 1061 ἐπιτελέσοντα
1216 1031 1227 1042 ·
1263 1018 1308 1067 ὃς
1333 1017 1503 1075 ἀθρόως
1522 1019 1628 1062 κατὰ

168 1082 220 1125 τὰ
239 1083 427 1136 βασίλεια
446 1084 710 1137 ἐπεισπίπτει,
742 1087 811 1128 καὶ
829 1085 900 1128 τὸν
918 1086 1091 1140 βασιλέα
1110 1083 1366 1128 καθεύδοντα
1383 1086 1627 1140 καταλαβὼν

168 1150 395 1206 ἐξανίστησί
422 1168 464 1194 τε
495 1156 568 1195 τοῦ
596 1152 724 1196 ὕπνου
756 1154 823 1195 καὶ
855 1154 959 1210 πρὸς
987 1153 1059 1196 τὸν
1090 1159 1162 1196 τοῦ
1197 1154 1464 1210 ἱπποδρομιόυ
1497 1154 1626 1211 ἐξάγει

116 1228 157 1263 15
165 1222 301 1275 χῶρον
311 1251 326 1270 ,
357 1219 513 1262 κάκεῖσε
546 1219 674 1263 αὐτοῦ
702 1219 778 1271 τὰς
808 1219 926 1275 ι’ίψεις
947 1219 1235 1278 ἅπετΰφλωσε,
1267 1219 1453 1279 δεύτερον
1475 1220 1563 1273 ἴτος
1584 1224 1626 1265 ἓν

166 1291 217 1343 τῇ
235 1288 423 1346 βασιλείᾳ
445 1286 648 1343 διάγοντα.
715 1293 767 1344 τῇ
796 1287 985 1345 ἐπαύριον
1005 1287 1139 1349 ἡμέρᾳ
1171 1284 1249 1344 (ἦν
1266 1294 1340 1344 τῆς
1358 1295 1627 1345 πεντηκοστῆς

162 1352 435 1410 ἕορτάσιμος)
470 1355 712 1413 ἀθροισθεὶς
739 1355 761 1399 ὅ
785 1362 858 1411 τῆς
882 1356 1035 1407 πόλεως
1052 1356 1159 1407 ἅπας
1176 1359 1305 1412 δῆμος
1326 1357 1429 1414 πρὸς
1447 1357 1493 1399 τὸ
1518 1358 1624 1414 ἱερὸν

164 1427 237 1465 τοῦ
256 1425 372 1466 θείου
391 1421 513 1479 λόγου
531 1425 693 1479 τέμενος
710 1423 1020 1482 ἀναγορεύουσιν
1044 1427 1100 1476 εἷς
1119 1426 1292 1479 βασιλέα
1308 1424 1517 1483 Ἀρτέμιον
1543 1429 1622 1468 Φι-

164 1495 352 1533 λιππικοῦ
379 1494 649 1549 γραμματέα,
679 1492 750 1543 οὓς
778 1498 830 1549 τῇ
851 1494 1014 1538 Ἰταλῶν
1043 1498 1159 1551 φωνῇ’
1181 1497 1371 1535 καλοῦσιν
1390 1493 1623 1551 ἇσηκρῆτις,

107 1559 483 1613 Ξθὲπονομᾶσαντες
510 1560 633 1603 αὐτὸν
652 1560 932 1604 Ἀναστᾶσιον.
995 1563 1139 1617 ὀλίγων
1174 1562 1220 1604 δὲ
1246 1559 1407 1618 ἡμερῶν
1432 1564 1623 1605 διελθου-

162 1631 247 1669 σῶν
272 1632 472 1683 τυφλοῦσι
505 1627 721 1686 Θεόδωρον
743 1628 814 1672 τὸν
840 1629 1070 1686 πατρίκιον,
1102 1626 1297 1680 ὡσαύτως
1317 1631 1386 1673 καὶ
1405 1631 1447 1671 Γ
1443 1628 1622 1688 εώργιον,

158 1697 228 1737 καὶ
245 1700 388 1738 τοῦτον
407 1694 610 1752 ἐξόριστον
627 1698 670 1740 ἐν
691 1697 968 1754 Θεσσαλονίκῃ
989 1698 1225 1753 πέμπουσιν.

287 1762 550 1815 Ἀναστάσιος
575 1765 620 1806 δὲ
648 1764 706 1807 δι’
739 1765 964 1820 ἐπιμελείας
988 1766 1040 1808 τὰ
1070 1765 1267 1820 πολεμικὰ
1289 1762 1509 1822 πράγματα
1528 1762 1620 1819 eike,

156 1832 227 1874 καὶ
271 1830 472 1889 ἄρχοντας
513 1832 674 1883 ἱκανοῦς
717 1832 820 1890 πρὸς
863 1833 940 1884 τὰς
979 1831 1131 1876 τούτων
1170 1831 1385 1887 διοικήσεις
1425 1834 1620 1876 καθίστα.

247 1917 272 1951 2
289 1916 481 1951 Μίδειανῒ
618 1916 666 1952 16
681 1914 903 1961 didym-voe?
1037 1909 1086 1960 ἦν
1109 1912 1150 1950 δὲ
1171 1911 1200 1960 ἢ
1222 1915 1316 1959 τῆς7

151 1983 296 2019 cotibus
320 1984 525 2019 intulerunt.
572 1995 615 2019 ca
639 1989 677 2018 te
698 1990 770 2019 tum
794 1986 839 2019 ab
861 1984 906 2019 iis
928 1984 1057 2019 Medea
1078 1995 1156 2018 cum
1173 1983 1251 2018 aliis
1270 1983 1441 2018 nonnullis
1462 1983 1616 2030 oppidis.

153 2030 295 2064 interim
318 2030 548 2076 Philippicas,
571 2043 610 2066 ce
624 2032 746 2064 ebrato
765 2030 862 2064 urbis
880 2030 989 2064 natali
1006 2034 1113 2075 atque
1129 2030 1285 2074 equestri
1302 2029 1500 2075 spectaculo
1519 2031 1617 2074 dato,

154 2087 231 2110 cum
250 2075 370 2110 amicis
393 2076 530 2122 epulum
551 2076 794 2121 praebuisset,
813 2075 1023 2111 meridiandi
1042 2086 1151 2110 causa
1163 2075 1323 2109 secessit.
1372 2086 1440 2120 quo
1458 2080 1616 2121 tempore

152 2121 258 2156 factis
279 2122 370 2156 hunc
390 2122 428 2156 in
450 2123 586 2156 modum
607 2121 744 2156 insidiis
766 2133 953 2167 oppressus
976 2126 1047 2156 est.
1090 2121 1266 2165 Georgius
1290 2126 1516 2164 cognomento
1539 2122 1612 2156 Bu-

153 2168 304 2212 raphus‚
328 2167 496 2212 patricius
519 2173 556 2202 et
579 2167 814 2212 obsequianis
841 2167 953 2212 copiis
976 2167 1197 2212 praefectus,
1229 2178 1294 2212 per
1310 2166 1397 2201 illud
1418 2171 1554 2220 tempus
1576 2166 1614 2201 in

156 2212 310 2249 Thracia
333 2219 409 2247 erat
428 2213 598 2258 praesidii
617 2225 740 2256 causa,
764 2225 834 2258 quo
858 2225 934 2247 eam
958 2211 1173 2258 provinciam
1196 2225 1219 2247 a
1245 2212 1472 2256 Bulgasorum
1493 2223 1611 2246 incur-

154 2258 255 2293 sione
284 2258 502 2292 defenderet.
550 2259 607 2293 hic
635 2260 745 2303 igitur
775 2259 956 2293 Theodori
981 2258 1145 2304 patricii,
1177 2257 1234 2293 cui
1256 2257 1399 2302 Myacio
1422 2269 1614 2301 cognomen

155 2309 250 2347 erat,
285 2303 430 2337 consilio
457 2304 588 2338 Rufum
609 2306 780 2350 quendam
803 2317 847 2338 ex
870 2304 988 2339 officio
1009 2316 1072 2339 suo
1100 2315 1177 2338 cum
1201 2303 1327 2348 exigua
1348 2314 1450 2337 manu
1470 2305 1613 2348 Byzan-

142 2350 241 2384 -tium
269 2349 394 2394 mittit,
427 2355 466 2383 ut
498 2361 587 2393 quae
618 2356 739 2384 cont-ra
757 2350 991 2396 Philippicum
1012 2349 1122 2384 moliti
1145 2351 1286 2384 fuerant
1307 2349 1505 2394 perficeret.
1553 2348 1613 2383 hic

153 2395 339 2440 repentino
358 2395 489 2440 impetu
507 2396 551 2429 ad
569 2394 734 2440 palatium
751 2396 918 2430 advolans
938 2396 1183 2441 imperatorem
1201 2395 1427 2429 dormientem
1446 2394 1610 2436 offendit3

152 2441 339 2485 statimque
364 2453 385 2474 a
407 2452 527 2474 somno
549 2441 737 2475 excitatum
758 2442 804 2475 ad
822 2441 1099 2487 Hippodromum
1119 2439 1281 2484 deducit,
1304 2439 1365 2474 ubi
1386 2440 1494 2474 oculis
1516 2439 1609 2474 illum

150 2486 308 2531 privavit
330 2498 421 2521 anno
446 2485 522 2520 eius
542 2485 682 2532 imperii
703 2488 870 2521 secundo.
914 2487 1106 2533 postridie,
1141 2498 1216 2520 cum
1237 2490 1460 2539 pentecostes
1481 2487 1608 2520 festum

154 2537 337 2576 ageretur,
372 2532 538 2566 universa
569 2531 691 2578 populi
722 2531 902 2566 multitudo
933 2533 979 2567 ad
1010 2543 1146 2567 sacrum
1176 2531 1289 2565 divini
1318 2531 1420 2565 verbi
1442 2531 1606 2576 templum

155 2579 332 2612 confluens
358 2578 550 2612 Artemium
576 2577 766 2623 Philippici
794 2578 966 2612 notarium
989 2579 1112 2623 (quem
1135 2576 1254 2611 Latini
1277 2588 1300 2610 a
1320 2576 1468 2611 secretis
1491 2577 1601 2612 nomi-

153 2624 260 2667 nant)
282 2623 527 2669 imperatorem
546 2624 759 2669 proclamat,
783 2623 964 2669 eidemque
981 2622 1161 2658 Anastasii
1178 2633 1303 2656 nomen
1318 2622 1478 2668 imponit.
1517 2634 1606 2667 pau—

154 2668 206 2702 cis
236 2669 319 2703 inde
345 2669 468 2704 diebus
501 2670 630 2716 elapsis
664 2668 854 2704 Theodoro
882 2669 1033 2724 patricio
1065 2681 1106 2704 ac
1134 2667 1291 2714 Georgia
1319 2668 1438 2705 oculos
1467 2672 1604 2712 eruunt,

155 2714 313 2760 huncque
334 2715 448 2760 ipsum
469 2715 756 2751 Thessalonicam
778 2714 816 2750 in
836 2714 976 2751 exilium
996 2716 1196 2761 deportant.

243 2762 291 2795 At
311 2761 516 2797 Anastasius
538 2766 633 2797 totus
654 2761 693 2796 in
714 2760 857 2796 bellicas
877 2773 936 2796 res
957 2761 1158 2796 incumbere
1182 2760 1320 2807 coepit,
1350 2764 1390 2795 et
1414 2760 1459 2795 ad
1487 2768 1604 2794 earum

152 2806 486 2844 administrationem
514 2809 621 2844 duces
657 2820 700 2845 ac
728 2807 928 2855 praefectos
953 2819 1055 2853 quam
1082 2805 1246 2852 plurimos
1273 2805 1466 2841 constituit.
1513 2815 1605 2850 quae

1655 477 1686 511 B

1646 1227 1678 1262 C

1627 2587 1662 2610 a.
1685 2575 1753 2611 713
