1890 3224
276 174 342 220 26
487 197 504 211 ν
617 173 982 220 -NIGEPHORUS
1018 175 1360 222 CPOLITANUS

236 343 238 345 ‚
275 287 455 342 δεχθείς.Ἰ
513 286 711 345 τέσσαρας
742 289 787 331 δὲ
819 286 963 343 ἤγαγεν
987 288 1204 347 ἐλέφαντας
1211 321 1225 342 ,
1260 288 1332 340 οὓς
1359 289 1412 345 δὴ
1443 292 1510 335 καὶ
1539 291 1595 344 εἲς
1619 293 1713 344 τοὺς

273 356 457 405 ἱππικοὺς
473 353 628 410 ἀγῶνας
646 355 938 413 ἐθριάμβευσεν
961 357 1024 399 ἐπὶ
1045 362 1095 414 τῇ
1111 363 1182 413 τῆς
1198 356 1350 409 πόλεως
1369 359 1522 417 τέρψει.
1560 359 1714 418 ἡμέρας

155 424 185 458 Ρ
207 425 253 462 16
276 426 319 467 δὲ
340 425 551 474 ἐπινικίους
580 425 644 466 ἐπ’
676 423 902 482 εὐφροσύνῃ
922 423 1030 482 πάσῃ
1050 427 1218 483 δωρεαῖς
1236 426 1564 484 φιλοτιμούμενος
1581 430 1713 472 ἐπετέ-

273 497 346 534 λει.
414 493 547 547 ἐπειδὴ
573 494 615 535 δὲ
636 488 685 548 ἦν
707 491 808 535 ἑλὼν
832 497 904 548 τῆς
928 494 1066 544 οὐσίας
1087 499 1160 549 τῆς
1173 493 1349 550 μεγάλης
1366 496 1573 551 ἐκκλησίας
1580 527 1594 548 ,
1627 498 1714 541 ἐκέ-

274 564 411 602 λευσεν
431 561 474 602 ἐκ
493 566 565 603 τοῦ
586 565 797 614 βασιλικοῦ
818 563 982 616 ταμείου
1009 563 1112 620 αὐτῇ
1132 580 1173 605 τε
1192 565 1260 605 καὶ
1283 563 1449 622 ‘regirat'
1473 564 1597 619 αὐτὴν
1614 563 1747 620 xlvi-5

275 633 333 686 ρῷ
363 626 500 682 ἐτήσια
524 631 718 685 χρήματα
742 630 1004 687 παρέχεσθαι.
1070 633 1137 673 καὶ
1162 631 1263 685 μετὰ
1291 635 1409 674 τοῦτο
1426 631 1717 689 παρασκευάζει

273 698 576 739 Κωνσταντῖνον
593 699 662 740 τὸν
679 698 767 740 υἱὸν
782 697 1016 751 ὑπατεῦσαι,
1045 697 1284 757 εΗράκλειον
1301 701 1346 742 δὲ
1361 700 1431 742 τόν
1450 699 1528 743 ἀπὸ
1546 701 1718 760 Μαρτί-

275 782 346 820 νης
366 766 558 821 Καίσαρα
578 768 877 823 προχειρίζεται.

416 834 477 876 Οὐ
499 834 622 885 πολὺς
650 836 693 877 δὲ
709 833 858 891 χρόνος
886 834 928 876 ἐν
953 835 1085 892 μέσῳ,
1126 836 1193 878 καὶ
1209 836 1438 893 Σαρακηνοὶ
1459 835 1511 879 τὰ
1532 835 1622 894 περὶ
1644 833 1721 888 τὴν

268 899 507 956 Ἀντιόχειαν
529 903 776 958 κατέτρεχον.
845 902 968 953 εὐθὺς
999 905 1042 946 δὲ
1064 901 1303 961 ςΗροίκλειος
1328 905 1401 947 σὺν
1425 905 1618 961 Μαρτίνῃ
1643 910 1775 959 γυ-10

274 972 381 1011 ναικὶ
399 972 465 1012 καὶ
478 969 704 1029 ζΗρακλειίιο
724 976 780 1029 τῷ
797 973 909 1014 παιδὶ
920 970 1020 1027 πρὸς
1033 978 1116 1022 τοῖς
1126 977 1198 1026 τῆς
1215 972 1411 1027 ἀνατολῆς
1424 974 1589 1028 χωρίοις
1605 973 1720 1022 ἐπεξ-

274 1037 349 1094 ῄει.
418 1037 564 1080 αὐτόθι
597 1041 640 1081 δὲ
667 1038 874 1094 γενόμενος
893 1039 1093 1096 Θεοδώρῳ
1119 1045 1177 1097 τῷ
1196 1040 1358 1097 ἀδελφῷ
1377 1041 1589 1097 ὀργίζεται·
1626 1041 1721 1083 ἔπε-

220 1112 251 1147 Β
273 1107 510 1163 ψιθυρίζετο
540 1107 586 1148 δέ
603 1123 682 1149 τισι
703 1109 976 1165 λοιδορεῖσθαι
998 1107 1121 1149 αὐτὸν
1143 1111 1205 1165 τῷ
1224 1111 1390 1160 βασιλεῖ’
1401 1108 1618 1164 Μαρτίνης
1635 1107 1722 1151 ἕνε-

274 1191 354 1225 κεν,
387 1172 629 1228 λε’γονταὸτι
651 1172 830 1231 ἁμαρτία
855 1175 980 1217 αὐτοῦ
1001 1173 1166 1217 ἐνώπιον
1189 1174 1313 1218 αὐτοῦ
1334 1175 1404 1217 διὰ
1423 1173 1585 1226 παντός.
1651 1177 1722 1218 καὶ

275 1242 395 1284 αὐτὸν
425 1244 479 1291 εἷς
501 1240 722 1293 Βυζάντιον
748 1242 977 1285 ἀποστέλλει
985 1273 999 1294 ,
1046 1240 1212 1298 γράψας
1240 1247 1298 1300 τῷ
1323 1243 1400 1301 υἱῷ
1428 1244 1721 1302 Κωνσταντίνῳ
1731 1250 1774 1287 15

272 1314 415 1352 τοῦτον
433 1310 497 1351 ἐπ’
522 1310 802 1366 ἀθροίσματος
822 1313 922 1352 λαοῦ
941 1309 1192 1364 ἆτιμήσαντα
1211 1308 1266 1361 ὡς
1286 1311 1327 1353 ἔν
1349 1315 1513 1370 φρουρᾷ
1531 1308 1722 1367 κατέχεινῗ.

273 1375 497 1433 στρατηγόν
526 1395 567 1420 τε
598 1379 794 1433 ἀνατολῆς
823 1379 1009 1432 ἐκπέμπει
1032 1377 1246 1436 Θεόδωρον
1266 1382 1347 1422 τῶν
1369 1383 1589 1434 βασιλικῶν
1612 1396 1722 1437 χρη-

271 1445 411 1500 μάτων
429 1448 601 1499 ταμίαν,
629 1446 675 1489 τὸ
697 1448 857 1501 ἐπίκλην
882 1444 1121 1504 Τριθύριον.
1189 1448 1358 1504 Σέργιος
1378 1447 1455 1505 γὰρ
1476 1446 1498 1490 ὅ
1518 1447 1621 1490 κατὰ
1640 1451 1721 1491 Νι-

272 1514 396 1569 κήταν
417 1519 579 1573 τελευτᾷ
600 1513 733 1571 τρόπῳ
755 1517 908 1572 τοιῷδε.
977 1514 1158 1569 κάμηλον
1180 1516 1218 1557 οἱ
1233 1518 1462 1572 Σαρακηνοὶ
1482 1516 1722 1572 ἀποδείραν-

272 1599 337 1631 τες
354 1587 495 1624 τοῦτον
517 1584 835 1637 ἒγκατακλειόυσι
855 1587 906 1638 τῇ
929 1585 1032 1640 δορᾷ
1058 1584 1124 1624 καὶ
1149 1583 1408 1639 ἔπε’ρραπτον.
1475 1588 1547 1637 τῆς
1565 1583 1776 1640 βύρσηςΞΟ

272 1646 343 1692 οὖν
363 1651 674 1704 κατεσκληκυίας
693 1651 1044 1707 συναπεξηραίνετο
1069 1651 1136 1691 καὶ
1155 1648 1175 1691 ὅ
1201 1650 1311 1700 ἐντὸς
1333 1651 1637 1708 ἆπομαρανθεὶς
1654 1670 1723 1693 πι-

273 1723 380 1775 κρῶς
404 1717 582 1765 διώλετο.
649 1718 779 1760 αἶτίαν
811 1718 856 1760 δὲ
888 1718 999 1777 αὐτῷ
1028 1717 1174 1773 ἐπῆγον
1199 1716 1256 1769 ὥς
1283 1718 1403 1770 αὐτὸς
1435 1718 1723 1778 παρεσκεύαζεν

366 1868 412 1905 16
435 1865 513 1915 οἷς]
533 1865 655 1909 tems?
790 1869 834 1904 18
852 1864 971 1912 μετὰῖ
1103 1868 1150 1904 21
1174 1861 1197 1903 o‘
1220 1863 1324 1910 ἐντός
1347 1867 1440 1905 nal?

272 2003 368 2038 illum
392 2003 567 2051 elephanti
584 2004 777 2049 vehebant3
808 2015 896 2050 quos
921 2003 1066 2051 insuper
1089 2004 1134 2040 ad
1153 2003 1273 2050 populi
1294 2003 1507 2051 voluptatem
1527 2003 1618 2040 ludis
1641 2004 1722 2040 Cir-

273 2049 436 2084 censibus
458 2051 623 2086 traduxit.
671 2051 752 2086 inde
776 2051 945 2086 solemnes
979 2053 1023 2086 ob
1054 2050 1235 2085 victoriam
1267 2050 1343 2085 dies
1377 2050 1555 2085 celebrans
1578 2062 1722 2086 munera

272 2096 430 2140 ingentia
450 2096 596 2141 largitus
624 2102 690 2132 est.
738 2098 831 2142 quod
861 2103 974 2132 autem
1005 2108 1149 2142 magnae
1176 2095 1343 2130 ecclesiae
1363 2097 1455 2130 bona
1478 2101 1721 2150 usurpaverat,

274 2141 458 2186 quotannis
483 2143 562 2177 huic
585 2143 729 2188 eiusque
751 2143 844 2177 clero
866 2148 995 2178 certam
1015 2155 1058 2177 ex
1080 2143 1164 2176 fisco
1194 2141 1374 2186 pecuniam
1400 2152 1574 2176 numerari
1603 2141 1720 2176 iussit.

271 2187 354 2221 inde
382 2189 646 2223 Constantinum
677 2188 784 2223 filium
818 2189 992 2224 consulem
1020 2188 1123 2223 facit:
1154 2186 1354 2222 Heraclium
1386 2199 1471 2222 vero
1505 2199 1549 2222 ex
1569 2187 1723 2223 Martina

272 2234 426 2279 genitum
446 2234 631 2268 Caesarem
648 2239 758 2268 creat.

125 2289 160 2314 a.
184 2278 251 2314 631
362 2279 547 2324 Aliquanto
577 2284 658 2324 post
687 2284 844 2323 tempore
867 2278 1036 2314 Saraceni
1057 2277 1307 2313 Antiochenum
1339 2290 1458 2323 agrum
1532 2277 1722 2324 palabundi

274 2330 492 2371 percurrunt.
540 2336 647 2369 quare
665 2325 846 2359 Heraclius
869 2337 945 2359 cum
967 2325 1121 2359 Martina
1145 2325 1292 2370 coniuge
1315 2324 1351 2358 et
1368 2290 1531 2358 Heraciiii
1552 2324 1623 2358 filio
1640 2335 1721 2359 rur-

274 2383 349 2405 sum
371 2371 408 2405 in
427 2370 606 2405 Orientem
628 2371 873 2416 proficiscitur.
921 2371 981 2405 ubi
1005 2375 1040 2404 et
1064 2371 1251 2404 Theodoro
1275 2370 1378 2404 fratri
1400 2370 1611 2414 succensuit,
1633 2370 1721 2405 clam

275 2428 297 2450 a
314 2417 483 2451 nonnullis
509 2417 634 2459 delato,
659 2418 751 2462 quod
768 2423 913 2462 propter
930 2417 1116 2451 Martinam
1139 2416 1175 2450 in
1197 2417 1439 2461 imperatorem
1461 2417 1590 2461 probra
1607 2415 1719 2450 conii-

276 2467 393 2506 ceret‚
428 2475 470 2497 ac
492 2475 598 2509 saepe
616 2462 699 2497 illud
721 2467 906 2508 usurparet
929 2462 1076 2505 (Psalm.
1098 2462 1178 2507 50),
1214 2468 1394 2507 peccatum
1412 2461 1486 2496 eius
1505 2473 1620 2496 coram
1641 2461 1720 2506 ipso

128 2514 162 2538 a·
187 2499 256 2538 634
277 2519 356 2541 esse
383 2520 531 2554 semper.
578 2509 668 2543 hunc
694 2508 802 2554 igitur
835 2508 970 2554 Cpolim
1000 2508 1106 2543 mittit
1135 2520 1211 2543 cum
1243 2507 1355 2542 literis
1384 2508 1429 2542 ad
1457 2507 1722 2542 constantinum

275 2553 405 2597 filium,
430 2555 554 2599 quibus
572 2555 713 2589 iubebat
733 2560 771 2588 ut
792 2554 886 2588 illum
908 2555 944 2588 in
967 2555 1132 2589 concione
1155 2555 1356 2599 productum
1381 2558 1484 2598 atque
1505 2553 1542 2587 in
1565 2552 1722 2587 ordinem

275 2599 451 2634 redactum
473 2607 632 2647 tanquam
655 2601 693 2635 in
715 2601 873 2636 custodia
893 2601 1050 2635 haberet.
1098 2600 1224 2635 deinde
1249 2599 1473 2633 Theodorum
1496 2598 1624 2633 aerarii
1644 2597 1721 2643 pri-

272 2644 347 2679 vati
371 2645 546 2690 comitem,
581 2650 806 2692 cognomento
839 2647 1075 2691 Trithurium,
1111 2647 1232 2680 ducem
1256 2644 1396 2678 Orienti
1424 2644 1595 2689 praeficit.
1641 2655 1720 2678 nam

273 2691 437 2736 Sergius,
471 2692 528 2736 qui
558 2693 707 2728 Nicetae
729 2698 884 2738 tempore
908 2693 1078 2738 praefuit,
1113 2692 1179 2726 hoc
1208 2691 1308 2725 modo
1339 2689 1505 2736 perierat.
1552 2688 1720 2724 Saraceni

273 2737 437 2772 camelum
459 2737 549 2783 pelle
572 2740 786 2774 denudantes
814 2739 851 2772 in
879 2739 967 2773 hanc
990 2738 1150 2783 Sergium
1172 2737 1352 2771 includunt
1378 2747 1419 2770 ac
1440 2740 1623 2770 consuunt.
1668 2734 1720 2768 it·

273 2782 451 2818 desiccata
472 2783 574 2830 pelle,
598 2796 666 2820 una
690 2790 726 2819 et
748 2783 808 2832 qui
829 2784 982 2819 inclusus
1001 2789 1093 2828 erat,
1119 2784 1368 2818 contabescens
1387 2781 1551 2826 paulatim
1574 2780 1718 2816 misera-

274 2829 337 2864 bili
361 2835 471 2866 morte
493 2831 671 2866 consectus
696 2835 764 2867 est.
810 2830 939 2877 quippe
974 2831 1041 2866 hoc
1062 2830 1114 2865 illi
1136 2828 1265 2864 crimen
1288 2827 1512 2873 obiecerant,
1543 2830 1720 2862 auctorem
