1890 3224
537 171 613 214 AD
647 171 1019 218 NICEPHORUM
1051 171 1253 216 NOTAE.
1558 172 1624 219 99

474 281 534 320 A.
566 282 608 319 d.
639 283 742 331 628,
770 283 931 321 Indica·
952 284 996 333 1,
1023 282 1211 320 Heraclii
1239 284 1313 331 18,

217 342 312 387 post
338 349 415 373 cos.
450 337 523 387 16,
562 338 749 376 Heraclii
772 341 859 377 iun.
894 341 968 388 16,
1012 339 1120 391 cyclo
1147 339 1243 377 solis
1266 340 1342 387 21,
1381 339 1504 378 lunae
1524 343 1566 382 2.

280 412 474 454 Chosroes
500 415 658 468 fugiens
685 416 895 456 Merdasen
918 418 1047 456 filium
1067 426 1199 471 spreto
1219 418 1333 457 Siroe
1354 431 1622 458 successorem

168 469 361 522 designat.
1630 520 1634 526 Ι

280 528 336 565 Ob
366 526 410 564 id
436 528 549 566 Siroe
573 529 724 567 maiore
745 536 843 567 natu
862 529 943 568 filio
967 543 1013 568 ac
1030 532 1243 570 Persarum
1259 532 1505 584 principibus
1524 544 1621 570 con-

166 583 406 634 spirantibus
428 591 564 636 captus
585 598 631 622 ac
650 586 928 624 miserabiliter
949 589 1099 626 occisus
1119 595 1178 626 est
1194 589 1308 626 Febr.
1326 589 1381 630 28
1401 587 1480 626 die.

162 690 168 695 .
278 640 412 678 Siroes
434 642 481 678 ab
500 642 682 680 Heraclio
700 655 842 694 pacem
858 645 1064 694 impetrat3
1095 646 1163 698 qui
1181 646 1316 683 literas
1335 644 1384 682 de
1405 645 1522 683 rebus
1539 658 1562 682 a
1578 658 1623 682 se

164 695 285 746 gestis
305 694 356 733 ad
376 697 447 735 SP
459 699 490 744 Q
503 698 532 735 C
550 699 685 737 mittit.
742 712 812 737 eae
841 699 890 741 15
916 702 1014 739 Maii
1035 702 1123 753 ipsa
1145 699 1209 739 die
1227 708 1475 754 pentecostes
1491 704 1534 739 in
1554 714 1623 739 ec-

165 752 286 790 clesia
309 754 520 803 perlectae.

273 808 428 846 Eodem
455 823 557 848 anno
584 811 790 849 Heraclius
815 812 973 863 Cpolim
998 813 1228 863 revertitur,
1263 826 1390 866 eoque
1414 826 1621 851 sacrosan-

163 869 268 901 ctam
301 864 451 903 domini
483 880 638 904 crucem
664 874 916 919 transportat.
973 882 1095 922 quam
1114 871 1348 924 insequente
1369 884 1461 909 vere
1483 869 1622 921 profe-

162 926 248 959 ctus
268 923 555 974 Hierosolymis
573 924 757 961 restituit.

272 979 476 1016 Postremo
498 993 549 1016 ne
572 978 668 1030 quid
689 986 982 1030 praetereamus
1006 981 1114 1034 quod
1140 981 1192 1020 ad
1212 980 1490 1020 illustrandam
1514 980 1619 1018 hanc
1639 982 1668 1017 P
1690 983 1736 1018 58

159 1031 366 1070 historiam
388 1036 603 1085 pertineat,
633 1037 806 1073 Heraclii
823 1036 969 1075 liberos
982 1066 992 1084 ,
1022 1051 1192 1090 quorum
1210 1038 1373 1091 quidem
1392 1038 1500 1090 apud
1520 1039 1621 1076 scri-

158 1095 288 1141 ptores
306 1091 455 1128 mentio
471 1091 536 1139 fit,
568 1089 645 1128 hoc
665 1092 753 1129 loco
773 1092 1043 1131 subiiciemus.

360 1175 520 1212 Eudocia
550 1154 710 1208 Eudocia
723 1156 795 1210 sine
809 1156 841 1189 Ε
869 1156 1025 1210 iphania:
1052 1159 1195 1211 Nicep-h.
1210 1169 1248 1202 p.
1266 1159 1309 1213 18ο
1333 1159 1378 1194 16
1393 1163 1428 1194 et
1441 1158 1485 1192 25
1506 1158 1540 1192 4.

328 1176 350 1448 ἓ
550 1199 733 1235 Herachus
747 1212 819 1236 ave
866 1206 1084 1236 onstantmus
1099 1214 1227 1238 mmor.
1255 1204 1400 1250 Ntceph.
1412 1216 1452 1250 p.
1469 1205 1493 1239 6
1515 1203 1572 1238 13.

158 1267 316 1302 Heraclii

158 1312 222 1347 filii
271 1325 315 1348 ex
554 1267 840 1358 gffgdddsiuside
854 1293 972 1338 quim
986 1293 1132 1338 Niceph'
1145 1304 1184 1339 Ρ·
1201 1294 1247 1328 16
1270 1295 1326 1330 16·

554 1359 816 1395 Constantinus.
849 1362 1021 1396 Gedrenus
1036 1366 1071 1396 ct
1089 1362 1321 1408 Theophanes.

359 1425 399 1460 Μ
399 1426 514 1463 anina
550 1405 750 1486 ggziiglius.
780 1407 976 1452 Nicephp.
994 1408 1039 1443 17
1060 1408 1119 1444 22.

550 1453 912 1631 ffigl'lssffia}1vecepn.
925 1532 962 1567 p.
978 1521 1022 1556 31
1050 1523 1082 1565 1,
1098 1521 1133 1565 2,
1149 1521 1183 1556 s.

549 1587 702 1623 Martina

265 1647 428 1683 Praeter
457 1646 554 1683 istos
586 1647 685 1684 alios
706 1647 825 1684 etiam
844 1647 1063 1698 suscepisse
1080 1646 1226 1686 liberos
1243 1646 1419 1696 videtur,
1447 1661 1493 1686 ac
1513 1649 1616 1687 filias

154 1702 297 1740 saltem
321 1700 433 1739 duas.
461 1700 707 1753 Nicephorus
729 1703 836 1739 enim
855 1715 895 1753 p.
907 1704 961 1743 25
992 1704 1020 1742 7
1040 1704 1282 1751 Heraclium,
1304 1703 1401 1740 dum
1420 1704 1551 1742 adhuc
1571 1707 1614 1741 iu

153 1757 318 1795 Perside
346 1764 538 1806 moratur,
580 1756 679 1796 duos
712 1759 891 1795 amisisse
919 1759 1021 1796 filios
1049 1758 1296 1811 totidemque
1327 1760 1429 1797 filias
1464 1768 1614 1798 narrat.

154 1827 276 1866 quare
304 1821 350 1851 ut
377 1815 574 1852 masculos
598 1815 735 1852 ambos
755 1815 938 1851 Flavium
959 1827 1004 1851 ac
1028 1813 1304 1853 Theodosium
1327 1828 1414 1853 esse
1435 1819 1615 1868 suspice-

152 1884 262 1919 mur,
287 1870 387 1908 filias
414 1871 554 1908 saltem
577 1871 625 1907 ab
646 1872 868 1922 Augustina
892 1877 932 1907 et
951 1872 1122 1908 Martina
1140 1870 1316 1910 diversas
1335 1880 1490 1923 oportet
1510 1886 1610 1921 esse,

153 1940 246 1964 cum
262 1924 335 1964 has
355 1928 463 1978 ipsas
484 1926 699 1979 aliquando
718 1933 855 1979 postea
872 1933 1050 1979 tempore
1067 1929 1268 1978 Augustas
1286 1929 1506 1980 appellatas
1525 1943 1612 1967 esse

151 1985 352 2034 scripserit
373 1996 413 2034 p.
435 1984 487 2023 31
519 1986 558 2025 3·

264 2038 329 2077 Ad
349 2037 423 2077 hos
442 2052 580 2077 omnes
602 2037 845 2076 adjiciendus
865 2045 924 2077 est
943 2040 1134 2078 naturalis
1149 2039 1257 2078 filius
1270 2041 1440 2079 Ioannes
1462 2054 1612 2093 cogno-

150 2103 286 2133 mento
306 2095 556 2133 Atalarichus
569 2125 579 2143 ‚
610 2095 660 2132 de
679 2107 756 2146 quo
777 2109 816 2147 p.
836 2097 892 2136 20
916 2094 957 2136 5.

265 2151 346 2190 Sed
371 2153 455 2189 iam
476 2153 525 2190 ab
548 2152 721 2189 Heraclii
739 2152 990 2203 imperatoris
1007 2150 1171 2190 historia
1191 2165 1353 2204 operam
1374 2159 1549 2190 nostram
1565 2153 1610 2190 in

150 2205 385 2246 historicum
401 2210 534 2260 ipsum
553 2209 849 2247 transferamus.

262 2323 303 2360 p-
327 2311 353 2350 3
380 2322 419 2347 v·
443 2310 482 2349 9·
540 2307 597 2357 (ἇς
632 2307 741 2362 παρὰ
772 2313 933 2359 πολλοῖς
966 2307 1158 2365 ᾂδεσθαι]
1204 2309 1347 2349 eadem
1375 2310 1459 2348 fere
1488 2310 1610 2347 verba

152 2371 244 2403 sunt
273 2363 379 2416 apud
406 2363 698 2416 Theophanem
740 2366 808 2418 (p.
837 2366 921 2410 248
955 2369 984 2404 C
1015 2367 1077 2405 ed.
1104 2367 1270 2416 Paris.).
1334 2365 1454 2403 huius
1480 2367 1608 2404 furiae

150 2434 280 2459 mores
312 2434 407 2472 prae
439 2423 576 2460 ceteris
597 2423 900 2472 elegantissimis
917 2424 1096 2462 versibus
1117 2424 1313 2474 expressit
1329 2423 1608 2460 Constantinus

151 2479 367 2516 Manasses.

263 2533 317 2571 ib.
354 2547 393 2572 v.
431 2536 495 2575 11.
553 2531 614 2574 διὸ
644 2531 801 2584 οἱπερὶ
829 2531 904 2587 τὴν
931 2531 1118 2587 Λιβύην]
1159 2532 1311 2571 addunt
1329 2531 1609 2585 *Theophanes

151 2591 327 2628 Zonaras
359 2591 639 2628 Constantinus
672 2596 710 2627 et
742 2591 811 2627 alii
842 2603 865 2628 a
898 2592 1143 2630 senatoribus
1164 2591 1332 2642 ipsoque
1356 2589 1456 2628 adeo
1472 2592 1607 2627 Prisco

151 2644 308 2683 Phocae
348 2659 493 2697 genero
533 2647 773 2684 solicitatum
801 2645 853 2683 ad
879 2646 1142 2686 defectionem
1178 2646 1407 2684 Heraclium
1432 2647 1607 2683 Heraclii

150 2703 398 2753 imperatoris
415 2709 604 2753 patrem,
633 2703 790 2741 Africae
814 2704 1058 2754 praefectum
1072 2733 1082 2752 ,
1113 2704 1222 2741 cuius
1241 2709 1328 2741 tum
1347 2703 1502 2754 legatus
1525 2708 1608 2739 erat

151 2759 346 2809 Gregoras
379 2760 580 2810 patricius.
639 2757 711 2797 sed
741 2758 848 2811 quod
877 2767 1011 2798 noster
1029 2760 1236 2798 amborum
1254 2759 1400 2797 liberos
1418 2760 1504 2809 pari
1521 2760 1608 2795 iure

152 2814 202 2852 ad
220 2828 332 2866 spem
350 2816 507 2866 imperii
524 2817 666 2855 missos
688 2816 844 2867 Cpolim
868 2818 1026 2867 asserit,
1055 2817 1286 2856 Heraclium
1309 2817 1507 2860 maritimo
1534 2815 1608 2852 Ni-
