1838 3210
243 170 311 218 76
816 171 896 216 DU
930 166 1118 216 CANGII

279 326 281 330 ¹
359 282 423 324 19.
479 283 587 330 Quae
619 293 735 334 porro
769 280 821 320 ad
848 282 1039 320 orientem
1068 286 1226 320 exstant
1253 280 1477 335 pyramides
1506 280 1559 321 ad
1581 281 1693 322 aedis

242 338 409 390 angulos
431 341 657 386 exteriores,
689 339 877 376 excitavit
897 338 1145 377 Andronicus
1162 339 1422 390 Palaeologus
1439 341 1581 388 senior,
1612 353 1692 392 quo

241 402 373 446 partes
390 396 528 445 templi
547 395 780 432 orientalem
798 402 837 432 et
856 397 1202 448 septentrionalem
1219 397 1374 432 ruinam
1391 409 1436 433 ac
1458 409 1594 434 casum
1611 397 1693 434 mi-

238 453 410 489 nitantes
431 451 600 488 fulciret.
658 450 701 488 id
718 452 896 502 pluribus
920 459 1053 490 narrat
1070 450 1314 502 Nicephorus
1332 453 1523 503 Gregoras
1543 453 1692 490 Histor.

240 508 311 545 lib.
332 511 380 549 7:
410 505 558 558 ἤκουσε
584 522 660 560 γαρ
690 505 799 560 παραὶ
828 523 908 548 των
938 509 1113 575 δοκίμων
1146 504 1368 559 οἰκοδόμων
1395 523 1450 556 ως
1471 512 1527 562 τῷ
1551 524 1690 578 μακρῳ

239 559 388 632 χρόνῳ
398 559 570 614 καμόντα
596 563 800 616 σννίζησιν
823 560 870 604 τοέ
898 560 974 605 δυο
993 561 1121 604 αὐτοῦ’
1144 561 1419 605 ἐπεπόνθεσαν
1441 563 1558 616 μέρη,
1586 562 1631 605 τό
1650 579 1693 604 τε

239 615 342 671 πρὸς
370 615 540 687 ἄρκτους
559 617 664 671 ὅρων
686 619 756 660 καὶ
776 620 831 660 ἔτι
850 617 948 673 πρὸς
964 618 1035 668 τοίς
1057 617 1252 667 ἀνατολὰς
1271 619 1555 688 τετραμμένον,
1586 618 1613 660 ἃ
1638 617 1691 673 δὴ

238 688 390 715 πτωσιν
409 671 617 716 ἀπειλοῦσι
636 680 813 728 ταχεῖαν,
846 677 882 717 εἰ
899 693 953 728 μη
974 674 1276 729 συνεπιλάβοιτό
1294 689 1373 724 τις·
1401 673 1499 717 ’ὅθεν
1515 675 1693 728 χιλιοῖδας

238 728 494 782 νομισμάτων
514 727 590 772 ου”κ
606 728 739 786 ὀλίγας
760 737 844 780 τοῖς
862 730 1126 785 οἰκοδόμοις““
1103 749 1130 774 ο
1146 730 1330 785 βασιλευς
1353 730 1532 780 δεδωκως
1551 732 1595 773 ἐκ
1610 736 1696 773 ταῖν

238 790 309 839 τῆς
337 788 549 856 δεσποίνης
569 804 779 842 χρηματων
796 786 872 837 τὰς·
885 788 1091 860 ὁρωμένας
1108 786 1252 836 ταυτας
1273 788 1315 829 ἐκ
1336 788 1501 857 βαθέων
1521 804 1602 829 των
1618 794 1695 829 θε-

239 844 385 896 μελίων
418 839 603 897 ανήγειρε
633 846 886 899 πυραμίδας,
921 842 979 886 δι’
1008 862 1066 886 ων
1094 843 1282 899 κρατιστα
1306 860 1382 886 τον
1402 841 1697 898 ἀπειλούμενον

238 900 374 952 ἔστησε
395 901 598 942 κίνδυνον.

350 959 423 997 20
475 958 580 994 Ante
616 957 758 1009 templi
798 955 998 1009 Sophiani
1023 957 1287 1006 vestibulum,
1327 955 1574 1010 proindeque
1602 963 1695 994 ante

241 1011 505 1050 occidentales
526 1014 720 1064 porticus,
751 1021 906 1065 prostat·
921 1013 1112 1067 quadrata
1134 1015 1275 1064 ingens
1297 1025 1407 1051 area:
1435 1015 1567 1065 placet
1587 1015 1696 1051 enim

239 1070 349 1107 illius
368 1069 672 1120 descriptionem
692 1068 768 1107 hoo
786 1071 874 1108 l'oco
895 1072 1074 1122 exsequi,
1099 1072 1330 1122 priusquam
1347 1071 1544 1122 templum
1562 1071 1699 1121 ipsum

240 1126 473 1174 subeamus,
505 1139 596 1163 cum
626 1126 812 1164 vestibuli
843 1128 1100 1178 praecipuum
1133 1128 1184 1165 sit
1213 1133 1503 1164 ornamentum.
1561 1138 1696 1163 aream

240 1182 359 1220 istam
380 1195 452 1220 seu
474 1183 618 1219 atrium
639 1189 822 1234 quattuor
839 1184 1054 1234 porticibus
1075 1181 1362 1221 circumdatum
1383 1179 1510 1235 αὐλῆς
1533 1183 1696 1221 nomine

239 1236 362 1277 donat
381 1239 629 1277 Silentiarius
649 1245 757 1290 part.-
771 1242 798 1281 2
820 1252 858 1277 v.
884 1239 985 1282 174.

453 1293 634 1364 τέτρασιν
653 1292 875 1360 αἰθούσῃσι
893 1296 1135 1363 περίδρομον
1153 1292 1273 1346 όψεαι
1290 1289 1455 1346 αυλήν,

458 1365 516 1390 ων
533 1351 605 1402 μία
628 1348 701 1402 μὲν
717 1348 894 1402 νάρθηκι
913 1364 1171 1400 συναπτεται,
1202 1350 1248 1391 αἳ
1260 1365 1304 1403 γε
1323 1347 1396 1417 μὲν
1415 1347 1532 1391 ὄὶλλαι

457 1405 704 1458 πεπταμέναι
721 1406 928 1447 τελέθουσι
946 1405 1242 1458 πολυσχιδὲεσσι
1258 1402 1480 1454 κελευθοις.

238 1462 309 1500 ubi
331 1462 622 1500 observandum
646 1465 883 1501 exteriorem
903 1464 1089 1502 vestibuli
1111 1464 1307 1514 porticum
1333 1461 1392 1499 ad
1411 1462 1500 1499 atrii
1523 1461 1698 1512 porticus

237 1520 478 1570 pertinuisse
491 1548 501 1567 ,
531 1520 566 1556 si
580 1532 660 1556 non
683 1526 721 1556 et
743 1521 859 1556 tertia
881 1520 978 1568 fuit,
1010 1518 1149 1571 quod
1139 1532 1220 1555 iam
1240 1520 1490 1556 monuimus:
1521 1518 1699 1569 alioquin

239 1577 385 1612 atrium
410 1573 658 1625 Sophianum
675 1575 799 1612 tribus
820 1581 975 1612 tantum
995 1576 1234 1612 constitisset
1250 1575 1478 1625 porticibus,
1508 1586 1589 1610 non
1605 1586 1698 1611 vero

240 1638 426 1683 quattuor
437 1660 447 1679 ,
477 1629 723 1683 proindeque
741 1643 827 1667 non·
840 1627 1100 1682 τετράστυλον
1117 1630 1258 1667 fuisset
1276 1630 1349 1667 velt
1361 1630 1700 1681 quadriporticus,

240 1687 312 1725 sed
335 1688 576 1737 triporticus,
605 1689 663 1724 uti
683 1685 878 1724 eiusmodi
896 1689 994 1724 atria
1014 1686 1197 1724 dicuntur
1215 1687 1423 1724 Anastasio
1441 1687 1483 1722 in
1501 1686 1542 1723 S.
1561 1686 1699 1723 Hilaro

238 1746 329 1780 PP:
363 1743 630 1794 nymphaeum
658 1750 695 1780 et
719 1744 966 1793 triporticum
993 1750 1085 1780 ante
1113 1743 1328 1779 oratorium
1359 1743 1402 1779 S.
1439 1743 1594 1786 Crucis,
1624 1749 1699 1779 etc.

240 1800 436 1837 Eusebius
468 1799 517 1836 de
546 1801 628 1837 vita
656 1801 901 1837 Constantini
921 1803 946 1840 3
979 1798 1033 1840 34
1062 1798 1111 1835 de
1134 1800 1239 1836 atrio·
1252 1799 1392 1849 templi
1412 1798 1702 1849 Hierosolymi-

241 1857 352 1893 tani:
383 1859 550 1908 μακροῖς
572 1850 829 1908 περιδρόμοις
850 1857 981 1896 στοῶν
1001 1854 1045 1895 ἐκ
1064 1851 1303 1908 τριπλεύρου
1319 1850 1609 1908 περιεχόμενον.
1661 1860 1702 1892 et

242 1911 430 1951 Sidonius
449 1913 564 1963 epist.
586 1914 613 1952 2
640 1913 717 1952 10:

460 1968 556 2006 huie
578 1975 634 2004 est
650 1969 831 2018 porticus
850 1966 1056 2017 applicata
1076 1965 1238 2016 triplex,

450 2024 668 2076 fulmentis
687 2023 946 2075 Aquitanicis
965 2021 1154 2072 superba,

460 2081 520 2117 ad
538 2082 651 2118 euius
675 2082 869 2130 specimen
891 2080 1097 2116 remotiora

461 2136 659 2173 claudunt
680 2137 788 2172 atria
806 2137 985 2186 porticus
1005 2132 1213 2171 secundae.

245 2191 387 2231 eadem
405 2204 520 2242 porro
539 2188 667 2243 αυλῆς
685 2193 948 2243 appellatione
970 2189 1165 2228 donantur
1180 2186 1376 2226 eiusmodi
1394 2201 1508 2226 areae
1529 2202 1600 2227 seu
1620 2189 1701 2226 im-

244 2250 383 2301 pluvia
412 2255 502 2285 ante
531 2244 650 2286 aedes
678 2261 807 2286 sacras
838 2260 861 2284 a
890 2247 1081 2297 Procopio
1106 2244 1155 2282 de
1178 2243 1311 2283 Aedif.
1340 2249 1361 2285 1
1392 2249 1418 2287 7
1449 2253 1489 2283 et
1518 2247 1567 2294 8,
1601 2245 1627 2286 5
1657 2247 1701 2286 6.

244 2305 389 2358 αἴθρια
417 2303 600 2342 dicuntur
627 2304 799 2342 Eusebio
826 2302 877 2340 de
898 2305 979 2340 vita
999 2304 1199 2340 Constant.
1221 2304 1246 2342 3
1277 2298 1331 2341 34
1361 2308 1399 2339 et
1428 2304 1504 2350 38,
1534 2308 1572 2339 et
1596 2303 1701 2339 Hist.

245 2362 299 2403 10
324 2361 373 2410 4,
406 2362 504 2413 quia
528 2360 584 2408 εἰς
611 2357 686 2412 τὴν
711 2363 785 2400 τοῦ
811 2355 990 2410 ουρανοῦ
1019 2355 1196 2409 κατοψιν
1222 2355 1399 2408 λαμπρὸν
1423 2356 1492 2397 καὶ
1517 2362 1603 2405 ταῖς
1629 2359 1702 2397 τοῦ

245 2415 380 2467 φωτὸς
404 2415 557 2458 ἀκτῖσιν
580 2412 790 2468 ανειμένον
815 2412 912 2468 οἷέρα
936 2415 1148 2467 praebent,
1177 2421 1222 2452 ut
1245 2413 1353 2450 idem
1379 2415 1546 2466 scriptor
1567 2415 1702 2467 loqui-

244 2480 323 2513 tur.
379 2474 573 2525 impluvia
593 2474 783 2510 Paulinus
803 2475 892 2510 Nat.
914 2473 966 2512 10
986 2485 1032 2509 ea
1054 2473 1151 2508 atria
1175 2470 1371 2522 appellat.

464 2530 554 2567 istic
568 2528 789 2580 porticibus
807 2528 887 2566 late
909 2527 1155 2565 circumdata
1177 2527 1309 2578 longis·

465 2585 660 2624 vestibula
679 2585 870 2636 impluvio
890 2586 998 2622 tectis
1017 2590 1241 2621 reserantur
1258 2589 1411 2632 aperto,

466 2650 505 2679 et
521 2642 644 2680 simul
659 2649 769 2679 astra
791 2641 933 2688 oeulis,
962 2639 1202 2692 ingressibus
1221 2640 1328 2676 atria
1346 2638 1549 2689 pandunt.

250 2698 412 2736 semitae
431 2710 524 2737 vero
541 2700 640 2737 istae
658 2699 919 2750 multiplices,
951 2696 998 2734 de
1017 2697 1170 2764 quibus
1177 2696 1446 2743 silentiarius,
1474 2695 1598 2746 portis
1618 2694 1703 2731 ele-

251 2754 435 2805 gentibus
451 2754 747 2804 claudebantur,
776 2767 875 2807 quas
890 2748 1029 2821 θύρας
1047 2748 1269 2805 μεσαύλους
1287 2758 1401 2789 vocat
1420 2764 1501 2788 non
1520 2763 1599 2788 uno
1617 2750 1704 2788 1000

254 2810 361 2848 idem
385 2812 623 2865 Procopius,
654 2807 819 2861 αὐλίους
842 2806 973 2859 πύλας
997 2809 1192 2849 Eusebius
1222 2807 1271 2847 de
1297 2809 1379 2847 vita
1410 2809 1544 2846 Const.
1572 2807 1600 2848 3
1636 2807 1704 2849 88·
