1838 3210
521 200 856 244 DESCRIPTIO
891 201 934 244 S.
967 201 1218 245 SOPHIAE.
1530 199 1593 246 81

142 313 361 366 praeclare
372 312 533 350 omnino
558 312 726 349 refertur
747 324 770 349 a
793 312 835 350 S.
857 314 1004 350 Ioanne
1023 311 1304 364 Chrysostomo
1323 311 1428 349 Orat.
1450 309 1499 347 de
1520 310 1594 349 ba-

142 372 290 423 ptismo
331 367 497 417 Christi,
537 370 607 421 qui
637 369 784 406 festum
814 367 927 406 istud
949 382 1104 407 sacrum
1129 367 1442 420 Epiphaniorum
1472 366 1594 416 diem,

143 425 310 478 proinde
340 438 519 463 mensem
546 426 838 478 χρυσοχίτωνα
835 427 1073 463 Ianuarium
1103 426 1225 463 fuisse
1253 425 1442 475 coarguit.
1499 422 1596 461 huic

145 490 278 521 autem
297 484 425 520 mensi
442 483 619 520 fortassis
637 481 679 519 id
701 480 866 533 epitheti
883 482 1020 519 tribuit
1039 482 1288 520 Silentiarius
1304 454 1368 520 obD
1371 494 1492 532 rogas
1508 493 1598 517 ma-

146 541 395 591 gistratuum,
427 546 496 576 aut
514 540 634 576 xenia
651 545 689 575 et
704 545 855 577 strenas
871 539 1016 590 quibus
1036 537 1294 586 donabantur,
1322 539 1479 589 ipsique
1498 536 1598 574 adeo

144 597 364 647 principes3
394 597 461 633 vel
477 601 579 633 certe
598 597 691 647 quia
712 608 759 633 eo
777 608 915 633 mense
935 597 1210 646 magistratum
1230 595 1382 632 inibant
1402 594 1597 641 consules,

146 659 187 689 et
210 653 495 721 χρυσοχίτωνες
514 653 556 689 in
579 652 785 703 publicum
807 650 1085 703 procedebant.
1144 649 1288 689 dicitur
1317 652 1425 688 enim
1453 652 1600 687 Ianua-

146 710 227 746 rius
259 705 339 760 μὴν
360 706 546 758 ὑπάτων,
576 710 719 745 mensis
741 709 964 754 consulum,
993 710 1034 745 iu
1054 706 1216 746 Anthol.
1237 709 1265 745 l.
1286 709 1309 748 1
1331 705 1489 758 p-124·
1549 705 1599 744 de

145 778 316 816 quorum
342 765 590 816 processibus
618 771 740 815 agunt
765 766 930 803 Novella
959 766 1167 803 Iustiniani
1198 764 1301 812 105,
1346 762 1601 811 Claudianus,

144 822 399 859 Marcellinus
426 822 589 869 Comes,
621 822 833 887 CoripPUS,
864 820 1087 859 Chronicon
1104 819 1324 858 Alexandr.
1348 827 1386 857 et
1406 821 1488 856 alii.
1547 820 1604 857 sic

145 885 280 915 autem
299 876 625 929 Chrysostomus·
655 874 780 931 ταύτῃ
799 873 874 945 γᾶρ
895 880 945 933 τῇ
962 875 1114 946 ημὲρᾳ,
1143 873 1245 916 καθ’
1269 873 1326 928 ἣν
1350 875 1604 928 ἐβαπτίσατο,

144 933 215 974 καὶ
233 931 322 1001 τήν
326 937 408 974 τῶν
429 930 588 973 ὖδατων
606 932 746 1000 ἦγίασε
767 947 908 984 φυσιν.
968 930 1036 973 διιί
1051 948 1114 973 τοι
1133 935 1251 973 τοῦτο
1271 947 1339 972 και
1359 932 1602 998 μεσονυκτίῳ

145 1005 247 1030 κατα
273 1005 349 1041 την
379 988 522 1041 ἓορτην
545 987 693 1042 ταύτην
716 986 888 1037 ἅπαντες
904 986 1195 1042 ὖδρευσᾶμενοι
1216 988 1353 1030 οἴκαδε
1374 986 1423 1028 τοὶ
1444 984 1603 1036 νάματα

146 1043 409 1086 αποτίθενται
439 1046 507 1086 καὶ
528 1047 588 1094 εἰς
607 1045 790 1087 ἐνιαυτὸν
808 1044 1022 1099 ὁλόκληρον
1041 1043 1331 1116 φυλάττουσιν,
1363 1041 1431 1084 ὅτε
1455 1041 1506 1095 δη
1529 1039 1604 1094 σή-

146 1118 269 1171 μερον
293 1101 568 1156 ἇγιασθέντων
588 1118 669 1143 των
691 1100 863 1143 ὖδοὶτων.
920 1102 989 1143 καὶ
1007 1099 1052 1143 τό
1073 1106 1236 1154 σημεῖον
1258 1102 1408 1153 γίνεται
1427 1099 1604 1167 ἐναργές,

147 1175 196 1200 ου
226 1159 585 1228 διαφθειρομένης
589 1156 749 1199 υδατων
772 1159 934 1200 ἐκείνων
954 1154 1115 1210 φυσεως
1133 1161 1191 1214 τῷ
1213 1154 1332 1211 μήκει
1351 1160 1423 1198 τοῦ
1443 1155 1604 1209 χρόνου,

147 1211 238 1255 ἄλλ’
269 1216 326 1263 εἰς
356 1213 540 1257 ἐνιαυτον
567 1210 783 1285 ὁλόκληρον
811 1215 880 1257 καὶ
910 1214 984 1257 δύο
1014 1214 1083 1256 και
1112 1215 1202 1270 τρία
1228 1210 1419 1261 πολλακις
1441 1213 1507 1265 ε’τη
1531 1214 1608 1254 τοῦ

148 1268 327 1324 σήμερον
361 1269 626 1338 αντληθὲντος
661 1269 849 1326 ἀκεραίου
884 1273 952 1313 καὶ
991 1274 1138 1324 νεαροῦ
1168 1270 1377 1322 μένοντος,
1417 1268 1486 1309 και
1509 1266 1608 1319 μετοὶ

146 1331 340 1369 τοσοῦτον
366 1326 437 1370 τὸν
465 1324 611 1381 χρόνον
637 1333 721 1375 τοῖς
753 1327 841 1381 ἂρτι
871 1332 951 1369 τῶν
980 1331 1120 1380 πηγῶν
1147 1327 1431 1379 ἐξαπαρθεῖσιν
1459 1322 1609 1365 ’ὕδασιν

149 1383 438 1436 αμιλλωμένου.
498 1392 628 1423 exstat
642 1399 759 1436 porro
778 1388 997 1424 etiamnum
1010 1383 1130 1423 hodie
1144 1382 1281 1435 phiala
1297 1385 1374 1421 ista
1390 1380 1608 1432 Sophiana,

147 1441 218 1478 ubi
229 1469 239 1488 ,
269 1448 314 1478 ut
328 1443 384 1478 ait
403 1442 582 1492 Gyllius,
612 1455 805 1492 perennes
823 1443 970 1480 saliunt
989 1454 1136 1494 aquae,
1167 1439 1220 1478 ad
1237 1452 1336 1493 quas
1354 1451 1408 1477 ex
1426 1451 1517 1476 area
1535 1436 1609 1476 de-

147 1496 352 1535 scenditur
368 1499 505 1534 multis
525 1497 727 1548 gradibus.

260 1555 329 1595 23.
386 1554 515 1591 Aulae
554 1555 665 1604 ipsae
694 1560 734 1591 et
760 1554 858 1591 atria
890 1552 1050 1591 aedium
1080 1565 1280 1592 sacrarum
1307 1566 1379 1591 sua
1407 1551 1609 1590 habebant

147 1605 361 1663 προαυλια.
410 1622 512 1660 prae
537 1611 676 1647 ceteris
698 1622 792 1647 vero
822 1611 966 1647 atrium
997 1609 1225 1661 Sophianae
1251 1608 1361 1647 aedis
1377 1609 1608 1660 porrectiori
1644 1632 1648 1635 -

149 1673 192 1703 et
221 1667 355 1718 amplo
384 1667 492 1713 foro,
517 1667 732 1717 porticibus
760 1665 925 1717 perinde
957 1667 1084 1704 cincto
1111 1674 1150 1704 et
1170 1665 1391 1717 magnificis
1420 1663 1609 1702 aedificiis

149 1730 354 1771 exornato,
385 1723 677 1770 obversabatur,
710 1721 818 1774 quod
836 1719 1126 1775 Αὕγουσταῖον,
1155 1718 1444 1775 Αυγουσταιῶν
1465 1727 1504 1758 et
1518 1716 1608 1760 Αὕ-

149 1791 354 1833 γουστεων
383 1780 606 1829 promiscue
639 1779 862 1829 appellatur
890 1792 914 1815 a
942 1779 1211 1830 scriptoribus.
1269 1785 1353 1815 erat
1381 1785 1534 1824 autem,
1563 1782 1610 1813 ut

149 1836 286 1883 innui,
315 1835 449 1871 forum
475 1836 627 1882 maius,
659 1836 723 1871 cui
746 1836 921 1872 Zonaras
951 1835 1170 1885 προαυλίον
1198 1833 1399 1871 interdum
1429 1833 1610 1884 appella-

149 1892 303 1928 tionem
322 1890 481 1938 tribuit,
511 1897 557 1927 ut
578 1897 617 1927 et
639 1889 883 1941 Nicephorus
903 1891 1111 1940 Gregoras.
1162 1889 1380 1940 proaulam
1405 1887 1509 1926 dixit
1534 1890 1612 1927 Or-

153 1945 308 1985 dericus
335 1947 477 1984 vitalis
501 1947 530 1983 1.
556 1948 582 1986 2
611 1959 652 1997 p.
673 1945 770 1987 412.
827 1947 956 1984 Gloss.
983 1947 1134 1984 Saxon.
1160 1946 1349 1983 Aelfrici:
1371 1944 1549 1995 proaula
1578 1945 1612 1981 i.

152 2003 293 2041 domu-s·
321 2016 455 2039 coram
484 2002 601 2047 aula,
633 2002 751 2040 selde.
814 1998 965 2055 ἀγοράν
993 2015 1074 2039 non
1101 2003 1227 2040 semel
1254 2008 1369 2039 vocat
1394 2002 1611 2051 Procopius

153 2059 203 2098 de
219 2059 351 2097 Aedif.
377 2060 400 2099 1
432 2062 479 2107 2,
509 2059 579 2096 ubi
597 2057 841 2096 describitur.
899 2058 993 2095 huic
1011 2059 1215 2109 complura
1231 2056 1480 2095 inaedificata
1500 2062 1612 2093 erant

153 2117 302 2168 palatia
319 2128 365 2152 ac
386 2114 556 2152 domus
545 2117 721 2166 insignes
745 2123 784 2153 et
800 2114 918 2153 aedes
933 2116 1084 2166 aliquot
1104 2126 1260 2161 sacrae3
1292 2120 1410 2165 atque
1429 2114 1610 2162 inprimis

154 2186 219 2210 ma
223 2185 346 2222 ‹rnum
361 2172 554 2222 palatium
570 2173 748 2209 vicinum
766 2172 888 2209 fuisse
907 2178 1073 2209 testatur
1090 2171 1318 2222 Procopius,
1349 2170 1460 2206 cuius
1481 2169 1610 2205 trIcli-

153 2230 288 2277 nium,
320 2226 427 2280 quod
445 2229 718 2278 Augustaeum
735 2228 959 2279 spectabat,
989 2228 1188 2277 τρίκλινον
1206 2228 1280 2266 τοῦ
1301 2221 1611 2277 Αυγουστεῶνος

156 2284 301 2322 dicitur
317 2283 424 2336 apud
444 2283 735 2335 Theophanem
755 2286 873 2322 variis
893 2286 934 2320 in
953 2285 1071 2331 locis3
1100 2284 1142 2320 in
1171 2296 1249 2334 quo
1277 2294 1420 2320 corona
1445 2280 1611 2318 donatas

156 2342 309 2393 aliquot
337 2343 536 2391 Augustas
568 2342 709 2387 refert,
753 2347 797 2377 ut
827 2347 867 2377 et
892 2338 1219 2391 Theophylactus
1252 2339 1468 2376 Simocatta
1500 2338 1524 2376 1
1570 2337 1610 2376 1.

154 2399 350 2435 incertum
383 2410 499 2447 porro
532 2409 582 2434 an
611 2397 826 2434 triclinium
853 2395 961 2434 istud
990 2409 1040 2433 an
1066 2409 1159 2433 vero
1181 2397 1314 2446 ipsum
1337 2396 1612 2444 Augustaeum

156 2454 288 2491 forum
309 2454 507 2503 intelligat
526 2452 749 2491 Chronicon
772 2452 1112 2500 Alexandrinum,
1145 2451 1241 2489 dum
1261 2453 1316 2488 ait
1337 2463 1439 2487 anno
1459 2452 1486 2490 2
1504 2451 1612 2486 Leo-

157 2511 221 2547 nis
241 2512 297 2547 M.
322 2511 594 2560 Augustaeum
619 2523 641 2546 a
660 2508 888 2547 Theodosio
910 2509 1016 2546 urbis
1035 2509 1234 2559 praefecto
1263 2507 1306 2547 ἐκ
1331 2506 1511 2560 πλαγίων
1538 2507 1613 2554 τῆς

159 2562 332 2618 μεγάλης
349 2565 555 2617 ἐκκλησίας
576 2572 821 2603 exstructum
837 2566 960 2603 fuisse
983 2566 1050 2602 vel
1070 2572 1172 2602 certe
1190 2566 1466 2601 instauratum.
1524 2562 1611 2598 Au-

160 2628 322 2672 gustaeo
341 2622 504 2672 perinde
524 2622 818 2660 inaedificatum
844 2629 946 2669 erat,
976 2628 1021 2658 ut
1043 2627 1176 2658 auctor
1200 2626 1259 2657 est
1277 2621 1433 2656 Nicetas
1452 2619 1492 2654 in
1513 2618 1613 2653 Ale-

161 2680 232 2716 xio
252 2680 446 2716 Manuelis
466 2679 547 2717 filio
559 2708 569 2727 ,
598 2680 735 2716 Alexii
750 2679 946 2729 templum
965 2691 1036 2715 seu
1056 2677 1352 2723 monasterium,
1381 2673 1494 2720 illud,
1526 2673 1614 2721 opi-

161 2747 255 2782 nor,
287 2733 394 2786 quod
417 2735 465 2772 ab
485 2736 630 2773 Alexio
652 2734 875 2786 patriarcha
897 2736 980 2783 ΟΡ,
1011 2735 1081 2785 qui
1103 2730 1366 2770 Monomacho
1394 2732 1613 2780 imperante

162 2792 286 2838 vixit,
320 2803 466 2827 nomen
493 2793 674 2828 sortitum
705 2798 763 2829 est
779 2821 789 2839 ,
821 2793 879 2828 uti
901 2793 1075 2828 Zonaras
1099 2796 1137 2826 et
1156 2789 1348 2839 Scylitzes
1371 2795 1617 2823 commemo-

162 2854 271 2893 rant,
299 2846 499 2883 diversum
519 2859 541 2883 a
559 2847 602 2884 S.
620 2848 758 2884 Alexii
772 2847 890 2895 aede,
921 2849 964 2883 in
982 2848 1092 2884 cuius
1110 2843 1418 2883 catechumeniis
1438 2839 1614 2878 celebra-

219 2908 318 2942 Paul.
349 2907 464 2941 Silent.
1311 2900 1338 2937 6
