1890 3224
376 182 455 226 DE
486 181 668 226 REBUS
693 180 843 225 POST
868 178 1193 225 mumolum
1219 177 1429 223 GESTIS-
1566 179 1632 226 6⁸1

171 292 235 342 ὧν.
256 296 279 340 ὅ
310 297 384 351 μὲν
406 297 547 353 ’ἕτερος
565 293 750 351 Νικῆτας
777 292 956 351 θάτερος
972 293 1019 336 δὲ
1041 291 1280 351 Νικηφόρος
1300 293 1499 348 ἐκέκλητο,
1532 295 1636 336 κατὰ

170 367 217 409 τὸ
245 364 455 422 λεγόμενον
475 370 546 407 τοῦ
566 365 802 421 Δορυλαίου
830 364 968 406 πεδίον
997 362 1189 418 ηὐλίζετο.
1255 363 1325 405 καὶ
1345 362 1637 419 δὴτυραννίδα
1658 392 1663 397 2

172 435 303 485 εὐθὺς
324 434 422 477 κατ’
448 433 573 476 αὐτοῦ
594 436 756 492 μελετᾷ,
781 432 851 474 τὸν
868 436 942 475 τοῦ
961 435 1160 489 πενθερῶ
1181 429 1364 474 θάνατον
1384 429 1635 486 πυθόμενος·

172 505 239 546 καὶ
253 503 389 560 ὅρκοις
400 502 470 545 τὸν
484 500 564 544 ὑπὸ
578 507 697 558 χεῖρα
716 501 949 555 κατεδέσμει
966 500 1067 543 λαὸν
1085 499 1196 559 αὐτῷ
1209 500 1283 554 μὲν
1297 499 1436 542 εἷῖνουν
1453 499 1634 551 ἔσεσθαι»,

137 579 160 615 5
174 573 308 629 ἕτερον
322 572 368 614 δὲ
385 574 441 622 εἷς
461 571 633 624 βασιλέα
653 569 712 625 μὴ
730 571 935 625 δέχεσθαι.
969 571 1277 620 Κωνσταντῖνος
1287 569 1332 611 δὲ
1343 574 1418 624 τῆς
1427 570 1637 623 βασιλείας

172 638 401 696 κρατήσας,
461 637 691 696 ἀπόμοιραν
732 656 822 681 τινα
851 643 1028 696 στρατοῦ
1062 637 1341 692 ἐπιλεξάμενος
1373 642 1447 691 τῆς
1485 635 1639 687 πόλεως

171 708 323 760 ἔξεισι,
368 709 436 750 καὶ
460 709 517 750 τὸ·
537 709 674 750 πεδίον
701 706 724 749 ὃ
753 705 922 764 Κρᾶσος
945 705 1287 765 προσαγορεύεται
1319 704 1638 760 καταλαμβάνει,

171 779 240 819 καὶ
257 775 494 834 Ἀρταβάζῳ
513 775 726 831 ἐσήμαινεν
744 776 853 831 ἥκειν
871 775 974 833 πρὸς
996 774 1134 828 αὐτόν,
1168 774 1224 827 ὥς
1243 775 1292 819 (ἲν
1311 774 1399 829 ἅμα
1414 779 1494 818 τῶν
1514 778 1635 817 πολεὲ
1657 775 1687 809 Ρ
1707 776 1753 811 39

136 868 142 873 ·
171 847 275 899 μίων
292 845 415 902 χάριν
435 844 734 899 βουλεύσοιντο.
763 842 785 887 ὃ
806 846 851 888 δὲ
866 844 947 900 ἤδη
970 844 1091 902 ὥρμα
1112 846 1179 887 καὶ
1199 848 1352 900 βουλῆς
1372 844 1512 895 ἕνεκεν,
1532 843 1638 886 ἀλλὰ

120 920 164 955 10
174 916 242 956 καὶ
271 918 345 969 τῆς
369 915 580 968 βασιλείας
611 913 734 956 αὐτὸν
752 912 1032 971 καθαιρήσων.
1095 915 1411 963 -Κωνσταντῒνος
1428 914 1474 956 δὲ
1494 912 1547 955 τὰ
1567 916 1639 967 τῆς

171 983 409 1039 τυραννίδος
432 982 684 1035 πυθόμενος,
719 983 787 1024 καὶ
807 983 975 1038 Βίσιρον
993 983 1068 1037 τὴν
1089 982 1207 1033 ἀξίαν
1223 982 1432 1038 πατρίκιον
1453 997 1639 1037 προσυπ-

173 1049 404 1105 αντήσαντα
426 1052 495 1092 καὶ
515 1055 572 1108 τῷ
590 1052 695 1107 ξίφει
716 1054 798 1092 τῶν
816 1048 1046 1095 ἀντιπάλων
1068 1049 1242 1092 πεσόντα
1261 1047 1531 1102 αἰσθόμενος,
1571 1051 1640 1090 καὶ

173 1116 230 1169 ὥς
260 1118 307 1160 τὸ
335 1118 547 1171 βασιλικὸν
571 1119 889 1172 ἐσκευασμένους
907 1116 1182 1175 στρατόπεδον
1202 1117 1362 1161 εἰσιδὼν
1383 1115 1504 1168 αὐτό,
1538 1117 1641 1173 πρὸς

172 1191 225 1243 τῇ
240 1185 360 1246 χώρᾳ
389 1187 637 1230 ἀνατολικῶν
663 1186 889 1243 καλουμένῃ
921 1187 1056 1244 φυγὰς
1080 1186 1243 1229 ἐνθένδε
1265 1184 1395 1228 ἀπιών
1412 1186 1493 1239 τὴν
1505 1202 1640 1239 σωτη·

120 1256 269 1312 ῒᾶρίαν
288 1255 362 1309 τὴν
384 1253 530 1297 ἑαυτοῦ
551 1252 872 1312 περιεποιήσατο.
918 1255 988 1297 καὶ
1009 1254 1126 1297 αὐτοὶ
1146 1254 1333 1304 εὐνοϊκῶς
1349 1251 1641 1307 ὑποδεξάμενοι
1674 1284 1687 1287 μ»

173 1322 401 1378 ἐνωμότους
437 1323 550 1382 αὐτῷ
586 1321 797 1377 συνθήκας
827 1321 1054 1366 δεδώκεσαν
1079 1321 1136 1373 ὥς
1163 1323 1305 1380 μέχρις
1335 1323 1507 1376 αἵματος
1539 1319 1640 1379 ὓπερ

174 1392 302 1435 αὐτοῦ
335 1391 553 1435 ἀνελέσθαι
586 1388 657 1435 τὸν
676 1393 882 1443 κίνδυνον,
917 1393 987 1434 καὶ
1008 1390 1257 1448 Ἀρτάβαζον
1278 1392 1458 1447 αἰσχρῶς
1480 1392 1641 1448 δυσφηψ

172 1465 342 1515 μοῦντες
375 1458 638 1517 καθ’·ύβριζον.
730 1460 1066 1514 μεταστέλλονται
1098 1464 1196 1515 γοῦν
1229 1461 1297 1502 καὶ
1331 1460 1528 1501 Σισίννιον
1569 1459 1639 1501 τὸν
1661 1459 1691 1493 Β

174 1530 384 1586 πατρίκιον
405 1526 624 1586 σύμφρονα
644 1530 853 1571 καθίστων
873 1527 960 1582 ἅμα
980 1533 1038 1587 τῷ
1059 1526 1135 1570 ὕπ’
1161 1527 1285 1585 atii-(⁸37
1303 1528 1639 1585 στρατηγουμένῳ

116 1601 256 1639 βοτῶν
285 1597 528 1656 Θρᾳκησίων
559 1597 758 1654 λεγομένῳ
790 1600 898 1654 λαῷ,
955 1597 1022 1638 καὶ
1055 1596 1228 1646 ἅπαντες
1259 1595 1365 1638 κατὰ
1388 1593 1638 1653 Ἀρταβάζου

175 1664 286 1719 ὁμῶς
304 1663 495 1722 ἐχώρουν.
570 1663 785 1721 Θεοφάνης
817 1665 863 1707 δὲ
894 1662 940 1707 ὃν
968 1663 1196 1708 Μονῶτιον-
1221 1663 1391 1706 ἐκάλουν
1398 1695 1413 1716 ,
1457 1663 1531 1718 τὴν
1565 1667 1640 1707 τοῦ

172 1735 398 1790 μαγίστρου
433 1733 549 1784 ἀξίαν
578 1733 724 1775 διέπων
754 1734 822 1779 καὶ
847 1732 921 1787 τὴν
949 1733 1150 1785 βασιλέως
1170 1734 1313 1789 χρείαν
1338 1734 1395 1782 εἰς
1414 1730 1638 1783 Βυζάντιον

174 1803 444 1858 ἀποπληρῶν,
472 1799 708 1859 Ἀρταβάζῳ
728 1802 991 1857 προσετίθετο
1014 1802 1082 1843 καὶ
1100 1801 1274 1853 βασιλέα
1295 1798 1550 1855 ἀνεκήρυττε,
1569 1802 1638 1843 καὶ

267 1899 309 1933 11
331 1893 674 1939 προϋπαντήσαντα
690 1895 874 1931 Petavius.
1026 1895 1070 1930 13
1089 1891 1254 1936 αὕτούςῒ
1401 1893 1445 1929 14
1466 1893 1513 1939 τῇ
1536 1891 1638 1941 χώρᾳ

265 1943 312 1989 τῇ
335 1943 412 1978 τῶν
436 1939 590 1993 aivam?
710 1943 752 1977 18
772 1937 1120 1986 μεταστειλάμενοιῒ
1254 1940 1302 1974 20
1321 1937 1523 1984 λεγομένων
1532 1940 1561 1975 7,

174 2020 304 2058 Niceta
327 2026 364 2056 et
385 2021 589 2066 Nicephoro
610 2019 648 2054 in
669 2020 839 2064 Dorylaei
861 2032 984 2065 campo
1006 2020 1192 2055 stationem
1215 2019 1379 2053 habebat.
1437 2018 1496 2052 hic
1518 2018 1638 2052 audita

173 2068 290 2103 soceri
320 2072 432 2102 morte
466 2067 512 2101 de
539 2066 736 2100 invadenda
763 2066 951 2110 tyrannide
980 2066 1159 2101 consilium
1187 2065 1295 2110 capit.
1343 2075 1451 2109 quare
1475 2063 1637 2109 populum

175 2125 310 2149 omnem
332 2124 436 2159 quem
454 2112 493 2146 in
541 2117 691 2146 otestate
716 2113 869 2146 habebat
884 2118 1103 2147 sacramento
1121 2111 1244 2156 adigit,
1262 2111 1350 2144 fidos
1374 2109 1443 2143 sibi
1466 2111 1635 2144 acbene-

174 2159 274 2194 volos
293 2160 384 2202 fore,
412 2170 479 2193 nec
533 2163 645 2192 terum
662 2158 907 2204 imperatorem
925 2164 1142 2203 recepturos.
1190 2155 1442 2191 Constantinus
1459 2155 1559 2189 simul
1582 2161 1636 2189 at-

175 2217 245 2250 que
267 2204 406 2250 imperii
428 2216 569 2249 compos
593 2205 706 2239 factus
732 2210 799 2248 est,
823 2215 899 2239 oum
918 2204 1054 2239 delecta
1072 2203 1247 2238 exercitus
1269 2207 1371 2247 parte
1394 2207 1495 2235 extra
1517 2201 1638 2235 urbem

173 2250 212 2285 in
239 2253 396 2296 campum
417 2250 473 2284 cui
502 2251 631 2284 Crasso
654 2261 779 2285 nomen
804 2256 859 2285 est
881 2250 1081 2295 egreditur,
1114 2248 1285 2293 simulque
1305 2247 1479 2282 Artabazo
1496 2247 1639 2281 mandat

173 2301 215 2331 ut
234 2297 279 2331 ad
300 2307 340 2330 se
357 2295 489 2339 veniat,
512 2306 581 2341 quo
603 2296 698 2330 inter
716 2309 756 2331 se
779 2297 823 2331 de
846 2296 1082 2341 propulsando
1103 2295 1204 2329 hoste
1228 2294 1434 2329 deliberent.
1482 2305 1548 2327 nec
1569 2291 1635 2326 mi-

174 2353 239 2376 nus
260 2341 319 2376 ille
341 2352 405 2375 sua
429 2347 556 2386 sponte
577 2343 792 2386 maturabat,
827 2348 866 2376 ut
889 2349 926 2376 et
948 2342 1094 2376 consilio
1116 2342 1306 2375 interesset
1327 2346 1363 2373 et
1389 2351 1466 2373 eum
1489 2338 1638 2383 imperio

172 2388 346 2466 privaret.
391 2386 532 2425 interim
556 2386 826 2432 Constantinus,
861 2389 980 2422 audita
1008 2387 1207 2433 tyrannidis
1234 2387 1348 2428 fama,
1386 2396 1462 2418 cum
1491 2384 1638 2429 insuper

208 2433 339 2468 iseram
359 2431 543 2478 patricium
565 2432 602 2466 in
628 2443 775 2467 occursu
796 2433 874 2478 ipso
898 2445 920 2468 a
941 2434 1118 2469 contraria
1141 2432 1294 2467 factione
1315 2436 1528 2476 peremptum
1555 2439 1642 2464 esse·

173 2479 409 2524 cognovisset,
435 2489 524 2524 quae
547 2489 644 2511 more
661 2479 880 2524 imperatorii
901 2479 1074 2514 exercitus
1091 2480 1262 2513 instructa
1279 2476 1457 2520 veniebat,
1482 2486 1635 2524 propere

172 2525 351 2569 digressus
376 2536 418 2559 ac
441 2523 545 2558 saluti
566 2523 749 2558 consulens
773 2525 818 2559 ad
840 2525 1071 2559 Orientalium
1093 2525 1271 2570 regionem
1293 2522 1461 2566 confugit,
1485 2521 1547 2567 qui
1566 2521 1631 2556 hu-

173 2570 322 2604 maniter
345 2581 423 2608 eum
441 2569 660 2616 excipientes
684 2581 760 2604 cum
782 2570 1132 2606 iureiurando-fidem
1155 2573 1297 2614 insuper
1320 2567 1560 2612 obstringunt,
1593 2579 1635 2602 se

173 2617 219 2650 ad
242 2620 387 2650 mortem
406 2627 517 2661 usque
539 2616 667 2650 nullum
689 2627 753 2661 pro
776 2628 819 2650 eo
840 2617 1030 2661 periculum
1052 2629 1131 2652 esse
1153 2617 1423 2651 detrectaturos.
1450 2625 1530 2647 mox
1548 2625 1632 2647 con-

173 2661 373 2696 tumeliosas
394 2661 434 2696 in
450 2663 660 2696 Artabazum
682 2673 790 2696 voces
818 2674 860 2696 ac
887 2663 1043 2697 convitia
1070 2663 1214 2697 iactant.
1262 2661 1306 2696 ad
1328 2660 1418 2694 haec
1440 2659 1635 2693 sisinnium

174 2707 360 2753 patricium
393 2719 470 2742 cum
494 2707 757 2743 Thracensibus
783 2708 917 2753 copiis,
951 2709 1078 2754 quibus
1109 2712 1290 2753 praeerat,
1330 2706 1376 2741 ad
1405 2717 1486 2741 suas
1515 2710 1636 2749 partes

174 2753 405 2798 pertrahunt,
442 2752 645 2798 collatisque
673 2754 710 2788 in
742 2765 846 2788 unum
880 2754 1014 2789 viribus
1043 2761 1164 2788 contra
1186 2754 1393 2787 Artabazum
1427 2751 1635 2796 procedunt.

174 2810 254 2833 nam
277 2798 512 2844 Theophanes
537 2805 764 2844 cognomento
787 2799 978 2844 Monotius,
1003 2801 1064 2846 qni
1087 2798 1281 2843 magisterii
1301 2797 1507 2842 dignitatem
1529 2806 1636 2839 gere-

174 2845 238 2881 bat
254 2850 291 2880 et
307 2845 475 2890 Byzantii
491 2844 714 2893 imperatoris
736 2851 856 2892 partes
873 2847 1012 2892 agebat,
1034 2846 1079 2882 ad
1096 2845 1308 2883 Artabazum
1318 2843 1516 2886 defecerat,
1539 2852 1634 2880 eum—
