1890 3224
215 154 382 188 mvm
747 138 749 141 ’
829 142 1077 199 QUERGII'

217 258 437 309 stinguere,
468 264 506 295 et
525 258 754 304 veritatem,
785 257 819 294 si
838 256 923 294 fieri
941 264 1097 308 posset,
1126 264 1291 308 e—puteo
1313 259 1522 310 aucupari3
1567 260 1674 312 quod

217 320 350 362 tamen
374 326 411 362 ei
427 337 507 362 non
523 324 698 361 multum
715 323 886 362 feliciter
903 325 1066 363 cessisse
1089 323 1205 363 nobis
1225 323 1443 373 yidebatur.
1473 325 1546 364 sed
1562 329 1679 379 quis—-

216 405 310 430 nam
332 405 417 429 rem
437 392 798 442 implicatissimam
815 393 902 430 sine
918 393 1099 430 omnium
1119 391 1307 431 codicum*
1320 389 1502 450 αὕτοψίᾳ
1519 401 1559 432 et
1578 408 1676 433 con-

216 458 453 498 sideratione
472 458 617 497 melius
643 458 905 498 extricasset‘l
935 466 1211 498 verumtamen
1232 468 1383 501 certum
1403 468 1462 500 est
1482 463 1676 501 Allatium

215 526 372 565 nullum
390 539 567 579 unquam
586 539 639 564 ex
661 533 721 566 tot
740 526 935 566 chronicis
954 529 1124 580 Geor-gio
1140 528 1301 567 Pisidae
1319 527 1555 568 vindicasse.
1600 543 1676 582 ego

218 601 350 632 autem
368 605 459 632 cum
473 595 765 634 intellexissem
776 597 972 639 Allatium
988 597 1122 648 ipsum
1133 597 1295 648 Georgii
1313 598 1535 635 Hamartoli
1557 596 1676 636 chro-

216 663 333 700 nicon
351 676 372 700 e
390 663 539 701 Graeca
557 664 695 715 lingua
713 665 756 702 in
773 665 960 702 Latinam
981 665 1079 702 olim
1094 665 1272 713 vertisse,
1290 663 1399 717 quod
1414 672 1550 703 tamen
1569 679 1676 704 nun·

217 742 338 782 quam
361 728 462 768 vidit
481 731 635 781 lucem,
660 718 821 770 codices
839 733 1051 771 Vaticanus
1076 731 1154 773 153
1177 738 1216 769 et
1239 731 1341 781 154,
1377 747 1399 771 e
1420 734 1566 786 quibus
1584 747 1678 772 ver-

215 800 370 836 sionem
387 800 541 849 paravit
559 811 673 837 suam
687 829 697 848 ,
728 801 915 838 attentius
948 797 1218 848 consideravi,
1258 807 1377 853 atque
1398 813 1452 839 ex
1473 802 1522 839 iis
1543 808 1679 852 aperte

216 864 461 917 deprehendi
496 861 708 905 chronicon
734 868 958 905 Hamartoli
992 881 1016 906 a
1055 865 1250 906 chronicis
1291 881 1410 919 supra
1434 870 1679 918 memoratis,

217 946 319 986 quae
350 930 393 970 in
419 933 587 971 aliarum
609 934 941 973 bibliothecarum
962 933 1163 973 codicibus
1184 936 1273 974 aliis
1293 937 1476 987 Georgiis
1494 937 1679 974 tribuun-

216 1008 303 1050 tur,
341 999 446 1039 nihil
474 1007 542 1039 aut
575 1001 691 1040 valde
722 1016 865 1054 parum
900 1001 1081 1052 differre,
1121 1003 1310 1056 idemque
1334 1005 1497 1042 omnino
1528 1017 1618 1049 esse>
1634 1017 1681 1042 ao

219 1069 507 1107 Coislinianum
535 1083 558 1107 a
583 1071 878 1109 Montfauconio
905 1069 1126 1108 laudatum.
1182 1083 1278 1108 nam
1296 1078 1452 1122 praeter
1469 1072 1682 1123 prologum

216 1135 358 1178 πολλοὶ
390 1133 463 1188 μὲν
493 1139 575 1177 τῶν
604 1136 679 1187 ἔξω
711 1135 955 1192 φιλολόγων,
995 1151 1116 1191 quem
1137 1152 1186 1189 p.
1211 1140 1293 1180 331
1321 1145 1450 1177 totum
1473 1141 1683 1192 exscripsit

218 1204 401 1253 Allatius,
420 1202 575 1242 codices
583 1206 763 1261 Vaticani
782 1204 956 1243 eundem
974 1207 1096 1244 etiam
1111 1206 1342 1257 praeferunt
1359 1207 1534 1256 titulum,
1549 1206 1682 1245 idem-

221 1284 299 1324 que
330 1270 380 1309 de
408 1270 571 1310 duabus.
585 1272 741 1311 filiabus
761 1272 894 1311 Adam
914 1280 1184 1312 commentum
1203 1271 1269 1311 his
1288 1272 1444 1312 verbis:
1477 1272 1684 1329 Χρονικὸν

220 1333 421 1390 σύντομον
445 1338 489 1380 ἐκ
517 1335 726 1393 διαφόρων
751 1336 1042 1396 χρονογρᾶφων
1077 1340 1147 1382 καὶ
1176 1339 1376 1394 ἐξηγητῶν
1405 1340 1589 1396 συλλεγὲν
1614 1341 1684 1383 καὶ

221 1398 414 1447 συντεθὲν
448 1401 530 1448 ὖπὸ
564 1409 768 1462 Γεωργίου
807 1407 1047 1462 ἇμαρτωλοῠ
1076 1411 1268 1461 μοναχοῦ.
1323 1410 1472 1462 Βίβλος
1494 1409 1686 1464 γενέσεως

222 1469 455 1528 ἀνθρώπων
468 1504 481 1524 ,
517 1468 548 1530 ᾗ
575 1473 706 1532 ’ἡμέρᾳ
733 1474 920 1517 ἔπλαττεν
945 1474 968 1518 ὃ
986 1474 1087 1525 θεός
1105 1474 1178 1518 τὸν
1194 1473 1328 1529 Ἀδάμ
1347 1473 1440 1517 κατ’
1460 1473 1600 1518 εἰκόνα
1615 1475 1687 1518 καὶ

223 1537 418 1594 ὁμοίωσιν
442 1537 582 1583 αὐτοῦ.
641 1541 667 1584 o‘
683 1541 727 1584 δὲ
743 1539 875 1596 Ἀδάμ.
893 1543 1102 1598 ἐγέννησεν
1115 1541 1236 1592 vimis·
1252 1548 1356 1598 τρεῖς
1377 1543 1445 1584 καὶ
1462 1542 1690 1599 θυγατέρας

224 1605 322 1657 δύο,
350 1605 422 1649 τόν
441 1609 549 1649 Καῒν
567 1607 636 1649 καὶ
659 1606 731 1650 τόν
752 1606 873 1663 Ἀβὲλ
891 1610 960 1651 καὶ
977 1609 1048 1652 τόν
1068 1608 1187 1664 Σήθ,
1222 1611 1292 1651 καὶ
1317 1608 1392 1662 τήν
1410 1607 1593 1669 >Ἀζύραν
1617 1610 1688 1652 καὶ

223 1672 298 1728 τήν
315 1671 511 1728 ’Λσουᾶμ.
567 1674 635 1716 καὶ
655 1675 681 1717 ὁ
697 1675 771 1729 μὲν
785 1673 918 1731 Ἀδὰμ.
936 1676 1035 1720 κατα
1057 1678 1236 1720 κέλευσιν
1251 1680 1355 1719 θεοῦ
1373 1677 1573 1732 ἐπέθηκεν
1591 1675 1689 1720 ὄνό-

225 1759 329 1796 ματα
349 1745 450 1784 πᾶσι
469 1747 553 1791 τοῖς
574 1741 829 1798 τετραπόδοις
854 1745 924 1787 καὶ
944 1751 1139 1795 πετεινοῖς
1153 1746 1222 1787 καὶ
1242 1742 1459 1799 οἶμφιβίοις
1474 1746 1544 1787 καὶ
1563 1745 1689 1800 ἕρπε-

225 1814 310 1860 τοῖς
334 1810 402 1851 καὶ
430 1806 570 1863 ἰχθύσι
596 1810 666 1867 καὶΙ
691 1815 775 1860 τοῖς
801 1811 948 1854 ἑαυτοῦ
977 1812 1153 1863 τέκνοις·
1190 1812 1236 1856 τὸ
1256 1813 1301 1856 δὲ
1321 1810 1448 1856 αὐτοῦ
1464 1811 1596 1867 ὄνομα
1619 1813 1691 1854 καὶ

225 1879 298 1930 τῆς
312 1875 498 1932 γυναικὸς
516 1874 644 1920 αὐτοῦ
661 1877 824 1934 ἅγγελος
842 1882 985 1934 κυρίου
1012 1879 1122 1923 εἶπεν
1145 1878 1292 1931 αὐτοῖς.
1348 1881 1419 1923 καὶ
1443 1880 1468 1923 ὅ
1485 1879 1560 1934 μὲν
1579 1882 1690 1923 Καῒν

11 1958 44 1990 p.
56 1948 209 1986 XXXIII
226 1945 343 1999 ἔλαβε
360 1949 533 2000 γυναῖκα
551 1944 625 1999 τήν
644 1943 806 2001 πρώτην
827 1944 1011 2002 ἀδελφὴν
1030 1945 1160 1991 αὐτοῦ
1175 1945 1362 2003 Ἀζύραν,
1392 1949 1418 1991 o‘
1435 1948 1480 1990 δὲ
1495 1947 1595 2002 Σήθ
1613 1947 1691 2002 τήν

228 2013 418 2068 δευτέραν
443 2010 637 2068 Ἀσουοῖμ.
695 2015 762 2056 καὶ
794 2011 817 2057 ὅ
848 2013 921 2068 μὲν
942 2011 1065 2069 Ἀβὲλ,
1090 2032 1129 2057 κ.
1156 2031 1189 2057 τ.
1215 2018 1251 2057 λ.
1307 2019 1443 2069 itaque
1465 2017 1533 2055 vel
1552 2018 1689 2055 omnia

229 2080 329 2119 haec
356 2080 541 2120 chronica
565 2096 692 2120 unum
723 2082 975 2137 eundemque
994 2083 1144 2122 habent
1162 2092 1366 2123 auctorem
1381 2085 1598 2135 Georgium
1614 2114 1624 2133 ‚
1654 2086 1690 2123 si

231 2149 375 2200 placet,
405 2149 695 2199 Hamartolum,
724 2151 792 2188 vel
813 2159 904 2189 sunt
922 2165 975 2189 ex
994 2153 1083 2191 aliis
1106 2151 1301 2191 chronicis
1321 2166 1345 2190 a
1365 2153 1544 2205 quolibet
1562 2154 1690 2191 Geor-

232 2217 297 2268 gio
322 2216 547 2267 compilata,
579 2229 700 2269 quem
718 2230 803 2255 esse
824 2217 1003 2257 Pisidam
1020 2232 1138 2258 nemo
1154 2233 1274 2259 sanus
1294 2233 1386 2258 cum
1403 2219 1560 2259 Radero
1576 2226 1690 2272 post-

231 2282 308 2320 hac
330 2281 489 2321 dixerit.
548 2282 620 2321 sed
651 2281 752 2321 haec
775 2284 896 2323 nimis
920 2286 1086 2325 fortasse
1113 2289 1236 2340 longa
1262 2296 1377 2338 sunt,
1417 2294 1462 2326 ut
1487 2288 1690 2339 intelligas

231 2349 411 2389 Pisidam
436 2364 510 2389 nec
533 2349 715 2389 codicum
735 2364 809 2389 nec
828 2360 1033 2391 auctorum
1054 2354 1134 2394 fide
1153 2355 1502 2410 chronographicis
1521 2357 1691 2408 scripto-

233 2419 340 2457 rIbus
360 2432 446 2457 esse
467 2417 823 2457 annumerandum.
879 2421 962 2458 iam
980 2422 1143 2462 tandem
1160 2437 1253 2463 vero
1270 2426 1374 2463 nulli
1393 2426 1460 2462 alii
1480 2432 1691 2476 supersunt

235 2484 388 2524 codices
407 2486 588 2525 eiusdem
606 2485 765 2526 Pisidae
782 2487 1027 2539 recensendi,
1058 2503 1181 2543 quam
1200 2494 1270 2546 qui
1284 2494 1327 2530 in
1347 2491 1590 2530 bibliotheca
1607 2494 1691 2531 Ba*-

234 2554 365 2591 varica
381 2567 493 2592 num.
514 2555 564 2596 51
580 2584 590 2604 ,
621 2555 808 2607 Spitzelio
824 2561 945 2605 teste,
975 2556 1225 2609 adservatur,
1257 2567 1295 2598 et
1313 2561 1381 2612 qui
1399 2562 1442 2597 in
1459 2562 1692 2612 Augustana

234 2619 348 2658 Plut.
371 2624 396 2663 3
415 2634 456 2659 11.
477 2622 531 2663 75
550 2624 606 2661 ita
627 2623 863 2671 inscribitur,
896 2627 1098 2679 Γεωργίου
1115 2625 1307 2669 διακόνου
1325 2631 1398 2680 τῆς
1414 2626 1530 2681 ἁγίας
1550 2627 1691 2681 {unln-

234 2687 341 2738 σίας,
371 2691 445 2730 τοῦ
463 2690 637 2731 Πισίὸου
648 2719 660 2740 ,
688 2691 903 2745 προοίμιον
920 2695 992 2745 τῆς
1008 2692 1251 2749 Ἑξαημέρου
1269 2693 1336 2736 διοέ
1357 2691 1517 2749 ἰάμβων
1534 2696 1691 2749 στίχων,

235 2754 284 2792 de
300 2769 378 2808 quo
400 2757 522 2795 etiam
541 2770 659 2810 supra
676 2759 797 2797 locuti
818 2772 968 2799 sumus.
