1838 3210
550 194 887 239 DESCRIPTIO
921 195 965 239 S.
998 194 1247 239 SOPHIAE.
1563 194 1659 242 133

205 302 484 357 complendum
515 305 758 342 necessarias
770 333 780 353 ,
823 310 867 341 ut
883 315 1031 355 panem
1051 306 1190 343 vinum
1210 310 1250 342 et
1266 304 1364 353 alia,
1407 312 1659 356 praeparant,

204 362 348 414 quibus
364 361 484 399 finitis
504 359 693 399 secedunt
711 360 762 398 ad
782 373 934 398 sacram
951 374 1132 400 mensam
1144 391 1155 410 ,
1194 362 1262 399 ubi
1282 374 1391 399 sacra
1410 363 1570 413 liturgia
1592 364 1658 399 in·-

204 417 380 456 choatur.
438 416 676 470 Pachymeri
701 420 721 458 1
752 417 804 458 19
834 414 954 470 κόγχη
973 421 1046 470 τῆς
1062 417 1295 471 προθέσεως
1314 417 1469 456 dicitur.
1502 425 1657 456 utram·

204 487 283 527 que
313 481 446 512 autem
477 473 711 512 conchulam
740 475 992 511 secretarium
1019 482 1134 513 vocat
1160 476 1373 525 Paulinus,
1422 476 1658 528 priorisque,

203 544 275 570 seu
290 530 506 583 prothesis,
535 543 652 568 usum
675 531 732 568 sle
752 529 960 568 describit:
1410 553 1416 557 -

370 587 437 625 hic
454 587 564 625 locus
579 594 636 624 est
651 587 878 625 veneranda
890 600 1019 638 penus
1036 601 1118 639 qua
1133 587 1333 634 conditur,
1356 594 1393 624 et
1408 601 1491 639 qua

413 645 614 695 promitur
632 643 744 681 alma
761 645 867 681 sacri
880 657 1032 695 pompa
1051 645 1270 681 ministerii.

205 705 245 736 et
262 700 377 751 epist.
403 703 452 742 12
473 700 524 738 ad
543 701 755 750 Severum,
784 701 873 738 loco
892 713 1011 752 supra
1031 699 1213 749 laudato,
1247 699 1296 737 de
1319 700 1425 738 binis
1447 700 1533 738 istis
1557 712 1654 738 con·
1676 698 1706 733 P
1730 697 1798 732 580

205 754 334 794 chulis
353 757 473 794 verba
491 757 642 795 faciens
659 770 743 794 una
765 770 919 802 earum,
947 759 1097 808 inquit,
1126 757 1351 794 immolanti
1375 756 1526 794 hostias
1550 755 1658 793 iahi-

204 812 366 850 lationis·
375 820 504 863 patet.
565 813 634 851 ubi
651 826 722 864 pro
733 820 850 863 patet
865 813 1082 864 legendum
1094 821 1221 863 parat
1237 815 1477 851 censuerim:
1509 814 1657 865 quippe

203 869 246 906 in
273 867 350 906 hac
377 868 570 907 conchula
594 869 744 906 hostiae
768 883 848 906 non
879 869 1061 907 immolat
1083 871 1264 915 antistes,
1292 868 1363 907 sed
1389 871 1431 906 in
1454 869 1588 907 media
1619 877 1658 908 et

202 926 344 962 maiori
365 924 535 962 concha:
563 924 760 977 prothesis
787 939 880 964 vero
905 926 1054 963 lios-tias
1074 925 1322 963 iubilationis
1340 926 1567 963 immolanti
1586 939 1659 964 seu

201 982 333 1032 potius
361 983 614 1020 immolaturo
641 983 812 1019 antistiti
833 990 961 1033 parat
984 983 1049 1020 vel
1079 989 1300 1034 praeparat.
1360 995 1451 1019 cum
1484 984 1591 1020 enim
1615 984 1659 1020 in

201 1043 369 1090 utraque
390 1037 602 1087 conchula,
643 1051 746 1090 quae
771 1038 823 1076 ad
839 1052 991 1077 sacram
1006 1040 1209 1090 liturgiam
1228 1038 1496 1090 peragendam
1517 1052 1659 1076 neces-

201 1095 305 1132 saria
324 1101 436 1143 sunt,
479 1102 597 1147 atque
616 1094 715 1133 adeo
733 1096 776 1132 in
791 1094 968 1147 prothesi
985 1095 1113 1133 hostia
1135 1103 1174 1132 et
1191 1097 1330 1133 vinum
1343 1125 1354 1144 ,
1391 1097 1434 1132 in
1454 1095 1658 1133 diaconico

199 1157 332 1188 vestes
360 1158 399 1189 et
426 1152 519 1189 libri
548 1158 587 1189 et
614 1164 710 1190 vasa
728 1164 773 1189 ac
790 1154 1009 1190 ministeria
1030 1153 1295 1189 ecclesiastica
1314 1159 1525 1203 parentur,
1564 1151 1658 1189 inde

200 1206 319 1244 binae
339 1208 439 1245 istae
460 1206 676 1246 conchulae
694 1209 906 1259 paratoria
933 1215 1212 1259 nuncupantur
1232 1210 1275 1245 in
1296 1207 1433 1246 ordine
1454 1210 1657 1246 Romano:

193 1263 367 1301 'calicem
383 1271 517 1302 autem
536 1264 803 1302 subdiaconus
824 1267 972 1316 accipit
990 1279 1155 1316 sequens
1169 1272 1206 1301 et
1226 1265 1298 1302 dat
1313 1264 1513 1315 acolytho,
1537 1272 1574 1301 et
1590 1264 1660 1301 ille

200 1328 359 1357 revocat
379 1322 422 1358 in
434 1323 709 1372 paratorium,
744 1335 889 1372 nempe
906 1324 949 1359 in
961 1321 1194 1373 prothesim,
1223 1321 1292 1358 ubi
1310 1322 1451 1358 calices
1474 1328 1513 1358 et
1532 1329 1662 1358 cetera

201 1389 296 1413 vasa
317 1375 369 1413 ad
389 1377 569 1414 sacrificii
589 1390 707 1415 usum
728 1378 1033 1429 reponebantur,
1063 1376 1172 1430 quod
1188 1391 1241 1414 ex
1256 1379 1377 1416 sacris
1398 1378 1570 1428 liturgiis
1586 1378 1659 1415 ab·

199 1431 308 1470 unde
327 1434 486 1484 probari
503 1440 647 1485 potest.

315 1491 384 1531 68.
439 1491 620 1528 Alteram
639 1487 897 1538 conchulam,
941 1502 1043 1542 quae
1070 1487 1123 1527 ad
1151 1490 1353 1527 sinistram
1373 1502 1443 1527 seu
1465 1487 1517 1526 ad
1536 1490 1659 1527 meri-

200 1543 310 1582 diem
326 1545 459 1583 altaris
480 1547 663 1584 statuitur
679 1558 702 1582 a
716 1544 1078 1594 Thessalonicensi,
1094 1547 1346 1596 paratorium
1363 1545 1528 1597 perinde
1547 1553 1662 1584 vocat

199 1599 310 1639 idem
327 1601 422 1640 ordo
441 1604 667 1640 Romanus:
697 1603 900 1652 reponitur
917 1601 1017 1638 liber
1035 1604 1078 1639 in
1091 1603 1299 1652 paratorio
1320 1603 1494 1653 quodam
1515 1603 1598 1640 siue
1616 1604 1660 1639 in

199 1660 420 1696 secretario.
453 1657 665 1696 conchulas
688 1660 794 1695 enim
815 1660 958 1696 maiori
980 1657 1185 1696 adiunctas
1206 1660 1417 1695 secretaria
1437 1660 1664 1710 appellasse

200 1716 415 1752 Paulinum
445 1728 564 1766 supra
593 1715 845 1753 observatum
868 1721 940 1753 est.
998 1713 1164 1766 proinde
1192 1714 1302 1752 idem
1330 1722 1389 1753 est
1407 1716 1661 1765 paratorium

202 1770 309 1822 quod
336 1773 601 1808 secretarium.
671 1772 863 1821 repositos
898 1778 1033 1808 autem
1066 1772 1188 1808 fuisse
1219 1771 1342 1809 libros
1374 1772 1661 1809 ecclesiasticos

200 1829 245 1863 in
278 1826 352 1863 hac
379 1826 572 1865 conchula
600 1825 714 1864 docet
729 1825 837 1863 idem
855 1828 1070 1876 Paulinus,
1113 1826 1210 1864 dum
1237 1828 1347 1864 illius
1371 1840 1491 1865 usum
1509 1829 1566 1865 sic
1587 1826 1660 1865 de-

201 1883 358 1922 scribit:
1339 1900 1341 1903 ·

369 1940 407 1977 si
423 1952 540 1991 quem
560 1945 700 1975 sancta
723 1945 825 1975 tenet
847 1938 1069 1976 meditandi
1086 1940 1128 1975 in
1146 1938 1232 1989 lege
1249 1938 1454 1985 voluntas,

369 1995 436 2033 hic
447 1996 595 2046 poterit
615 1995 787 2032 residens
807 1997 933 2033 sacris
952 1995 1151 2032 intendere
1170 1994 1294 2032 libris.

199 2054 244 2090 in
261 2065 307 2090 ea
325 2053 433 2089 enim
451 2050 643 2090 conchula
660 2064 794 2089 sacrae
811 2051 1002 2089 lectiones
1018 2052 1166 2090 fiebant
1177 2081 1187 2099 ,
1229 2052 1409 2103 sacrIque
1437 2051 1531 2088 libri
1548 2050 1659 2088 finita

199 2110 360 2159 liturgia
377 2109 535 2161 publice
552 2108 895 2160 praelegebantur.
953 2107 1018 2156 id,
1057 2110 1101 2145 ni
1129 2109 1268 2157 fallor,
1307 2110 1402 2146 satis
1422 2109 1554 2145 innuit
1572 2110 1658 2159 ipse

197 2166 415 2203 Paulinus:
445 2178 540 2203 nam
566 2179 657 2202 cum
682 2165 850 2202 dixisset
867 2178 991 2204 unam
1014 2178 1150 2202 earum
1170 2163 1411 2202 concharum
1435 2165 1661 2202 immolanti

200 2220 351 2260 hostias
365 2222 609 2259 iubilationis
629 2223 795 2260 antistiti
812 2235 951 2273 parare
963 2251 973 2271 ,
1015 2220 1115 2259 haec
1136 2221 1293 2259 subdit:
1332 2221 1460 2259 altera
1476 2228 1572 2271 post
1592 2235 1661 2258 sa-

200 2279 397 2327 crficium
417 2279 559 2329 capaci
580 2279 672 2316 sina
690 2285 865 2329 receptat
878 2285 1048 2316 orantes.
1108 2280 1164 2316 ita
1187 2280 1295 2315 enim
1318 2276 1535 2329 legendum
1562 2290 1659 2315 con-

196 2334 397 2372 tenderim
409 2365 420 2384 ,
459 2348 550 2373 cum
568 2334 674 2372 edita
689 2334 792 2372 nihil
811 2342 878 2373 aut
897 2349 1018 2387 prave
1037 2342 1191 2383 sonent,
1221 2335 1350 2371 altera
1360 2341 1454 2384 post
1476 2334 1659 2371 sacerdo-

201 2399 278 2429 tem
296 2393 439 2442 capaci
456 2393 548 2429 sinu
564 2399 738 2442 receptat
755 2399 933 2429 ovantes:
963 2398 1121 2443 peracto
1147 2392 1254 2428 enim
1273 2391 1462 2429 sacrificio
1485 2404 1531 2428 eo
1548 2404 1661 2428 sece-

201 2446 349 2486 debant
373 2447 596 2486 sacerdotes
620 2455 660 2486 et
682 2447 857 2496 diaconi,
888 2455 927 2486 et
947 2461 1148 2486 sacrorum
1167 2448 1360 2485 librorum
1379 2448 1541 2484 lectioni
1562 2460 1658 2498 ope-

201 2517 288 2542 ram
308 2503 470 2543 dabant.
507 2511 612 2543 certe
632 2506 676 2542 in
696 2517 743 2542 ea
765 2503 957 2542 conchula
976 2505 1102 2543 factas
1123 2502 1320 2542 eiusmodi
1338 2505 1528 2541 lectiones
1546 2503 1659 2541 docet

201 2563 298 2599 satis
316 2575 513 2615 superque
532 2560 706 2600 Codinus
725 2561 826 2599 libro
845 2561 893 2599 de
911 2562 1024 2600 Offic.
1047 2575 1081 2599 c.
1104 2561 1156 2602 15
1177 2574 1217 2598 n.
1238 2559 1286 2608 4,
1332 2559 1430 2597 dum
1455 2561 1509 2597 ait
1527 2561 1658 2610 impe-

203 2624 375 2655 ratorem
392 2621 436 2656 in
457 2617 599 2656 aedem
618 2616 866 2670 Sophianam
886 2617 1071 2657 secedere
1094 2618 1227 2669 ibique
1250 2618 1387 2668 magni
1405 2617 1546 2655 Basilii
1565 2628 1659 2666 pre-

203 2675 376 2712 cationes
397 2687 420 2712 a
437 2673 662 2726 patriarcha
681 2676 899 2727 praelectas
920 2675 1112 2714 exaudire
1131 2673 1300 2725 πλησίον
1320 2675 1394 2713 τοῦ
1412 2673 1656 2718 διακονικοῦ,

202 2728 280 2768 hoo
301 2737 359 2768 est
378 2732 492 2768 iuxta
512 2730 762 2782 conchulam,
792 2745 895 2784 quae
914 2727 1148 2773 διακονικόν
1165 2730 1393 2768 vocabatur.
1434 2742 1531 2766 nam
1548 2725 1658 2764 haud

201 2787 342 2839 procul
373 2789 573 2826 exstitisse
600 2787 739 2827 sedem
762 2788 1025 2840 imperatoris,
1055 2800 1147 2825 cum
1165 2799 1365 2825 sacrorum
1382 2785 1574 2823 librorum
1595 2783 1657 2820 le-

203 2844 377 2883 ctionem
392 2842 531 2883 auditu
550 2845 791 2897 excipiebat,
817 2858 936 2897 supra
956 2844 1211 2898 probavimus
1230 2855 1283 2881 ex
1299 2841 1540 2881 Silentiario.
1571 2838 1658 2877 dia-
