1890 3224
296 171 390 220 134
646 173 952 220 NICEPHORI
984 174 1386 221 FRAGMENTUM.

170 286 199 320 P
222 287 269 324 87
293 295 468 337 σχιστον·
477 281 595 353 ὅπερ
619 281 696 338 γάρ
723 299 777 325 αν
799 281 902 339 προς
920 280 1086 353 αριστον
1103 281 1309 355 βρώσεως,
1339 301 1388 327 ου
1378 280 1548 333 ’τελέως
1563 300 1739 329 καταπο-

286 340 364 382 θὲν
383 338 491 393 παρὰ
509 357 603 390 τους
620 338 783 394 ἐμετοῦς
801 341 957 393 ἔφθανε
974 338 1295 411 κρινόμενον.τὸ
1311 340 1354 382 δὲ
1371 341 1462 395 περὶ
1478 339 1575 390 τούς
1588 341 1739 413 ὖπηρε-

286 397 506 449 τουμένους
536 397 674 450 ἰταμὸν
697 398 767 439 καὶ
795 399 996 451 θηριῶδες
1021 401 1095 439 τοῦ
1107 395 1260 467 τρόπον
1278 398 1347 439 καὶ
1365 400 1437 451 τῆς
1455 397 1674 466 ’ὑπηρεσίας
1691 396 1735 440 τὰ

290 454 606 504 δυσαχθὲστατον
630 457 715 503 πῶς
742 451 795 495 ἅν
828 470 888 503 τις
915 454 1021 495 εἴποι
1051 452 1123 504 [τὰ
1151 454 1323 509 φέροντα
1349 453 1554 522 σώματα],·
1582 450 1739 507 μάστιξι

288 507 363 562 γάρ
384 506 552 562 ἓκοῖστης
566 509 717 563 η’μέρας
734 513 898 560 πολλαῖς
908 512 1068 551 πολλων
1084 511 1359 561 κατεξαίνοντο
1374 507 1560 563 στόματα·
1588 509 1658 551 καὶ
1669 508 1771 559 ταςό

287 563 405 617 όψεις
429 567 560 607 παίων
588 571 763 620 πυγμαῖς
787 567 857 608 καὶ
878 565 949 616 λαξ
970 564 1229 621 ἐναλλόμενος
1247 564 1367 608 ουδὲν
1384 570 1465 608 τῶν
1483 563 1740 621 σαρκοβόρων

287 623 448 688 θηρίων
486 621 880 693 φιλανθρωπότερον
906 623 1103 676 ἔπραττεν.
1157 623 1202 665 ἐκ
1231 621 1420 694 στόματος
1443 622 1487 664 δὲ
1517 626 1645 676 μελῶν
1670 622 1740 663 καὶ

287 674 515 731 ὄφθαλμων
546 678 768 749 πηρώσεις,
815 679 885 720 καὶ
914 677 963 720 τὰ
990 677 1089 720 ἄλλα
1122 693 1194 721 οσα
1224 677 1335 721 δεινᾶ
1367 677 1645 750 κολαστήρια,
1670 679 1740 720 καὶ

285 733 445 803 σφαγεὶς
470 732 637 785 οἷδίκους
662 732 825 789 ἄνδρων
843 732 1017 786 ἅθοίων,
1045 736 1114 777 καὶ
1131 752 1225 784 τους
1245 735 1310 777 δια
1331 752 1458 790 πυρος
1476 751 1739 789 πικροτατους

284 788 509 842 θανατους,
548 789 716 844 μάλιστα
737 791 781 834 δὲ
796 790 895 834 κατὰ
917 808 998 833 των
1023 789 1356 862 ὄρθοδοξούντων
1377 790 1735 844 ἐπιδεικνυμένους,
1749 795 1794 831 10

230 854 260 889 Β
285 848 322 887 τί
350 863 422 900 χρη
450 847 517 888 καὶ
541 847 686 902 λέγειν,
717 849 759 890 οἱ
773 865 847 903 γαρ
867 851 940 901 τῆς
961 845 1249 917 μανίαςαυτοῦ
1262 851 1476 916 δυσμενεῖς
1493 847 1739 889 ὑπασπισταὶ

285 902 355 944 καὶ
378 901 600 971 δορυφόροι
621 906 737 958 ῥῖνας
757 903 832 958 μὲν
855 921 910 954 ως
926 906 1109 954 πλείστας
1129 900 1361 958 οἷνθρωπων
1379 904 1501 946 ὁσίων
1516 899 1739 972 αποτεμόν-

286 974 371 1009 τες,
402 973 534 1030 ωσπερ
551 959 626 1014 τήν
645 965 719 1003 τοῦ
735 958 968 1016 προδρόμου
988 958 1113 1003 παλαι
1133 959 1314 1014 κεφαλὴν
1331 957 1509 1016 Ἡρωδῃ,
1538 957 1643 1002 οὕτω
1668 958 1739 1000 καὶ

285 1019 340 1071 τῷ
369 1013 441 1067 ἐφ’
466 1016 583 1086 ἤμων
607 1015 760 1074 Ἡρωδῃ
790 1014 878 1059 οἷον
908 1020 1040 1072 δῶρον
1057 1015 1138 1070 ήδυ
1156 1017 1225 1058 καὶ
1243 1017 1454 1070 ἐπέραστον
1473 1013 1656 1069 ἐκόμιζον
1671 1015 1738 1058 ἐπὶ

285 1073 467 1120 πίνακος.
522 1069 750 1140 ὄφθαλμων
770 1070 969 1127 ἐξορυξεις
986 1073 1054 1114 καὶ
1071 1070 1275 1127 γενειαδος
1291 1070 1562 1142 ἐμπυρισμους
1578 1071 1647 1112 καὶ
1667 1071 1733 1112 αἱ·
1746 1073 1792 1111 15

286 1143 422 1180 ματων
440 1125 617 1181 ἐκχύσεις
633 1129 701 1170 καὶ
719 1133 989 1181 μαρτυροῦσιν
1005 1129 1048 1170 οἱ
1061 1128 1172 1182 μέχρι
1187 1128 1256 1169 καὶ
1272 1144 1350 1168 νυν
1364 1144 1413 1168 τα
1430 1125 1607 1180 σύμβολα
1623 1142 1737 1195 περι-

287 1183 492 1251 φέροντες.
547 1181 754 1232 θανατους
773 1182 816 1224 δὲ
832 1184 992 1236 βιαίους
1007 1186 1088 1224 τοῖν
1106 1199 1300 1224 τοιουτων
1319 1183 1387 1225 καὶ
1405 1184 1603 1232 ἐξαισίους
1622 1179 1645 1224 ὁ
1664 1185 1738 1235 τῆς

240 1264 243 1268 »
284 1236 495 1291 θαλάσσης
516 1237 643 1292 βυθὸς
662 1239 886 1287 ἐπίσταται,
915 1239 958 1280 οἱ
976 1240 1087 1281 λίθοι
1106 1236 1331 1307 κράξουσιν.
1388 1237 1436 1287 ἃς
1457 1237 1502 1280 δὲ
1523 1236 1739 1307 περιπλατ-

284 1308 423 1336 τουσιν
442 1292 553 1351 αυτῷ
571 1297 684 1344 νίκας
703 1296 745 1337 οἰ
759 1293 1018 1364 ἐμβρόντητοι
1035 1295 1104 1336 καὶ
1120 1292 1335 1344 λυσσῶδεις
1354 1292 1578 1349 ομόφρονες
1596 1291 1736 1345 αὐτοῦ,

229 1358 260 1392 C
283 1352 353 1393 ’ἵνα
391 1355 484 1404 μιᾶς
518 1367 592 1404 της
626 1353 850 1421 κρατίστης
871 1348 1004 1393 αυτῶν
1036 1351 1367 1404 ἐπιμνησθῶμεν,
1405 1367 1585 1392 τοιαυται
1618 1351 1732 1392 εἰσίν.
1744 1356 1792 1392 20

283 1405 419 1461 ἐπειδη
447 1421 746 1477 παρεσκευαστο
775 1405 877 1462 πρὸς
901 1424 945 1449 το
974 1408 1017 1450 ἐν
1038 1410 1208 1461 δυσμαῖς
1227 1407 1510 1479 είσῳκισμὲνον
1529 1405 1736 1448 Σκυθικὸν

284 1463 407 1513 ἔθνος
435 1461 695 1517 ἀμύνασθαι,
727 1463 968 1530 ὕπαθροίζει
991 1467 1076 1505 πᾶν
1093 1462 1138 1506 τὸ
1160 1461 1238 1506 υπ’
1257 1463 1383 1506 αὐτοῦ
1402 1460 1640 1517 στράτευμα,
1666 1462 1737 1504 καὶ

283 1521 341 1569 εἰς
362 1518 494 1572 χεῖράς
510 1536 551 1562 τε
568 1526 651 1569 τοῖς
667 1522 873 1573 πολεμίοις
894 1517 970 1561 ἰών
981 1550 993 1570 ,
1023 1519 1168 1562 ὁποῖον
1189 1517 1297 1577 αὐτῷ
1311 1537 1381 1562 του
1401 1520 1576 1587 πολέμου
1593 1516 1737 1589 κράτος

277 1573 564 1647 κατώρθωται,
594 1581 788 1646 μαρτυρεῖ
811 1576 860 1617 τοὶ
889 1573 1130 1629 φαινόμενα·
1159 1563 1278 1630 μέχρι
1297 1593 1372 1630 γαρ
1395 1576 1463 1616 καὶ
1489 1573 1663 1629 τήμερον
1683 1573 1733 1616 τοὶ

279 1649 378 1673 κατα
413 1648 485 1684 την
512 1630 676 1685 Ἀχελῶν
705 1631 955 1686 καλουμένην
978 1631 1092 1673 πόλιν
1121 1636 1238 1673 κοῖλα
1267 1632 1333 1672 καὶ
1363 1628 1579 1684 πεδιασιμα
1597 1631 1789 1684 χωρία,25

371 1710 391 1744 1
414 1705 639 1751 προσάροιτο
659 1708 717 1754 βρ.
727 1708 801 1790 71
929 1708 972 1743 15
992 1705 1200 1752 ὀφθαλμῶν
1224 1704 1263 1742 δ’
1273 1704 1495 1761 ἐξορύξεις7
1520 1706 1646 1742 omisso
1669 1706 1734 1742 καὶ

371 1760 454 1800 post
477 1752 647 1798 ἐκχύσεις.
783 1720 1102 1799 19ἐμβρόντιστοι
1123 1753 1242 1798 vulgo.
1376 1754 1423 1788 22
1444 1749 1577 1798 avt-qi?

280 1833 414 1868 dinem:
446 1832 611 1877 quicquid
634 1832 725 1867 enim
747 1833 785 1866 in
808 1832 955 1878 prandio
979 1833 1049 1867 cibi
1072 1844 1137 1878 per
1158 1833 1278 1866 fauces
1296 1830 1503 1875 traiecerat,
1525 1831 1564 1865 id
1585 1830 1735 1866 subinde

279 1879 468 1914 vomitibus
498 1880 842 1913 excernebat.na1n
869 1878 958 1912 illam
987 1878 1024 1912 in
1051 1877 1195 1912 famulos
1223 1877 1454 1922 arrogantiam
1486 1888 1527 1910 ac
1557 1877 1734 1911 feritatem

282 1930 388 1969 atque
420 1924 457 1957 in
492 1923 671 1967 exigendis
703 1924 880 1969 obsequiis
903 1924 1137 1958 morositatem
1161 1923 1238 1968 quis
1261 1923 1400 1968 assequi
1423 1922 1570 1976 dicendo
1592 1922 1734 1967 possit?

283 1971 518 2004 caedebantur
547 1970 702 2013 quotidie
731 1970 842 2013 virgis
874 1969 1028 2014 pluribus
1053 1969 1276 2023 plurimorum
1303 1980 1462 2022 corpora.
1507 1968 1545 2002 in
1564 1979 1652 2012 quos
1673 1967 1733 2001 ille

280 2015 413 2069 pugnis
432 2021 466 2048 et
486 2014 634 2049 calcibus
656 2015 812 2049 insiliens
834 2015 939 2048 nihilo
965 2026 1003 2048 se
1024 2014 1214 2048 carnivoris
1237 2014 1359 2048 bestiis
1380 2013 1550 2047 mitiorem
1598 2018 1734 2047 raesta-

281 2063 356 2096 bat.
402 2061 470 2094 iam
506 2062 733 2094 membrorum
761 2060 1003 2104 oculorumque
1045 2060 1277 2094 mutilationes
1308 2071 1350 2093 ac
1381 2059 1517 2103 reliqua
1547 2058 1561 2092 i
1620 2069 1732 2102 genus

282 2107 411 2140 acerba
435 2106 624 2160 supplicia,
648 2112 719 2140 tum
742 2105 943 2140 innocentes
967 2106 1121 2140 homines
1146 2107 1241 2139 ferro
1265 2116 1306 2139 ac
1325 2105 1469 2138 flammis
1491 2104 1731 2148 interemptos,

280 2152 485 2197 praesertim
518 2152 748 2195 orthodoxos,
784 2151 868 2197 quid
902 2151 1027 2185 attinet
1058 2152 1206 2185 dicere?
1253 2149 1379 2184 etenim
1404 2149 1533 2183 furoris
1556 2148 1648 2183 illius
1671 2160 1729 2183 sa-

279 2198 408 2231 tellites
440 2209 481 2231 ac
510 2197 659 2231 ministri
682 2209 784 2231 nasos
805 2197 1072 2250 quamplurimos
1103 2195 1232 2230 sanctis
1254 2194 1340 2228 viris
1364 2195 1536 2228 abscissos
1563 2194 1600 2228 in
1620 2194 1732 2238 disco,

279 2248 320 2277 ut
344 2242 423 2277 olim
441 2243 576 2276 Herodi
594 2242 832 2287 praecursoris
855 2248 979 2287 caput,
1005 2242 1056 2276 sic
1078 2253 1168 2275 novo
1186 2240 1321 2274 Herodi
1343 2239 1539 2274 suavissimi
1553 2239 1630 2275 loco
1651 2250 1729 2274 mu·-

280 2289 375 2323 neris
408 2289 615 2322 offerebant.
663 2289 707 2322 ad
730 2288 816 2321 haec
839 2289 968 2322 effossa
990 2287 1165 2340 plerisque
1194 2285 1322 2320 lumina
1344 2287 1587 2330 ambustasque
1607 2296 1728 2330 genas,

281 2340 318 2368 et
345 2334 545 2368 exhaustum
571 2333 774 2377 sanguinem
797 2337 970 2367 testantur
990 2333 1017 2366 ii
1039 2332 1099 2378 qui
1122 2332 1159 2365 in
1184 2332 1386 2365 hodiernum
1410 2331 1500 2365 diem
1518 2342 1635 2365 earum
1655 2330 1727 2365 cla-

277 2380 371 2414 dium
402 2379 552 2424 vestigia
586 2379 842 2413 circumferunt.
888 2378 1053 2412 inusitata
1075 2390 1180 2423 porro
1204 2383 1240 2411 et
1262 2378 1434 2411 horrenda
1455 2377 1575 2411 mortis
1598 2387 1730 2421 genera

279 2426 323 2458 ab
357 2426 478 2459 eodem
513 2424 710 2469 excogitata
739 2436 807 2458 non
838 2424 937 2457 modo
966 2424 1138 2468 profunda
1167 2428 1294 2457 norunt
1319 2422 1449 2466 maria,
1486 2423 1550 2456 sed
1585 2428 1622 2456 et
1648 2422 1729 2467 ipsa

278 2472 526 2516 propemodum
548 2482 632 2504 saxa
652 2481 840 2515 personare
862 2469 1037 2504 videntur.
1085 2470 1178 2523 quod
1207 2480 1291 2503 vero
1315 2469 1359 2502 ad
1383 2480 1442 2502 eas
1459 2467 1623 2502 victorias
1643 2478 1727 2511 spe-

279 2521 352 2549 ctat
379 2527 464 2560 quas
490 2516 579 2550 illius
610 2516 764 2550 fautores
789 2515 903 2550 rabidi
930 2527 971 2548 ac
1000 2515 1125 2549 furiosi
1147 2514 1302 2548 homines
1325 2513 1412 2547 falso
1436 2513 1515 2547 huic
1541 2513 1724 2556 affingunt,

278 2565 319 2595 ut
341 2561 384 2594 de
405 2573 448 2594 ea
468 2561 589 2606 loquar
615 2572 704 2606 quae
734 2561 826 2596 inter
858 2572 974 2595 omnes
1008 2561 1196 2606 praecipua
1225 2565 1406 2602 censetur,
1438 2557 1606 2592 eiusmodi
1629 2562 1723 2591 sunt.

278 2617 354 2641 cum
386 2607 429 2640 ad
461 2607 710 2651 propulsandos
745 2606 974 2661 occidentales
1007 2607 1174 2651 Scythiae
1204 2605 1349 2651 populos
1380 2603 1635 2657 expeditionem
1682 2614 1722 2636 a—

280 2656 413 2695 rasset‚
436 2652 588 2686 collectis
613 2653 768 2687 omnibus
795 2652 903 2698 copiis
927 2653 1174 2697 commissoque
1198 2663 1272 2686 cum
1295 2650 1394 2684 hoste
1416 2649 1566 2703 praelia,
1589 2660 1635 2693 qu
1671 2658 1723 2682 em

281 2698 363 2731 inde
384 2697 564 2731 victoriam
588 2698 764 2742 retulerit,
797 2710 886 2744 quae
914 2699 956 2731 ad
982 2698 1045 2732 hoc
1067 2704 1135 2732 tem
1162 2709 1201 2731 us
1225 2701 1410 2741 supersunt
1435 2694 1584 2739 vestigia
1606 2692 1721 2728 decla-

280 2748 372 2778 rant.
418 2744 523 2788 idque
546 2744 649 2779 etiam
668 2744 771 2780 hodie
795 2755 881 2780 cava
900 2743 958 2779 illa
980 2745 1024 2779 ad
1046 2744 1141 2779 Ache
1155 2754 1232 2779 oum
1255 2743 1374 2777 urbem
1397 2753 1438 2777 ac
1461 2741 1626 2788 depressa
1645 2738 1721 2785 pla-
