1890 3224
605 175 663 218 IN
691 175 918 219 BELLUM
945 174 1248 219 AVARICUM.
1557 175 1648 220 131

196 285 397 340 quendam
416 283 670 336 monachum,
714 284 847 325 Phoca
866 287 1098 338 imperante,
1128 300 1150 324 a
1167 284 1241 324 deo
1259 284 1461 339 quaesisse
1483 299 1552 323 cur
1566 292 1651 323 tam

195 346 365 396 impium
385 342 619 381 Christianis
636 345 918 395 imperatorem
936 342 1123 392 dedisset,
1152 356 1370 396 vocemque
1389 344 1466 380 sibi
1485 355 1650 394 respon-

148 426 149 430 η
196 400 358 438 dentem
375 400 594 438 audivisse:
624 396 684 440 ὅτι
703 401 863 453 χείρονα
882 397 1027 440 τούτου
1056 396 1129 452 οὐχ
1152 395 1272 453 εὖρον
1294 397 1396 451 πρὸς
1413 397 1489 452 τήν
1506 400 1651 441 κακίαν

194 460 276 498 τῶν
295 461 372 498 νῦν
389 452 686 498 κατοικούντων
707 456 751 496 ἔν
770 460 821 511 τῇ
841 452 965 497 πόλει.
1022 456 1114 494 vide
1131 456 1369 494 Heracliad.
1394 459 1421 497 2
1443 460 1512 498 83.

311 514 403 555 125.
460 514 598 565 paucis
636 512 846 564 expeditus
877 526 899 550 a
929 515 1082 564 primae
1109 514 1302 551 Abaricae
1336 512 1488 551 fraudis
1514 525 1653 550 narra-

194 571 300 608 tione
321 569 372 607 ad
389 569 606 608 secundam
627 569 747 607 latius
766 569 1048 622 exponendam
1065 569 1328 622 progreditur.
1372 568 1449 613 hoc
1470 577 1529 607 est
1544 571 1654 608 enim

194 641 285 665 vere
305 627 458 665 bellum
479 627 714 675 Abaricum,
755 625 805 664 de
832 640 909 680 quo
939 640 1055 679 agere
1081 629 1124 665 in
1152 625 1228 665 hoc
1245 628 1446 679 poematio
1464 627 1653 677 intelligit

221 688 323 722 oeta.

192 698 218 735 Ρ
308 741 400 781 127.
458 739 589 791 Sergii
611 739 856 792 patriarchae
876 739 1059 791 precibus
1077 739 1228 778 factum
1246 746 1307 778 est
1326 746 1371 777 ut
1392 737 1553 790 delpara
1569 740 1651 776 vir—

193 798 285 847 gine
305 795 573 833 intercedente
590 798 813 847 placaretur
833 796 966 834 divina
982 798 1132 834 iustitia
1153 804 1192 834 et
1215 797 1414 848 Cpolitani
1437 795 1487 833 de
1509 795 1653 833 barba-

192 855 246 891 ris
275 853 483 890 victoriam
512 853 718 890 referrent.
776 860 984 904 propterea
1012 860 1071 890 tot
1099 853 1238 891 laudes
1271 852 1339 890 hic
1367 859 1577 903 congestae
1600 851 1652 889 ad

192 912 381 961 pietatem
400 907 580 946 eiusdem
599 910 731 961 Sergii
750 908 1005 958 efferendam,
1039 921 1160 961 quem
1176 909 1312 948 Pisida
1330 916 1373 947 ut
1392 909 1490 947 belli
1509 907 1651 947 ducem

192 974 230 1004 et
246 965 410 1003 heroem
431 966 590 1003 salutat.

305 1023 399 1063 130.
458 1022 594 1060 confer
609 1021 684 1060 hos
703 1022 856 1060 iambos
877 1035 968 1060 cum
988 1021 1185 1059 Hexaie'm.
1210 1036 1248 1060 v.
1271 1024 1341 1064 39.

304 1080 398 1120 136.
457 1092 575 1130 saepe
591 1080 634 1116 in
654 1078 790 1117 Pisida
808 1078 926 1131 ὑμῶν
943 1092 1014 1130 pro
1037 1081 1124 1119 σοῦ.

304 1135 399 1177 139.
457 1137 604 1173 similia
621 1137 664 1172 in
684 1138 935 1174 Hexaemero
959 1134 1008 1173 de
1028 1134 1170 1173 eodem
1188 1135 1328 1185 Sergio
1349 1147 1388 1172 v.
1412 1134 1533 1174 1881.

303 1190 398 1231 143.
455 1191 547 1230 vide
564 1192 762 1230 Hexae’m.
785 1190 968 1235 v.'1888.
1445 1219 1447 1223 .
1516 1236 1519 1240 .

275 1262 278 1264 ’
304 1246 399 1288 145.
458 1249 661 1298 spinarum
680 1248 816 1287 sordes
837 1255 927 1287 sunt
947 1253 1121 1300 peccata.
1179 1245 1321 1284 alludit
1347 1244 1399 1284 ad
1417 1246 1646 1298 parabolam

192 1302 240 1340 de
256 1304 419 1341 zizaniis
436 1303 589 1340 Matth.
620 1307 671 1347 13
699 1303 768 1345 40.

302 1358 398 1400 147.
455 1359 507 1397 cf.
528 1359 671 1398 Iohan.
699 1360 752 1402 15
782 1361 824 1401 6.

303 1415 398 1456 149.
457 1416 507 1454 cf.
524 1417 629 1455 Luc.
654 1418 705 1457 13
726 1419 768 1458 7.

305 1471 400 1513 154.
456 1473 633 1524 legerem
651 1471 731 1526 ἤδη
751 1473 818 1512 vel
841 1478 944 1510 certe
964 1468 1090 1524 ἥδεις.
1127 1484 1229 1525 quae
1247 1477 1478 1525 sequuntur,
1507 1486 1651 1512 secun-

191 1527 287 1566 dum
315 1529 539 1579 apostolum
566 1530 655 1567 Cor.
682 1532 701 1569 1
728 1533 755 1571 3
783 1529 886 1567 dicta
906 1535 1012 1566 sunt.

303 1587 397 1626 167·
455 1585 622 1634 ἔναυλος
650 1592 755 1623 certe
785 1593 844 1624 est
870 1599 1020 1630 recens,
1051 1585 1164 1637 quasi
1182 1583 1314 1622 adhuc
1330 1586 1518 1624 insonans
1541 1587 1648 1623 auri-

188 1641 274 1679 bus.
333 1648 477 1680 testem
495 1641 623 1681 habeo
645 1641 836 1691 Suidam,
882 1643 952 1694 qui
976 1643 1031 1679 ait
1052 1637 1103 1682 οὔ
1122 1638 1202 1694 πρό
1223 1643 1375 1682 πολλοῦ
1395 1638 1650 1694 μνημονευό-

187 1712 321 1749 μενον,
352 1697 408 1738 gu
425 1695 708 1751 ἔνηχούμενον.
754 1699 864 1737 idem
880 1696 1026 1736 Suidas
1045 1697 1150 1735 hanc
1171 1699 1482 1749 explicationem
1504 1699 1647 1737 confir-

187 1760 271 1791 mat
293 1756 479 1806 exemplo
499 1755 681 1803 Pisidae,
719 1755 828 1806 quod
851 1754 999 1793 videsis
1025 1755 1129 1792 inter
1158 1755 1382 1805 fragmenta
1408 1768 1447 1792 V.
1467 1758 1544 1796 87:
1575 1754 1648 1794 sed

190 1808 331 1847 eadem
350 1823 432 1848 vox
447 1813 489 1848 in
512 1810 653 1849 eodem
675 1824 794 1849 sensu
817 1817 1005 1861 usurpata
1026 1811 1206 1858 occurrit,
1229 1811 1278 1848 de
1298 1811 1452 1861 Exped.
1474 1814 1502 1852 2
1524 1813 1619 1854 152.

140 1912 143 1914 ,
303 1869 399 1907 171.
455 1868 552 1905 scite
577 1868 795 1905 orationem
818 1863 1090 1920 καλλιγρᾶφον
1115 1873 1252 1904 vocat:
1290 1868 1360 1904 ille
1382 1868 1490 1903 enim
1510 1868 1646 1918 perfe-

188 1930 274 1961 ctus
298 1929 357 1961 est
377 1930 529 1972 orator,
574 1924 643 1976 qui
676 1922 725 1960 de
750 1936 986 1976 quacunque
1013 1936 1077 1972 re,
1116 1935 1238 1974 quam
1263 1923 1339 1960 sibi
1371 1923 1646 1962 exornandam

188 1981 322 2028 sumit,
350 1981 463 2018 novit
483 1979 613 2018 dicere
631 1986 766 2018 ornate
787 1988 826 2018 et
843 1981 1036 2031 apposite.
1093 1978 1186 2016 vide
1208 1980 1440 2017 Ciceronem
1459 1979 1530 2030 lib.
1554 1982 1576 2020 1
1595 1981 1645 2018 de

189 2037 345 2074 Invent.
370 2043 407 2073 et
428 2035 498 2073 lib.
525 2038 548 2077 1
580 2037 628 2074 de
652 2036 809 2075 Orator.
871 2043 1046 2074 ceterum
1072 2034 1121 2072 de
1152 2033 1406 2087 calligraphis
1433 2043 1472 2074 et
1498 2035 1642 2088 tachy-

112 2090 116 2093 ⁴
187 2091 363 2144 graphis,
394 2106 417 2130 a
436 2094 546 2131 varia
566 2092 764 2131 scribendi
783 2095 980 2145 elegantia
1000 2099 1039 2130 et
1055 2093 1196 2144 peritia
1215 2094 1270 2130 sic
1292 2091 1419 2140 dictis,
1450 2105 1473 2129 a
1497 2094 1640 2145 quibus

186 2156 390 2187 mutuatur
407 2149 543 2188 Pisida
562 2148 852 2202 metaphoram,
877 2149 1073 2188 videndus
1093 2149 1410 2187 Montfauconius
1421 2149 1637 2202 Palaeogr.

194 2205 268 2243 Gr.
287 2219 334 2256 p.
360 2205 427 2247 35.
485 2207 622 2245 confer
640 2206 689 2243 de
705 2207 859 2258 Exped.
885 2210 905 2249 1
934 2210 1004 2249 60.

200 2286 202 2289 ·
252 2296 259 2299 .
303 2264 397 2304 172.
427 2275 528 2315 quae
545 2270 765 2316 sequuntur
784 2277 911 2317 usque
933 2262 984 2301 ad
1002 2276 1041 2301 v.
1060 2264 1156 2312 213,
1185 2262 1394 2314 allegorice
1412 2260 1516 2300 dicta
1533 2269 1640 2301 sunt.

186 2318 444 2356 barbarorum
469 2317 634 2358 hostiles
661 2327 822 2359 conatus
849 2327 940 2359 sunt
971 2320 1149 2358 turbines
1180 2327 1218 2357 et
1240 2319 1471 2370 -procellae3
1527 2321 1640 2357 navis

187 2376 331 2412 iactata
346 2376 473 2413 ventis
494 2383 533 2414 et
549 2378 850 2428 tempestatibus
870 2384 928 2416 est
948 2378 1104 2429 Cpolis;
1134 2383 1278 2414 nautae
1297 2383 1389 2414 sunt
1410 2377 1538 2425 cives;
1567 2389 1643 2414 na-

187 2433 247 2469 vis
266 2432 504 2483 gubernator
520 2440 580 2471 est
594 2434 771 2484 Sergius.

300 2487 395 2531 174.
452 2490 507 2526 ita
523 2504 561 2527 v.
586 2491 639 2532 89
661 2490 839 2527 Abarum
854 2495 1015 2541 gentem
1032 2488 1215 2542 ἔμψυχον
1235 2483 1358 2530 σάλον
1375 2489 1606 2540 appellavit.

301 2548 322 2586 1
333 2545 397 2587 75.
454 2559 592 2585 omnes
609 2547 779 2595 barbari,
801 2548 871 2598 qui
889 2547 991 2584 circa
1000 2545 1217 2585 Thraciam
1231 2544 1504 2595 consederant,
1525 2546 1645 2584 simul

189 2612 282 2638 cum
300 2601 495 2641 Abaribus
515 2605 786 2655 conspirantes
807 2604 911 2640 vires
929 2615 1020 2640 suas
1039 2603 1288 2642 contulerunt
1301 2631 1312 2651 ,
1341 2609 1386 2640 ut
1402 2604 1533 2653 magis
1551 2615 1643 2640 sae-

188 2668 281 2694 vam
306 2655 589 2712 horridamque
614 2666 894 2711 tempestatem
923 2667 1057 2698 contra
1084 2660 1224 2697 urbem
1250 2660 1472 2711 principem
1493 2659 1642 2697 confla-

189 2719 289 2751 rent.
347 2715 417 2767 qui
432 2715 579 2755 fuerint
595 2716 767 2765 barbari,
800 2715 892 2753 vide
910 2716 1014 2754 infra
1028 2729 1068 2755 v.
1091 2718 1183 2757 157.

302 2773 395 2812 176.
453 2779 556 2810 recte
577 2772 621 2813 ἕν
637 2773 763 2827 θέρει.
821 2772 873 2810 cf.
892 2769 1037 2810 Chron.
1056 2769 1247 2810 Paschale
1264 2785 1310 2823 p.
1328 2772 1411 2812 717
1430 2769 1494 2809 ed.
1509 2772 1641 2808 Bonn-

303 2828 395 2868 187.
453 2828 496 2867 S.
524 2829 696 2869 Basilius
725 2837 819 2867 tom.
843 2831 870 2870 2
887 2841 933 2880 p.
958 2830 1038 2872 168
1064 2835 1314 2880 peccatorem
1341 2834 1479 2866 monet
1504 2825 1560 2875 (ὅς
1586 2825 1642 2868 ἔτι
