1890 3224
282 209 374 257 148
619 210 895 265 QUERCIUS
928 211 986 253 IN
1021 210 1385 255 HERACLIADIS

279 324 343 361 vel
370 320 542 374 pecudes
573 320 671 373 (per
697 318 746 361 τοὶ
776 322 880 373 μῆλα
903 320 1008 357 enim
1030 327 1241 373 utrumque
1263 327 1367 358 recte
1384 327 1512 372 potest
1532 319 1730 372 intelligi)

279 380 327 417 ab
345 378 468 416 hortis
489 375 753 428 Hesperidum
771 377 944 425 abstulit,
977 377 1204 415 Heraclium
1221 384 1353 415 autem
1370 391 1468 429 opus
1486 380 1617 429 ipsum
1636 391 1732 415 con-

276 437 440 482 fecisse,
472 446 562 471 cum
589 435 708 471 totius
734 432 908 471 Persidis
938 434 1114 471 civitates
1143 433 1300 472 devicit.
1359 441 1398 471 at
1423 435 1466 471 in
1494 434 1631 471 Poe'm.
1663 435 1729 470 cit.

279 492 582 530 Constantinum
619 490 794 527 Heraclii
824 490 951 527 filium
983 503 1180 528 summam
1205 489 1368 528 laudem
1395 497 1616 528 assecutum
1647 503 1733 527 esse

277 548 392 594 dicit,
424 546 534 599 quod
570 548 810 598 sapientium
844 549 1008 597 scripta,
1049 560 1166 585 aurea
1195 560 1287 584 vere
1317 547 1448 596 mala,
1489 546 1731 597 degustavit:

275 601 412 656 λαβών
432 601 480 643 τοὶ
496 606 625 655 χρυσᾶ
647 605 774 654 μῆλα,
803 600 898 650 τούς
922 599 1077 653 σόφους
1100 601 1254 656 λόγους.

389 662 457 702 80.
514 660 676 698 Vossius
696 659 744 696 de
760 661 861 711 orig.
886 659 981 697 idol.
1003 659 1072 696 lib.
1096 662 1123 700 2
1143 674 1177 696 c.
1202 658 1255 700 15
1276 657 1541 710 Hesperidum
1556 658 1735 695 fabulam

278 723 383 754 recte
408 715 566 753 videtur
584 717 886 767 interpretatus:
918 717 972 753 ait
993 718 1100 753 enim
1118 716 1330 753 Herculem
1350 728 1435 753 esse
1457 715 1606 762 solem,
1639 712 1735 751 hor-

278 780 340 811 tos
359 786 449 810 cum
470 773 598 810 aureis
616 774 746 823 pomis
767 785 852 810 esse
875 773 1030 810 coelum
1053 786 1145 810 cum
1161 772 1310 820 stellis,
1341 770 1580 822 Hesperidas
1603 777 1736 807 autem

279 843 365 867 esse
386 836 567 876 noctem,
597 830 653 866 ita
679 824 759 869 ἅπὸ
779 831 853 879 τῆς
873 827 1037 878 ἑσπέρας
1053 835 1321 879 nuncupatas3
1352 840 1397 864 ac
1422 825 1588 878 proinde
1618 826 1736 863 fabu-

278 887 343 923 lae
365 900 458 923 eum
478 899 563 923 esse
583 898 744 923 sensum
757 915 767 934 ,
797 893 842 922 ut
864 886 1108 936 intelligatur
1128 885 1211 923 sole
1231 885 1435 922 exoriente
1452 884 1584 934 fugari
1603 883 1738 921 stellas

283 949 323 979 et
342 943 441 993 pelli
460 948 633 980 noctem.
689 954 805 993 porro
823 940 958 979 Pisida
975 941 1068 979 huic
1083 941 1396 992 interpretationi
1415 940 1536 988 favet,
1551 974 1554 977 ,
1567 940 1637 991 qui
1654 940 1738 975 He-

283 1000 395 1035 raclii
426 1000 514 1036 luce
542 999 679 1049 pulsas
709 1011 795 1036 esse
827 998 1010 1035 tenebras
1036 999 1184 1045 noctis,
1214 997 1258 1034 id
1279 1003 1338 1034 est
1357 995 1553 1044 Persidis,
1582 994 1649 1032 hic
1669 996 1738 1042 ait,

285 1062 324 1092 et
347 1056 442 1093 alibi
462 1056 692 1092 Heraclium
714 1055 840 1092 solem
862 1053 1118 1094 disertissime
1139 1053 1327 1104 appellat.
1386 1052 1434 1089 de
1459 1052 1613 1102 Exped.
1641 1053 1667 1092 8
1697 1053 1739 1090 9.

398 1110 465 1154 84.
525 1110 574 1149 de
597 1124 707 1148 more
728 1109 1000 1163 ’ὑπερβολικῶς
1021 1110 1250 1147 Heraclium
1273 1115 1473 1160 comparat
1493 1105 1740 1159 patriarchae

284 1169 368 1206 Νοὲ
381 1198 391 1217 ,
424 1169 493 1220 qui
514 1181 567 1205 ex
587 1168 768 1205 unanimi
786 1174 944 1218 patrum
961 1167 1156 1204 sententia
1174 1166 1250 1203 fuit
1268 1172 1386 1217 typus
1404 1163 1562 1204 Christi.
1783 1164 1787 1166 ’

395 1227 464 1266 89.
528 1225 629 1261 Gen.
653 1226 680 1264 7
713 1226 779 1264 12.

397 1281 465 1321 91.
524 1282 579 1321 70
606 1281 841 1329 interpretes
880 1279 981 1316 Gen.
1013 1281 1039 1320 8
1071 1278 1122 1318 11
1152 1276 1302 1316 habent
1327 1273 1483 1329 φύλλον
1507 1275 1662 1324 ἐλαίαςε
1702 1281 1742 1312 at

283 1335 421 1374 Pisida
445 1335 580 1373 dicens
606 1335 741 1383 ἐλαίας
761 1333 911 1375 κλάδον
929 1335 1134 1385 vulgatam
1154 1336 1380 1372 versionem
1399 1334 1515 1372 nobis
1538 1345 1743 1371 commen-

285 1392 374 1441 dat,
405 1394 447 1429 in
475 1405 553 1444 qua
578 1393 749 1443 legimus
775 1393 884 1429 venit
906 1390 1089 1428 columba
1100 1398 1270 1441 portans
1288 1403 1444 1428 ramum
1465 1391 1592 1428 olivae
1611 1390 1743 1427 viren-

286 1449 391 1486 tibus
410 1449 533 1500 soliis
563 1449 606 1486 in
641 1461 706 1485 ore
734 1462 830 1485 sao:
860 1461 956 1485 nam
982 1443 1128 1495 κλάδος
1156 1454 1217 1485 est
1246 1460 1379 1485 ramus
1404 1453 1517 1484 tener
1538 1452 1576 1483 et
1595 1446 1744 1484 virens.

285 1513 461 1543 ceterum
488 1517 579 1542 cum
605 1500 874 1558 ἄλληγορικῶς
895 1505 1081 1556 loquatur
1098 1508 1236 1555 poeta,
1267 1510 1376 1555 patet
1397 1517 1470 1571 per
1494 1515 1650 1540 ramum
1667 1501 1744 1539 oli-

285 1574 358 1600 vae
385 1562 564 1598 tabulam
594 1562 727 1598 forsan
762 1562 1007 1612 oleaginam,
1039 1559 1185 1598 Christi
1205 1561 1423 1610 imaginem
1443 1555 1746 1612 ἀχειροποίητον

287 1619 545 1665 referentem,
574 1617 821 1667 intelligere,
851 1630 928 1685 qua
946 1618 1121 1653 munitus
1140 1616 1374 1653 Heraclius*
1363 1628 1405 1652 ni
1423 1614 1638 1653 Chosroam
1655 1626 1745 1651 mo-

286 1676 359 1712 vit.
407 1647 574 1725 proinde
594 1686 687 1710 vero
709 1686 866 1710 ramum
885 1668 1108 1725 η’λεημένην
1126 1672 1193 1709 vel
1209 1673 1362 1723 potius,
1392 1672 1426 1708 si
1443 1671 1594 1722 placet,
1623 1667 1746 1722 η’λεη-

286 1730 409 1783 μένον
427 1733 559 1782 ipsam
576 1730 766 1780 effigiem
772 1732 864 1767 Iesu
882 1727 1029 1767 Christi
1046 1735 1183 1776 vocat,
1213 1741 1285 1779 per
1312 1740 1432 1779 quam
1455 1727 1606 1765 scilicet
1627 1727 1746 1763 mise-

287 1786 501 1824 ricordiam
530 1787 702 1824 Romani
726 1793 821 1823 sunt
847 1785 1058 1822 con-secati.-
1091 1797 1227 1822 omnes
1255 1785 1362 1821 enim
1389 1797 1479 1835 spes
1506 1796 1597 1821 suas
1626 1784 1669 1820 in
1700 1795 1747 1819 ea

290 1844 551 1881 collocaverat
573 1843 809 1893 imperator,
841 1843 956 1893 eique
972 1847 1127 1892 partam
1145 1842 1350 1878 victoriam
1372 1853 1425 1878 ex
1445 1840 1621 1878 barbaris
1638 1845 1747 1877 retu-

291 1900 340 1937 lit
362 1906 578 1951 acceptam.
635 1897 728 1935 vide
750 1898 798 1935 de
815 1897 970 1948 Exped.
999 1901 1017 1937 1
1051 1898 1129 1938 139
1162 1903 1200 1934 et
1227 1900 1255 1938 2
1285 1900 1354 1939 86.

409 1958 479 1997 93.
538 1953 710 1993 ostendit
737 1953 905 2006 dignum
929 1954 1052 1991 fuisse
1081 1953 1310 1990 Heraclium
1340 1954 1409 2006 qui
1439 1966 1462 1990 a
1492 1952 1576 1990 solo
1604 1951 1748 2002 Apelle

295 2012 375 2050 coo
403 2013 633 2063 pingeretur
653 2017 691 2048 et
711 2023 733 2047 a
756 2012 839 2049 solo
862 2008 1131 2048 Demosthene
1154 2017 1352 2047 oratorum
1368 2010 1546 2046 maximo
1573 2007 1749 2044 celebra-

295 2076 426 2116 retur3
458 2068 602 2121 quibus
634 2067 766 2105 verbis
793 2069 934 2104 tacitus
954 2064 1177 2104 Alexandri
1197 2067 1333 2116 Magni
1356 2064 1557 2102 decretmn
1575 2063 1689 2101 nobis
1704 2064 1747 2100 in

296 2131 475 2162 mentem
497 2130 675 2172 revocat,
707 2122 756 2161 de
781 2137 858 2176 quo
882 2124 1067 2160 Horatius
1089 2124 1202 2173 epist.
1223 2125 1250 2162 2
1287 2125 1307 2162 1
1339 2123 1436 2162 239.

411 2183 479 2223 97.
537 2181 690 2231 legem,
721 2179 771 2217 de
798 2191 875 2232 qua
902 2185 986 2216 tam
1006 2180 1160 2229 copiose
1181 2178 1262 2228 agit
1281 2184 1434 2226 noster,
1463 2177 1587 2215 fuisse
1607 2188 1748 2215 censeo

295 2238 464 2276 civitatis
483 2237 711 2287 Cpolitanae
730 2236 907 2273 solemne
926 2234 1149 2282 decretum,
1179 2246 1257 2286 quo
1276 2234 1490 2283 sancitum,
1518 2241 1562 2271 ut
1579 2232 1748 2281 videtur,

295 2295 394 2342 fuit,
425 2299 469 2330 ut
498 2293 703 2329 Heraclius
732 2293 831 2342 imp.
860 2293 903 2328 in
933 2289 1179 2328 debellandis
1205 2291 1336 2328 Persis
1366 2289 1495 2328 adhuc
1523 2296 1748 2341 occupatus,

295 2351 441 2388 bellico
470 2354 610 2385 ornatu
638 2349 848 2398 insignitus
880 2347 1014 2398 aliqua
1030 2348 1072 2383 in
1091 2353 1201 2397 parte
1223 2347 1331 2384 urbis
1346 2348 1595 2398 pingeretur,
1627 2352 1666 2383 et
1682 2346 1749 2382 in-

296 2406 520 2457 scriptionis
544 2405 630 2441 loco
660 2404 834 2454 elogium
854 2404 1107 2451 scriberetur,
1141 2405 1183 2440 in
1200 2415 1278 2455 quo
1296 2410 1452 2455 praeter
1467 2403 1601 2440 titulos
1619 2403 1750 2452 impe-

295 2463 489 2500 ratoribus
511 2459 597 2497 dari
621 2461 758 2497 solitos
778 2473 903 2496 novas
929 2460 1062 2509 Scipio
1085 2467 1309 2508 vocaretur,
1346 2472 1561 2512 omnesque
1586 2471 1639 2495 ex
1665 2459 1751 2494 He-

297 2518 408 2556 raclii
430 2523 546 2567 gente
570 2516 783 2566 Scipiadae
801 2514 1035 2553 dicerentur.
1092 2515 1253 2564 idcirco,
1282 2517 1324 2552 ni
1340 2516 1470 2563 fallor,
1499 2515 1636 2566 paullo
1659 2520 1751 2550 ante

296 2575 484 2633 Apellem
514 2580 551 2610 et
578 2571 913 2620 Demosthenem,
943 2579 988 2609 ut
1010 2574 1052 2608 in
1070 2574 1171 2610 vivis
1194 2578 1342 2620 essent,
1374 2570 1640 2619 desiderabat,
1671 2571 1751 2608 sci-

295 2623 393 2668 licet‘
411 2636 456 2667 ut
476 2630 575 2666 alter
596 2629 790 2666 coloribus
811 2635 849 2666 et
873 2629 971 2665 alter
990 2629 1120 2666 verbis
1144 2627 1282 2679 digne,
1316 2634 1433 2680 atque
1455 2634 1499 2664 ut
1518 2628 1618 2664 tanti
1639 2627 1752 2677 prin-

300 2687 397 2738 cipis
419 2685 592 2736 dignitas
616 2692 654 2722 et
673 2686 796 2722 virtus
818 2683 1026 2722 videbatur
1045 2697 1280 2735 exposcere,
1312 2685 1580 2735 exprimerent
1605 2682 1752 2732 imagi·-

301 2756 408 2780 nem.
450 2754 527 2794 quo
546 2748 679 2778 tamen
697 2743 739 2778 in
756 2742 841 2779 loco
859 2741 967 2778 urbis
987 2742 1182 2778 exstiterit
1200 2738 1299 2777 haec
1313 2741 1464 2791 pictura
1482 2752 1563 2776 non
1580 2742 1751 2776 constat.

304 2800 456 2851 primus
478 2799 586 2835 enim
604 2811 657 2834 ex
674 2797 927 2849 scriptoribus
944 2798 1173 2848 Byzantinis
1194 2794 1271 2833 hoc
1286 2803 1419 2833 narrat
1437 2794 1594 2844 Pisida,
1621 2804 1752 2844 neque

306 2858 409 2893 iuter
433 2856 716 2906 epigrammata
739 2861 778 2892 et
798 2860 1055 2892 monumenta
1076 2853 1184 2892 urbis
1210 2852 1438 2904 Cpohtanae
1462 2865 1485 2890 a
1506 2851 1634 2903 poetis
1656 2849 1753 2887 olim
