1890 3224
245 200 302 243 12
629 244 631 246 ,
714 197 949 242 GEORGII
981 197 1194 241 PISIDAE

455 313 551 368 ὖμῒν
569 312 611 354 δὲ
633 314 712 354 πᾶν
732 310 778 354 τὸ
797 310 981 368 πραχθὲν
1000 296 1277 362 ἐσπουδάζετο,

456 381 564 430 ὅπως
587 378 607 421 ὃ
627 383 785 436 πρῶτος
804 378 956 433 μισθὸς
978 380 1034 428 εἷς
1053 378 1126 432 τὴν
1150 379 1280 420 αἰτίαν

457 452 524 490 καὶ
545 447 617 502 τὴν
639 447 829 503 ἀφορμὴν
851 444 1074 503 συνδράμοι
1095 450 1168 488 τοῦ
1189 443 1435 502 πράγματος.

341 513 423 554 215
456 516 495 558 οἱ
513 515 586 568 μὲν
608 514 685 571 γὰρ
711 514 849 557 ὤθουν
870 515 913 556 ἐκ
937 515 1170 556 θαλαττίων
1190 515 1319 555 λίθων

458 582 626 640 ῥιζωθὲν
647 581 779 639 ὥσπερ
802 583 844 631 ἐξ
866 580 1040 638 ἀνάγκης
1057 582 1103 623 τὸ
1130 579 1308 638 σκάφος,

458 651 496 692 οἱ
513 652 689 692 ναυτικοὶ
708 651 752 692 δὲ
769 655 853 700 τοῖς
871 650 1124 703 ἀποσχοίνοις
1141 647 1271 698 τόνοις

458 716 650 772 λαβόντες
666 715 816 769 εἷλκον,
844 716 899 767 ὥς
922 718 1032 771 ἐνῆν,
1068 716 1140 771 τὴν
1160 715 1338 767 ὁλκάδα,

458 786 532 835 ἕως
555 783 866 840 κατισχύσαντες
885 785 1069 827 εἵλκυσαν
1087 783 1204 838 μόλις

343 853 424 892 220
455 853 527 907 τὴν
542 857 642 894 ναῦν
662 857 863 895 πεσοῦσαν
883 853 924 895 ἓν
943 850 1096 909 σαγήνῃ
1112 855 1192 894 τῶν
1210 851 1352 892 λίθων.

504 915 559 961 Ὦ
576 921 795 974 συμπαθὲς
816 918 1006 977 φρόνημα
1027 922 1094 962 καὶ
1118 922 1256 974 ψυχῆς
1277 915 1392 967 τόνος

460 989 527 1029 καὶ
549 990 714 1045 φροντὶς
734 989 937 1045 ἀρκέσασα
956 994 1040 1038 τοῖς
1065 986 1172 1037 ὅλοις
1197 987 1302 1040 μία]

461 1053 581 1096 πάλιν
601 1060 798 1115 μεριμνᾷς
804 1088 818 1107 ,
865 1057 932 1098 καὶ
952 1054 1074 1097 πάλιν
1095 1054 1198 1097 κατὰ
1222 1051 1342 1107 ζάλης

460 1121 596 1177 μάχην
617 1122 850 1173 συνάπτεις·
886 1123 978 1165 οὗδὲ
1000 1122 1076 1179 γὰρ
1098 1122 1325 1170 θαλαττίας

346 1189 427 1229 225
462 1191 641 1240 κίνδυνος
663 1189 792 1247 ὁρμῆς
799 1222 812 1242 ,
841 1191 933 1233 οὐδὲ
955 1195 1028 1242 τῆς
1047 1194 1121 1246 γῆς
1141 1188 1166 1243 ἡ
1190 1186 1288 1242 ζάλη

461 1261 512 1313 τῇ
534 1262 586 1313 σῇ
606 1259 806 1315 παρέσχον
829 1258 999 1311 ἐκκοπὴν
1019 1257 1244 1314 προθυμίᾳ.

464 1325 556 1366 ἀλλ’
583 1323 638 1375 ὡς
655 1323 784 1381 σοφός
803 1342 863 1376 τις
885 1327 926 1367 ἓν
951 1323 1183 1381 κυβερνήσει
1205 1321 1325 1377 ζάλης

457 1397 656 1445 χειμῶνος
673 1391 802 1448 αὔρας
819 1393 1068 1450 ἠγριωμένας
1086 1392 1259 1446 βλέπων,

461 1457 550 1501 τότε
573 1461 692 1502 πλέον
713 1462 885 1503 δείκνυσι
903 1461 976 1514 τὴν
998 1460 1211 1514 εὖτεχνίαν,

345 1525 428 1566 230
463 1528 531 1568 καὶ
552 1531 615 1584 τῷ
629 1531 809 1584 λογισμῴ
828 1529 903 1577 τὰς
922 1528 1133 1583 τρικυμίας
1154 1523 1324 1583 φθάσας

462 1595 593 1647 τέμνει
610 1595 655 1637 τὸ
677 1594 805 1652 ῥεῦμα
821 1599 894 1649 τῆς
911 1593 1032 1649 ζάλης
1050 1593 1292 1650 ἀνατρέχων,
1318 1631 1321 1633 ,

464 1668 574 1703 κενοῖ
590 1679 631 1704 τε
654 1666 814 1711 πυκνιῖς
831 1667 904 1717 τῆν
924 1663 1020 1716 βίαν
1043 1666 1116 1704 τοῦ
1139 1659 1386 1713 πνεύματος,

467 1728 572 1771 οὕτω
594 1728 799 1787 κρατήσας
819 1734 892 1772 τοῦ
913 1731 1005 1784 βίου
1027 1729 1122 1779 τοὺς
1144 1728 1315 1781 αὐχένας
1323 1759 1336 1778 ,

461 1801 659 1850 χειμῶνος
679 1796 792 1846 ὄντος
814 1799 882 1839 καὶ
903 1802 1084 1854 ταραχῆς
1101 1794 1361 1853 πραγμάτων,

350 1862 433 1902 235
469 1863 642 1920 φθάνων
665 1863 836 1919 ἑκάστην
853 1869 1075 1922 συμφορῶν
1095 1864 1307 1920 τρικυμίαν
1361 1897 1363 1900 .

468 1936 524 1987 πῇ
544 1933 616 1986 μὲν
640 1933 880 1986 ὃιατέμνεις,
916 1937 973 1989 πῇ
995 1933 1039 1974 δὲ
1060 1932 1132 1985 τὴν
1150 1932 1246 1984 βίαν
1267 1936 1412 1986 κενοῖς,

468 2004 525 2056 πῇ
549 2001 592 2041 δὲ
613 2000 714 2057 πρὸς
734 1999 843 2054 ὕψος
864 2000 1038 2054 εὐσεβῶς
1059 1998 1287 2055 ἀνατρέχων

340 2117 409 2154 227
429 2129 485 2158 τις
507 2116 574 2153 add
595 2117 625 2151 P
763 2118 830 2152 228
854 2111 954 2161 ὧρας
987 2115 1029 2150 ed

250 2215 337 2260 gulis
353 2217 452 2250 factis
468 2228 583 2251 curam
598 2217 748 2251 habebas
761 2244 771 2261 ‚
796 2216 845 2251 sic
860 2217 898 2250 ut
913 2216 1103 2260 promptum
1120 2213 1302 2259 praemium
1319 2214 1363 2247 ad
1379 2213 1542 2247 rationem
1557 2212 1710 2245 occasio·-

251 2271 394 2305 nemque
410 2266 604 2296 accurreret
618 2262 739 2306 operis.
795 2262 899 2305 (215)
926 2261 975 2294 illi
997 2260 1130 2304 quidem
1153 2259 1400 2305 protrudebant
1424 2270 1467 2292 ex
1482 2258 1619 2292 marinis
1634 2269 1711 2290 sco-

253 2306 339 2351 pulis
355 2307 515 2340 radicitus
532 2319 573 2341 ac
590 2308 697 2340 veluti
712 2317 774 2351 per
788 2308 856 2340 vim
873 2307 1010 2339 affixam
1023 2316 1161 2339 navem:
1196 2310 1319 2339 nautae
1333 2315 1418 2338 vero
1433 2303 1560 2338 iunceis
1575 2302 1713 2336 funibus

253 2350 428 2395 abreptum
445 2352 623 2386 trahebant
635 2379 645 2396 ‚
679 2357 717 2385 ut
732 2356 892 2396 poterant
905 2375 916 2393 ,
938 2350 1127 2394 navigium,
1151 2350 1260 2384 donec
1274 2350 1413 2383 multum
1429 2347 1586 2390 connixi,
1608 2358 1713 2391 aegre

253 2395 441 2430 eduxerunt
471 2396 697 2440 {220)·navim
721 2397 884 2430 irretitam
902 2395 1066 2440 scopulis.'
1109 2400 1163 2429 ast
1178 2407 1198 2429 o
1215 2407 1304 2440 quae
1318 2394 1525 2440 compatiens
1539 2393 1711 2427 voluntas!

254 2452 342 2486 quae
358 2441 457 2475 animi
471 2442 609 2476 firmitas
624 2444 632 2475 !
674 2450 762 2487 quae
778 2453 858 2475 cura
874 2441 1046 2475 sufficiens
1063 2451 1129 2476 una
1142 2441 1184 2475 ad
1199 2441 1330 2475 omnia!
1368 2450 1484 2474 rursus
1500 2438 1654 2482 cogitas,
1677 2443 1715 2471 et

254 2497 371 2520 rursus
394 2498 466 2520 cum
493 2487 643 2532 procella
663 2498 809 2532 pugnam
832 2486 998 2520 conseris:
1030 2497 1140 2530 neque
1161 2486 1248 2520 enim
1271 2484 1387 2519 marini
1413 2484 1514 2528 (225)
1529 2483 1714 2527 periculum

254 2532 379 2565 furoris
395 2543 505 2576 neque
520 2538 635 2566 terrae
650 2537 834 2577 tempestas
852 2537 941 2565 tuam
958 2531 1184 2565 contuderunt
1201 2531 1298 2565 animi
1316 2530 1548 2575 praesentiam.
1603 2533 1639 2562 at
1653 2540 1713 2562 ve-

253 2576 315 2610 luti
331 2577 465 2622 sapiens
482 2579 690 2621 gubernator
703 2576 738 2610 in
754 2577 902 2622 procella
913 2603 922 2615 ,
948 2588 1015 2620 quo
1033 2576 1138 2620 magis
1155 2578 1321 2610 furentem
1338 2575 1476 2609 hiemem
1492 2574 1584 2607 videt
1598 2600 1608 2618 ‚
1632 2577 1715 2606 tunc

256 2622 329 2666 plus
344 2622 429 2657 artis
443 2623 592 2658 ostendit
606 2628 642 2657 et
657 2623 838 2663 solertiae,
875 2623 980 2665 (230)
997 2626 1032 2655 et
1056 2622 1193 2655 consilio
1219 2621 1383 2654 undarum
1407 2619 1475 2653 vim
1497 2623 1715 2652 antevertens

258 2667 453 2711 ingruentes
470 2672 564 2703 secat
579 2667 703 2702 fluctus
720 2678 920 2711 occurrens,
956 2667 1126 2720 eluditque
1141 2667 1275 2711 saepius
1289 2666 1356 2699 vim
1372 2665 1490 2704 venti,
1519 2665 1570 2698 sic
1585 2669 1623 2697 tu
1640 2672 1715 2696 cum

259 2724 397 2756 regeres
419 2713 512 2748 vitae
534 2713 816 2757 gubernaculum,
850 2712 882 2745 in
911 2718 1079 2756 praesenti
1102 2716 1306 2755 tempestate
1322 2716 1358 2744 et
1372 2721 1482 2744 rerum
1498 2708 1715 2750 turbulentia,

260 2758 358 2799 (235)
377 2759 519 2794 omnium
535 2759 758 2792 calamitatum
773 2758 930 2792 fluctibus
945 2756 1160 2801 praepeditis,
1186 2768 1253 2801 qua
1268 2756 1368 2790 mai-is
1384 2755 1525 2798 dividis,
1561 2764 1630 2799 qua
1643 2753 1715 2789 olu—

260 2803 311 2837 dis
334 2803 518 2848 insaniam3
556 2815 644 2839 uunc
667 2815 771 2847 vero,
805 2803 863 2849 pio
885 2803 1005 2837 mentis
1021 2813 1121 2837 sensu
1135 2813 1266 2837 sursum
1282 2811 1481 2845 excurrens,
1517 2806 1636 2835 terrae
1644 2806 1715 2833 ma-
