1838 3210
556 199 890 245 DESCRIPTIO
924 202 969 245 S.
1001 201 1250 247 SOPHIAE.
1562 203 1626 249 85

174 309 542 362 septentrionalium
572 311 682 350 sinus
715 310 862 350 affabre
891 313 1085 351 confectos
1112 313 1216 351 aulis
1244 312 1394 352 similes
1416 313 1538 353 fuisse
1559 314 1624 352 in-

172 369 280 417 nuit,
309 380 348 405 v.
374 365 476 425 156:

605 419 741 464 νότιον
762 421 806 463 δὲ
825 422 918 464 ποτὶ
933 421 1077 475 πτερόν
1095 440 1194 465 αντα
1210 420 1378 466 πυλάων

388 473 600 526 ευτύκτους
616 494 813 528 κενεωνας
831 478 1079 530 ἐειδομένους
1099 481 1178 522 τινὶ
1198 484 1348 536 παστῷ.

281 534 349 573 28.
406 533 559 571 Aedem
587 537 714 588 ipsam
739 535 998 588 ingredientis
1021 539 1149 587 primo
1172 551 1257 576 sese
1283 537 1453 575 offerunt
1475 535 1619 588 adspe-

170 589 250 626 ctui
279 597 464 641 quattuor
490 592 596 642 pilae
619 594 789 631 maiores
802 622 813 642 ,
842 593 961 644 paulo
983 594 1084 630 ultra
1101 593 1275 631 mediam
1292 594 1432 660 templi
1448 600 1617 644 partem,

169 658 304 683 versus
332 648 545 695 orientem,
579 650 721 700 quibus
745 656 828 686 tota
852 650 960 686 illius
988 651 1114 687 moles
1133 651 1197 688 vel
1216 657 1319 688 certe
1336 651 1525 687 immensi
1542 648 1618 687 he-

167 701 400 753 misphaerii
439 702 595 755 pondus
630 706 835 744 incumbit.
893 707 949 743 sic
980 713 1113 743 autem
1144 708 1393 758 appellantur
1424 704 1617 744 eiusmodi

166 758 399 796 fulcimenta
421 773 474 797 ex
492 760 672 811 lapidum
693 762 873 812 congerie
893 763 936 798 in
955 763 1081 799 altum
1104 762 1256 801 educta.
1313 764 1527 800 Paulinus:

317 826 319 828 ·
383 829 561 867 quaeque
575 818 692 866 prim
706 817 808 868 pili-s·
832 819 952 863 stetit,
981 817 1079 855 haec
1098 820 1212 856 modo
1219 819 1340 871 fulta
1357 818 1550 857 columnis

380 871 480 909 vilia
504 879 655 910 mutato
675 875 822 925 sprevit
842 880 1044 912 caementa
1063 875 1236 912 metallo.

166 925 273 964 idem
288 927 366 965 alio
383 928 494 965 loco:

380 997 476 1020 nam
497 991 684 1022 steterant
703 992 814 1023 vasto
832 985 1072 1037 deformibus
1090 987 1252 1037 agmine
1261 986 1380 1036 pilis.-

380 1054 487 1077 nunc
507 1040 665 1077 meliore
684 1041 790 1079 datis
810 1043 944 1079 eadem
961 1042 1173 1093 vicesulta
1197 1042 1408 1089 columnis,

378 1103 416 1132 et
437 1098 560 1147 spatii
576 1110 708 1148 cepere
725 1105 763 1134 et
781 1097 946 1135 luminis
966 1100 1217 1136 incrementa.

161 1155 202 1186 at
222 1149 324 1200 pilas
343 1152 437 1190 istas
459 1165 632 1201 πεσσους
651 1161 794 1192 vocant
815 1156 1028 1206 Procopius
1054 1162 1093 1193 et
1115 1155 1310 1193 Eusebius
1334 1153 1383 1192 de
1403 1153 1484 1191 vita
1507 1154 1614 1192 Con-

160 1207 322 1243 stantini
342 1209 368 1249 3
398 1210 472 1257 36,
503 1206 673 1258 πινσούς
691 1223 783 1249 vero
800 1209 1069 1262 Theophanes
1090 1198 1290 1249 Cedrenus
1310 1218 1348 1248 et
1368 1209 1543 1248 eodinus
1563 1209 1613 1248 de

160 1262 207 1300 S.
225 1261 387 1330 Sophia.
419 1266 558 1303 Lexic.
577 1267 644 1304 Gr.
661 1280 723 1305 ms
743 1266 1006 1306 bibliothecae
1021 1269 1169 1319 Regiae
1187 1269 1289 1318 sign.
1307 1268 1440 1309 2062:
1469 1264 1614 1314 πινσός

159 1316 187 1358 0‘
224 1321 299 1359 τοῦ
336 1321 492 1373 τοίχου,
536 1336 681 1374 nempe
709 1323 1012 1374 fulcimentum.
1086 1323 1233 1362 Suidae
1273 1324 1383 1363 πισοί
1415 1322 1611 1371 dicuntur,

156 1375 294 1415 πισσοί
315 1379 610 1428 Harmenopulo
638 1380 667 1416 l.
687 1381 715 1418 2
744 1381 802 1417 fit.
826 1379 853 1420 4
882 1377 977 1431 §40
997 1387 1036 1417 et
1055 1379 1108 1420 56
1140 1387 1178 1418 et
1203 1378 1425 1431 Nicephoro
1449 1379 1612 1416 Callisto

157 1432 200 1468 in
219 1435 418 1481 prooemio
439 1447 479 1484 p.
500 1436 564 1474 18.
622 1436 672 1472 iis
701 1442 835 1473 autem
861 1437 1063 1474 vocabulis
1085 1437 1305 1473 innuuntur
1322 1434 1550 1486 grandiores
1572 1440 1612 1472 et

156 1486 366 1527 validiores
384 1490 510 1541 pilae,
541 1502 643 1542 quae
661 1493 841 1542 graviora
861 1490 1129 1529 aedificiorum
1148 1505 1267 1530 onera
1288 1492 1457 1529 fulciunt
1476 1504 1521 1528 ac
1539 1504 1610 1529 su-

156 1550 352 1594 stentant3
388 1545 495 1583 unde
515 1558 597 1583 vox
616 1548 862 1599 παραπίσσια
883 1548 1034 1595 efficta,
1066 1546 1115 1584 de
1147 1560 1225 1600 qua
1252 1555 1402 1599 postea.
1461 1546 1533 1584 sed
1559 1545 1610 1583 de

153 1602 328 1638 nominis
349 1603 500 1652 origine
517 1614 659 1653 parum
677 1610 846 1651 constat,
874 1605 952 1641 nisi
970 1617 993 1641 a
1011 1604 1159 1640 Graeco
1176 1601 1340 1653 πεσσός,
1371 1602 1480 1654 quod
1499 1602 1610 1640 idem

155 1664 270 1694 sonat
294 1670 339 1694 ac
361 1655 506 1709 κύβος,
536 1657 763 1697 deducatur.
820 1660 926 1710 pilae
946 1661 1053 1696 enim
1071 1661 1170 1697 istae
1190 1660 1315 1710 figura
1336 1660 1483 1711 ubique
1507 1671 1610 1710 qua-

155 1711 286 1762 drata,
317 1721 356 1751 et
386 1716 429 1751 in
455 1713 620 1752 modum
648 1715 738 1753 cubi
767 1717 832 1752 vel
863 1723 966 1755 certe
988 1729 1041 1753 ex
1060 1715 1259 1767 lapidibus
1286 1715 1486 1767 quadratis
1511 1728 1607 1753 con-

153 1769 302 1818 fectae,
340 1777 573 1821 exsurgunt.
632 1784 722 1808 cum
749 1772 870 1822 igitur
895 1773 985 1809 latis
1015 1785 1060 1809 ac
1086 1771 1398 1823 praegrandibus
1428 1777 1608 1809 constent

153 1825 352 1876 lapidibus
383 1832 421 1863 et
451 1833 596 1863 certam
634 1826 925 1878 quodammodo
954 1827 1135 1878 lapidum
1163 1830 1388 1878 congeriem
1418 1827 1604 1875 efficiant,

152 1880 244 1919 ideo
263 1878 380 1930 λόφοι
397 1895 467 1919 seu
483 1895 665 1951 aggeres,-⁰
667 1884 917 1934 appellantur
936 1895 958 1920 a
976 1884 1192 1934 Procopio,
1219 1884 1289 1934 qui
1310 1884 1413 1934 pilas
1429 1885 1527 1920 istas
1546 1884 1604 1920 sic

154 1936 361 1975 describit·
394 1935 493 1977 κατοὶ
523 1936 567 1978 δὲ
592 1941 665 1978 τοῦ
685 1936 764 1979 veui
781 1938 878 1990 μέσα
896 1934 1016 1987 λόφοι
1034 1939 1300 2008 χειροποίητοι
1319 1935 1608 1990 έπανεστήκασι

151 1993 355 2063 τέσσαρες,
391 1991 462 2042 οὓς
490 1997 656 2034 καλοῦσι
684 1991 877 2044 πεσσούς,
911 1990 985 2035 δύο
1015 1994 1087 2063 μὲν
1112 1992 1215 2061 πρὸς
1246 1996 1421 2048 βορρᾶν,
1451 1991 1527 2034 δύο
1560 1992 1604 2034 δὲ

152 2047 247 2102 πρὸς
272 2048 418 2102 α’νεμον
447 2046 589 2099 νότον,
619 2046 749 2091 ἆντίοι
770 2066 810 2091 τε
830 2066 898 2090 και
918 2051 1000 2092 ἴσοι
1022 2047 1229 2103 ἀλλήλοις,
1255 2052 1395 2098 κίονας
1423 2050 1466 2090 ἐν
1496 2050 1602 2104 μέσῳ

151 2104 328 2174 ἑκάτεροι
345 2105 444 2146 κατοῖ
459 2104 646 2158 τέσσαρας
664 2102 829 2159 μάλιστα
850 2106 1012 2158 ἔχοντες.
1069 2108 1308 2158 πεποίηνται
1331 2105 1373 2146 δὲ
1399 2103 1520 2173 λόφοι
1540 2107 1603 2146 λί-

151 2167 245 2210 θοις
274 2158 503 2215 εὕμεγέθεσι
535 2161 745 2213 σύνθετοι,
774 2162 949 2216 λογάδην
975 2162 1306 2216 συνειλεγμένοις,
1336 2163 1377 2211 ές
1402 2156 1602 2214 ἄλλήλους

150 2233 192 2258 τε
209 2234 309 2270 προς
325 2234 406 2258 των
425 2215 648 2287 λιθολόγων
667 2195 932 2287 ἐπισταμένως
955 2219 1279 2287 ἔναρμοσθεῐσιν,
1309 2218 1349 2266 ές
1370 2215 1479 2269 ν’ψος
1500 2218 1600 2271 μέγα

151 2275 378 2314 ἱκνοῦνται·
412 2270 589 2322 εἰκάσαις
618 2291 669 2315 αν
698 2271 846 2322 αὐτους
874 2272 978 2315 εἷναι
998 2275 1213 2322 σκοπέλους
1234 2271 1338 2327 ὀρῶν
1360 2270 1598 2326 ἀποτόμους.

151 2337 190 2367 et
203 2330 306 2367 infra
325 2330 547 2368 describens
564 2330 928 2399 quemadmodum
916 2334 1088 2369 invicem
1105 2333 1251 2369 iniecto
1269 2338 1307 2368 et
1324 2332 1423 2399 fuso
1418 2331 1596 2398 plumbo

149 2386 303 2438 lapides
337 2385 595 2426 cohaereant.
638 2388 679 2428 οἰ
715 2386 853 2438 λόφοι,
894 2383 1025 2440 ὦνπερ
1059 2385 1321 2440 ἐπεμνήσθην
1347 2383 1531 2455 αρτίως,
1545 2402 1595 2427 ου

149 2439 248 2482 κατὰ
292 2439 416 2483 ταυ’τα
458 2447 543 2490 ταῖς
586 2441 722 2492 ἄλλαις
756 2444 1003 2510 οἰκοδομίαις
1042 2445 1297 2495 πεποίηνται,
1338 2439 1437 2483 ἄλλα
1465 2439 1595 2497 τρόπῳ

149 2500 300 2567 τοιῷδε.
358 2499 487 2539 λίθων
520 2497 686 2553 έπιβολη
718 2499 761 2540 έν
793 2495 1024 2569 τετραγώνῳ
1057 2496 1367 2551 διαπεπόνηται,
1411 2501 1595 2566 σκληρων

151 2552 222 2606 μὲν
250 2553 392 2605 φύσιν,
422 2554 608 2609 ἐργασίαν
632 2554 676 2596 δὲ
701 2556 839 2604 λείων,
866 2553 1036 2607 έκτομην
1059 2555 1122 2606 δέ,
1152 2556 1190 2596 εἰ
1210 2553 1282 2608 μὲν
1299 2570 1347 2595 τα
1366 2552 1595 2622 προύχοντα

148 2615 352 2651 ποιεῖσθαι
374 2613 455 2651 ταῖν
473 2614 546 2652 τοῦ
562 2610 692 2663 λόφου
711 2614 892 2664 πλευρῶν
908 2612 1106 2680 μέλλοιεν,
1135 2611 1358 2666 έγγωνίων,
1390 2611 1427 2652 εἰ
1453 2610 1494 2651 δὲ
1520 2625 1593 2661 την

150 2664 293 2718 μεταξυ
324 2665 587 2719 κεκλήρωνται
614 2683 767 2722 χωραν,
810 2669 854 2709 ἐν
881 2665 1154 2723 τετραπλευρῳ
1186 2666 1469 2722 γεγενημένων
1535 2668 1590 2703 ita

149 2730 350 2774 praeterea
371 2721 641 2762 describuntur
657 2726 761 2776 pilae
781 2727 879 2763 istae
900 2738 922 2762 a
942 2726 1168 2764 Silentiario
1191 2731 1292 2776 part.
1309 2727 1336 2765 2
1357 2738 1396 2763 v.
1416 2723 1492 2765 53.

365 2777 446 2818 ἔστι
465 2776 539 2833 γοῖρ
562 2776 794 2830 ἅντολικους
811 2795 852 2821 τε
874 2780 943 2851 μαὶ
965 2780 1172 2834 ἑσπερίους
1191 2777 1287 2846 μετοέ
1297 2776 1492 2827 κύκλους,

362 2830 530 2884 κυκλους
549 2834 758 2890 ἡμιτελεῖς,
788 2834 884 2890 μετα
902 2837 1019 2878 κίονα
1037 2838 1173 2890 δίζυγα
1193 2832 1346 2888 Θήβης,
