1890 3224
530 147 602 190 AD
635 146 1006 192 NIGEPHORUM
1039 148 1242 192 NOTAE.
1519 148 1614 193 119

158 267 250 294 vero
276 253 553 308 corrigendum
573 269 707 296 rursus
725 254 961 306 Chronicon,
992 255 1089 295 dum
1112 253 1272 295 Phocae
1293 257 1332 306 5,
1357 269 1436 310 quo
1461 263 1615 295 creatus

159 319 218 349 est
234 311 426 361 Thomas,
454 312 543 353 Iud.
572 314 637 362 10,
665 320 776 352 notat
796 320 886 366 post
905 315 1152 352 consulatum
1169 312 1326 351 Phocae
1346 317 1385 363 3,
1415 313 1614 366 siquidem

157 367 314 406 Phocae
338 370 490 420 primus
507 367 729 419 inchoatur,
759 384 813 408 ex
834 370 976 408 eodem
995 369 1204 418 Chronico,
1234 369 1377 408 Indict.
1397 373 1437 420 6,
1465 371 1614 408 Novbr.

157 425 225 473 25,
257 423 478 474 dominica,
509 438 602 464 cum
621 424 686 464 die
705 428 759 467 23
775 456 786 475 ,
815 427 913 464 feria
931 428 958 467 6
981 428 1240 478 inauguratus
1260 433 1363 464 esset
1387 440 1411 464 a
1433 427 1614 477 Cyriaco.

159 494 285 519 annus
301 489 361 519 est
380 483 425 520 C.
448 484 542 531 602,
572 483 684 535 cyclo
702 484 798 521 solis
813 484 882 532 23,
911 483 971 520 lit.
990 482 1095 521 dom.
1119 484 1167 520 G.
1225 495 1330 520 anno
1347 486 1441 531 603,
1463 481 1557 520 Indq
1573 485 1613 531 6,

157 535 310 576 Phocas
329 540 578 576 consulatum
599 539 702 577 iniit.
761 551 853 590 ergo
873 553 976 577 anno
998 539 1092 588 604,
1121 537 1279 576 Phocae
1299 541 1326 579 2
1339 569 1349 588 ,
1378 538 1466 577 Ind.
1488 541 1514 579 8
1534 552 1614 576 nu-

156 595 301 631 merari
321 597 451 646 coepit
471 602 563 646 post
585 597 671 634 eius
695 597 943 634 consulatum
968 598 1006 636 1.
1065 608 1169 633 anno
1193 594 1338 633 deinde
1356 596 1461 644 605,
1500 593 1612 633 Pho-

159 662 227 687 cae
249 652 288 698 3,
318 650 407 689 Iud.
426 653 453 692 8
470 665 597 689 annus
617 652 694 689 fuit
710 659 799 704 post
822 652 1071 690 consulatum
1094 654 1135 692 2.
1165 653 1299 703 itaque
1324 666 1360 689 a.
1387 653 1483 699 606,
1501 650 1614 689 Pho-

158 719 227 743 cae
246 705 272 746 4
286 735 296 754 ‚
326 707 414 745 Iud.
434 709 459 748 9
472 737 482 757 ,
513 715 571 746 est
590 709 639 746 ab
658 710 742 747 eius
763 710 970 747 consulatu
988 710 1035 755 33
1066 721 1191 745 annus
1210 722 1302 746 vero
1322 709 1425 756 607,
1454 706 1613 745 Phocae

157 762 204 810 5,
241 761 329 801 Ind.
355 767 428 812 10,
465 771 554 816 post
573 765 658 803 eius
681 767 930 803 consulatum
949 763 1087 802 ordine
1106 765 1132 805 4
1160 771 1233 802 est.
1289 765 1396 801 male
1422 765 1543 815 igitur
1568 764 1612 801 in

158 819 309 856 Graeco
330 818 471 858 Indict.
503 823 530 862 9
554 827 593 858 et
618 824 671 863 10
693 822 755 860 bis
774 823 936 859 iteratur
962 818 1006 861 τὸ
1026 818 1074 873 γ’.
1129 818 1230 858 haec
1251 821 1370 872 paulo
1392 821 1612 858 accuratius

157 887 181 911 a
198 875 315 913 nobis
338 889 506 915 excussa
523 884 640 926 sunt,
679 884 725 915 ut
745 885 783 916 et
805 878 967 915 illorum
980 885 1207 928 temporum
1227 876 1413 915 historiae
1437 883 1476 914 et
1495 878 1613 914 lucu-

156 932 379 970 lentissimo
400 932 593 971 Chronico
613 935 748 986 aliqua
769 948 823 972 ex
839 941 949 986 parte
971 935 1254 971 consuleretur.

266 1001 308 1038 p·
331 990 387 1028 30
405 1002 444 1026 v.
466 988 506 1028 4.
563 990 633 1030 καὶ
653 988 867 1042 ἐπειδήπερ
886 989 1131 1042 προσέκειτο]
1159 1003 1241 1027 11011
1258 987 1529 1027 dubitavimus
1540 1001 1612 1040 pro

153 1045 309 1098 Σεργίῳ
333 1040 484 1099 Πύρρῳ
506 1046 710 1083 restituere
737 1048 780 1082 in
798 1048 942 1083 Latina
970 1052 1105 1083 nostra
1133 1047 1481 1097 interpretatione·
1526 1058 1613 1082 cer-

154 1105 241 1135 tum
259 1106 319 1136 est
337 1101 445 1137 enim
457 1085 665 1152 Pyrrhum
686 1102 827 1153 Sergio
851 1103 1087 1140 successisse
1110 1114 1148 1138 a.
1167 1103 1340 1139 Heraclii
1359 1103 1436 1149 29,
1468 1099 1612 1138 Christi

154 1156 252 1194 639.
298 1157 363 1192 cui
382 1154 653 1206 Theophanes
672 1171 709 1194 a.
727 1161 753 1198 3
775 1159 963 1207 assignat,
991 1157 1270 1207 Nicephorus
1258 1171 1301 1193 m
1318 1156 1512 1195 Chronico
1534 1170 1570 1194 a·
1586 1159 1615 1197 2

154 1223 313 1248 menses
334 1212 360 1250 9
383 1209 468 1249 dies
488 1212 529 1250 9.

266 1266 321 1303 ib·
351 1281 391 1305 v·
420 1271 461 1310 8
519 1264 600 1320 ἤδη
628 1265 672 1308 δὲ
699 1262 859 1320 χρόνοις
887 1265 1012 1318 τισίν]
1052 1263 1324 1318 Theophanes
1355 1279 1393 1305 a.
1412 1266 1467 1308 25
1485 1269 1615 1305 Hera-

157 1323 246 1360 clii:
275 1326 551 1378 κατηγορεῖται
569 1322 613 1364 δὲ
633 1339 655 1365 o
646 1323 807 1377 ’Κῦρος
824 1323 891 1364 ἐπὶ
910 1325 985 1363 τοῦ
1004 1321 1195 1391 βασιλέως
1217 1339 1274 1372 ως
1293 1319 1337 1364 τό
1359 1324 1523 1392 χρυσίον
1542 1325 1616 1375 τῆς

154 1376 365 1432 Αἰγύπτου
384 1384 469 1428 τοῖς
489 1383 744 1435 Σαρακηνοῖς
765 1377 882 1430 δούς,
924 1395 994 1420 και
1009 1375 1245 1428 ἀποστείλας
1259 1375 1348 1433 μετ’
1373 1376 1496 1434 ὀργῆς
1511 1382 1616 1421 τοῦ-

152 1449 223 1476 τον
238 1434 526 1488 μετεπέμψατο.

266 1506 308 1543 p-
332 1495 383 1534 31
401 1496 501 1533 v.1.
556 1490 749 1544 Δαβὶδδὲ
767 1490 838 1532 καὶ
855 1490 1063 1543 Μαρῒνον]
1086 1504 1190 1529 anno
1212 1491 1386 1529 Heraclii
1404 1493 1474 1539 22,
1497 1489 1617 1528 Chri-

154 1549 206 1586 sti
227 1551 322 1596 630,
358 1547 444 1586 Iud.
465 1547 514 1597 4,
542 1550 642 1587 Nov.
659 1552 687 1590 7
713 1547 986 1601 (corrigendus
1004 1546 1295 1599 Theophanes,
1327 1547 1423 1584 dmn
1442 1549 1617 1584 Heraclii

154 1605 208 1643 21
227 1602 430 1657 numerat)
450 1611 567 1642 natus
591 1611 651 1642 est
668 1605 851 1642 Heraclio
873 1607 916 1642 in
936 1605 1096 1642 Oriente
1115 1605 1221 1641 filius
1233 1633 1244 1652 ,
1274 1616 1396 1655 quem
1415 1602 1618 1642 cedrenus

151 1660 351 1698 Davidem
373 1668 502 1699 vocat.
560 1659 780 1713 eademque
803 1660 868 1698 die
889 1661 1149 1698 Constantino
1167 1661 1351 1698 Heraclio
1371 1660 1455 1698 filio
1483 1661 1617 1697 nasci-

153 1723 219 1753 tur
238 1718 465 1765 Heraclius,
496 1718 567 1768 qui
588 1729 627 1754 a.
647 1718 829 1770 sequenti
847 1715 937 1754 Ind.
959 1716 985 1757 5
998 1745 1010 1766 ,
1038 1718 1140 1754 Nov.
1160 1719 1200 1766 8,
1233 1729 1255 1754 a
1275 1717 1416 1767 Sergio
1437 1717 1617 1768 baptiza-

154 1780 218 1810 tus
243 1779 302 1810 est
320 1774 363 1810 in
382 1771 628 1811 Blachernis.

266 1828 321 1866 ib.
355 1843 396 1867 v.
426 1833 490 1871 12.
549 1829 593 1870 ἐκ
609 1824 756 1870 τούτου
775 1824 943 1880 λοιπόν]
976 1828 1074 1866 obiit
1093 1827 1312 1876 Heraclius,
1331 1827 1462 1879 inquit
1476 1825 1617 1865 Theo-

151 1884 319 1936 phanes,
347 1884 438 1923 Iud.
458 1884 511 1926 14
530 1887 674 1923 Martio
693 1895 843 1934 mense,
874 1883 938 1923 die
960 1885 1026 1934 11,
1057 1897 1149 1922 cum
1165 1885 1399 1936 imperasset
1419 1897 1542 1922 annos
1562 1886 1616 1925 30

127 1947 312 1980 'menses
339 1945 406 1983 10.
463 1948 504 1979 at
532 1948 667 1980 noster
695 1954 733 1978 a.
761 1945 815 1982 30
844 1953 1004 1978 menses
1030 1940 1058 1980 4
1093 1939 1176 1979 dies
1201 1943 1243 1981 6.
1301 1939 1374 1977 sed
1400 1941 1435 1977 si
1462 1953 1499 1978 a.
1532 1941 1617 1978 eius

153 2001 305 2050 primus
324 1999 372 2036 ab
392 1999 475 2036 Oct.
498 2001 526 2039 7
547 2004 778 2035 numeratus
799 2003 882 2045 est,
929 1994 1017 2034 Ind.
1045 1996 1117 2044 14,
1147 2008 1186 2033 a.
1212 1996 1258 2033 G.
1288 1996 1391 2044 610,
1434 2003 1479 2033 ut
1500 2003 1617 2034 antea

152 2055 365 2106 probatum
385 2061 456 2103 est,
485 2061 745 2105 mortuusque
766 2060 825 2091 est
846 2066 882 2091 a.
904 2052 986 2094 641
1006 2053 1139 2090 Martii
1162 2053 1237 2100 11,
1264 2052 1474 2103 imperavit
1499 2065 1537 2089 a.
1560 2055 1616 2094 30

153 2124 312 2148 menses
331 2111 358 2153 5
382 2110 467 2149 dies
486 2109 528 2151 5.
586 2123 632 2148 ac
662 2112 696 2148 si
725 2122 850 2148 annos
879 2110 935 2150 66
963 2109 1088 2159 vixit,
1129 2109 1325 2160 imperare
1352 2109 1482 2160 coepit
1504 2114 1616 2146 aeta-

153 2169 204 2205 tis
226 2167 297 2210 35.

254 2235 308 2274 *p
327 2225 380 2264 33
398 2236 438 2261 v.
456 2223 500 2263 3-
560 2217 811 2273 ἀδικεῖσθαι]
841 2220 973 2271 deest,
1011 2227 1057 2259 ut
1073 2221 1235 2273 opinor,
1264 2216 1338 2261 τόν
1354 2217 1450 2261 υἷδν
1469 2227 1538 2258 aut
1554 2220 1612 2258 si·

154 2280 251 2317 mile
275 2278 495 2331 quidpiam.
551 2279 739 2317 monebat
758 2277 1008 2347 Philagrius
1006 2279 1067 2316 uti
1084 2278 1167 2316 filio
1186 2290 1258 2315 suo
1273 2278 1527 2328 prospiceret.

260 2335 324 2375 Jb.
354 2349 393 2373 v.
426 2337 493 2377 10.
551 2332 869 2387 συμβασιλεύσας
888 2334 931 2376 δὲ
951 2337 1008 2390 τῷ
1027 2333 1174 2387 πατρί]
1203 2339 1319 2371 natus
1340 2340 1412 2382 est,
1430 2340 1476 2370 ut
1494 2338 1609 2371 antea

154 2394 402 2440 notavimus,
432 2390 620 2439 1nd-15,
650 2392 747 2428 Maii
766 2390 814 2439 5,
844 2405 882 2429 a.
903 2376 999 2433 612.
1058 2396 1265 2429 coronatus
1283 2403 1378 2427 vero
1400 2389 1543 2428 eodem
1558 2403 1595 2427 a.
1583 2417 1610 2438 .,

155 2447 244 2486 lud.
272 2450 308 2497 1,
335 2449 432 2485 Dec.
453 2447 522 2488 25.
577 2448 788 2498 imperavit
811 2460 902 2485 cum
919 2455 1031 2500 patre
1050 2460 1086 2485 a.
1105 2448 1183 2494 28,
1212 2453 1303 2512 post
1323 2448 1498 2497 parentis
1522 2446 1609 2484 obi-
1632 2454 1662 2489 Ρ
1683 2455 1728 2490 74

155 2514 243 2543 tuln
262 2518 420 2543 menses
439 2504 480 2545 4.
538 2510 578 2541 at
595 2502 841 2555 Nicephorus
866 2512 1000 2542 noster
1022 2504 1288 2555 supervixisse
1314 2503 1370 2539 ait
1397 2501 1482 2541 dies
1505 2501 1609 2540 dun-

156 2568 269 2599 taxat
291 2563 386 2604 103.
443 2573 566 2613 quare
587 2566 765 2598 mortuus
783 2566 842 2597 est
864 2563 950 2598 Iun.
967 2562 1024 2601 22
1041 2573 1077 2598 a.
1096 2561 1141 2597 C.
1161 2558 1256 2606 641,
1276 2557 1365 2596 Iud.
1388 2558 1456 2600 14.
1513 2572 1610 2596 con—

157 2619 333 2656 sentiunt
361 2620 569 2669 scriptores
588 2616 640 2654 ad
656 2629 781 2653 unum
802 2629 938 2655 omnes
958 2618 1063 2655 clam
1087 2617 1206 2654 illum
1223 2628 1376 2654 veneno
1397 2628 1420 2653 a
1440 2617 1611 2652 Martina

157 2681 199 2712 et
215 2672 368 2726 Pyrrho
390 2672 613 2726 patriarcha
634 2673 848 2710 sublatum.

271 2729 325 2767 ib.
359 2743 398 2769 v.
428 2730 494 2773 15.
555 2727 683 2777 sas-5139
703 2725 778 2770 οὖν
795 2725 867 2770 τόν
883 2742 924 2770 τε
944 2724 1121 2781 πατρός]
1150 2725 1216 2765 adi
1235 2726 1472 2766 cedrenum.

272 2786 326 2824 ib.
360 2801 399 2826 v.
425 2789 495 2829 23.
535 2782 800 2836 Ουαλεντῖνος
816 2784 885 2836 δέ]
913 2792 996 2824 tota
1013 2783 1113 2823 haec
1127 2785 1329 2825 Valentini
1346 2783 1510 2822 historia
1528 2782 1613 2820 sin-
