1838 3210
552 194 887 240 DESCRIPTIO
920 194 966 239 S.
998 193 1250 240 soPmAE.
1410 198 1413 210 ²
1528 193 1624 240 155

173 312 389 359 antequam
416 303 469 344 ad
493 305 612 344 bema
641 319 713 345 seu
743 303 796 344 ad
825 304 948 344 altare
971 304 1250 358 procederent,
1277 302 1456 343 fidelium
1475 304 1626 343 saluta-

172 365 303 402 tiones
330 364 580 416 exciperent,
610 376 680 402 seu
707 364 870 402 illorum
887 376 930 401 se
953 363 1194 402 orationibus
1226 361 1525 411 commendare,
1555 375 1628 400 seu

175 419 225 457 de
245 420 438 471 negotiis,
470 421 740 465 ecclesiasticis
759 421 1016 471 praesertim,
1047 433 1139 457 cum
1154 421 1204 457 iis
1224 432 1340 470 agere
1363 420 1527 457 vellent.
1584 417 1631 455 id

173 478 425 527 potissimum
446 478 643 527 colligitur
663 489 716 514 ex
735 477 924 528 Gregorio
943 478 1000 513 M.
1017 477 1047 513 l.
1066 474 1093 516 4
1114 477 1228 527 epist.
1249 475 1445 524 54‘et98,
1473 477 1517 512 in
1536 476 1630 527 qui-

173 533 249 571 bus
277 535 516 585 praecipitur
546 534 837 584 episcopisaut
868 531 1196 584 archiepiscopis,
1225 532 1397 570 dimissa
1425 533 1509 569 iam
1521 531 1632 580 filiis

174 589 376 636 ecclesiae,
404 604 432 627 a
463 589 695 627 salutatorio
720 589 779 627 ad
805 603 922 627 sacra
950 590 1163 627 missarum
1192 589 1371 626 solennia
1393 588 1631 625 celebranda

174 659 267 683 cum
294 647 417 698 pallio
444 645 680 698 procedere3
716 653 755 684 et
782 646 958 698 Sulpicio
985 646 1132 684 Severo
1159 646 1264 682 Dial.
1288 644 1338 682 de
1355 645 1438 682 vita
1458 646 1501 683 S.
1520 646 1632 682 Mar-

174 703 250 739 tini
268 705 295 743 2
328 706 368 751 1,
397 703 466 740 ubi
494 702 650 741 disertis
674 703 805 741 verbis
836 702 1020 740 dicuntur
1041 701 1262 753 presbyteri
1278 703 1321 738 in
1343 703 1548 738 secretario
1569 715 1632 738 se—

174 758 283 804 dere,
325 759 390 796 vel
416 758 724 796 salutationibus
753 766 940 797 vacantes
965 759 1032 797 vel
1060 759 1271 796 audiendis
1302 757 1634 809 negotiationibus

174 816 375 865 occupati;
414 828 492 867 quo
522 822 616 853 tunc
642 823 820 866 tempore
845 822 1030 853 vetantur
1057 814 1214 853 diaconi
1241 817 1284 852 in
1307 816 1515 852 secretario
1542 827 1634 852 cum

173 871 414 923 presbyteris
432 870 569 909 sedere
587 873 629 909 in
650 872 792 910 concil.
810 872 960 909 Arelat.
981 884 1035 920 11,
1067 874 1127 909 uti
1148 884 1266 923 supra
1286 871 1539 909 observatum
1559 878 1634 909 est.

176 934 280 965 certe
306 928 535 979 pontificem
555 929 905 977 sacra-facturum,
935 935 1150 980 antequam
1173 927 1226 965 ad
1248 929 1370 965 altare
1387 926 1632 980 procederet,

175 996 200 1021 a
226 982 402 1022 diaconis
433 985 596 1022 salutari
627 985 834 1023 observare
863 991 922 1023 est
949 998 1002 1022 ex
1027 983 1165 1022 ordine
1185 986 1389 1022 Romano:
1427 997 1518 1021 eum
1542 998 1633 1022 vero

176 1040 380 1078 ecclesiam
410 1041 603 1078 introierit
627 1042 826 1093 pontifex,
866 1055 947 1079 non
975 1042 1154 1079 accendit
1185 1042 1369 1078 continuo
1400 1041 1458 1078 ad
1484 1041 1634 1086 altare,

175 1096 248 1133 sed
266 1098 383 1147 prius
407 1098 533 1133 intrat
562 1099 604 1135 in
631 1099 902 1135 secretarium.-
930 1119 991 1126 -—
1017 1097 1088 1134 ubi
1106 1111 1197 1134 eum
1216 1099 1440 1143 intraverit,
1465 1097 1571 1134 sedet
1590 1098 1635 1134 in·

175 1152 277 1190 sella
305 1166 398 1198 sua,
429 1159 466 1189 et
491 1152 652 1190 diaconi
675 1154 849 1190 salutato
863 1154 1052 1203 pontifice
1071 1154 1328 1203 egrediuntur
1343 1154 1391 1190 de
1410 1155 1635 1200 secretario;

175 1210 334 1247 tametsi
350 1207 587 1247 haec-verba
606 1208 655 1246 de
676 1210 912 1247 salutatione
927 1210 1053 1261 accipi
1072 1222 1189 1260 posse
1206 1222 1288 1246 non
1309 1207 1492 1258 diffiteor,
1513 1223 1637 1261 quam

178 1264 372 1303 exhibent
404 1264 562 1303 diaconi
590 1267 823 1317 priusquam
847 1279 869 1303 e
893 1267 1101 1304 secretario
1122 1264 1331 1303 excedant.
1388 1278 1463 1303 nec
1481 1267 1562 1303 scio
1584 1279 1637 1303 an

181 1323 302 1360 etiam
326 1323 369 1359 in
397 1323 627 1360 salutatorio
653 1323 916 1360 salutarentur
939 1323 1113 1374 episcopi
1133 1335 1156 1359 a
1173 1322 1412 1373 presbyteris
1432 1322 1639 1360 dioecesa-

178 1380 256 1416 nis.
300 1380 343 1415 in
365 1380 532 1417 concilio
555 1380 702 1431 quippe
722 1380 896 1417 Nicaeno
914 1379 1034 1416 Arab.
1053 1391 1086 1416 c.
1108 1378 1161 1419 55
1181 1379 1422 1430 praecipitur
1440 1386 1484 1416 ut
1503 1379 1640 1416 chore-

176 1436 363 1485 piscopus
381 1434 441 1472 bis
453 1449 528 1486 per
543 1449 697 1472 annum
713 1442 922 1487 congreget
940 1434 1187 1486 presbyteros
1202 1435 1261 1472 ad
1275 1434 1537 1473 salutandum
1554 1437 1640 1486 epi—

179 1505 342 1542 scopum
373 1498 412 1528 et
438 1491 674 1529 tradendum
699 1505 740 1529 Se
768 1493 804 1529 ei
829 1499 865 1529 et
890 1493 1201 1530 communionem
1222 1505 1314 1528 cum
1331 1504 1373 1528 eo
1393 1491 1640 1538 habendam,

182 1555 220 1584 et
229 1548 462 1599 prandeant
480 1561 571 1585 eum
592 1561 652 1594 eo,
669 1548 831 1600 fiatque
848 1548 923 1585 hoo
940 1550 1121 1599 primum
1140 1549 1184 1585 in
1199 1549 1307 1585 exitu
1323 1549 1440 1595 anni,
1469 1548 1640 1586 secundo

179 1617 271 1642 vero
296 1606 339 1641 in
356 1604 466 1656 sesto
498 1605 789 1642 resurrectionis
807 1604 850 1642 d.
872 1618 913 1642 n.
936 1606 1028 1643 Iesu
1046 1605 1210 1643 Christi.
1270 1606 1464 1642 incertum
1491 1606 1640 1657 pariter

180 1673 235 1698 an·
263 1659 316 1698 ad
347 1659 420 1699 has
447 1661 704 1699 salutationes
730 1660 909 1698 fidelium
936 1661 1074 1699 referri
1096 1659 1238 1699 debeat
1258 1674 1384 1700 canon
1405 1663 1458 1702 12
1481 1662 1658 1700 concilii·

180 1717 406 1755 Ticinensis
427 1717 499 1756 sub
517 1719 652 1754 Leone
671 1730 716 1754 ιν
733 1719 799 1754 ΡΡ
811 1746 822 1765 ,
852 1730 931 1769 quo
951 1716 1217 1769 prohibentur·
1228 1719 1476 1769 paenitentes
1494 1731 1641 1757 vacare

180 1772 506 1819 salutationibus,
532 1774 590 1810 ita
611 1779 656 1810 ut
673 1774 722 1810 iis
740 1772 994 1811 interdictum
1018 1774 1140 1811 fuerit
1161 1773 1384 1812 sacerdotes
1402 1776 1445 1811 in
1464 1782 1640 1813 secreta-

182 1829 242 1866 rio
273 1829 462 1878 salutare,
501 1827 611 1881 quod
630 1827 814 1867 fidelibus
838 1830 1003 1878 licebat,
1031 1830 1099 1867 vel
1126 1837 1230 1867 certe
1264 1829 1372 1868 domi
1402 1831 1639 1869 salutatores

182 1884 405 1923 admittere.
463 1883 800 1938 quemadmodum
829 1892 962 1923 autem
991 1887 1166 1938 episcopi
1182 1887 1224 1923 in
1240 1889 1457 1925 secretariis
1485 1888 1638 1925 saluta-

183 1942 358 1980 tionibus
387 1942 599 1991 vacabant,
628 1942 683 1979 ita
702 1948 741 1978 et
761 1942 993 1981 abbatissae.
1052 1944 1199 1994 quippe
1223 1944 1265 1980 in
1290 1944 1444 1994 Regula
1470 1944 1513 1982 S.
1535 1945 1639 1981 Cae-

184 1999 336 2037 sat-irc.
356 2000 410 2040 36
439 2005 478 2036 et
504 2000 602 2049 Reg.
623 1998 666 2036 S.
683 1999 829 2036 Donati
851 2012 884 2036 c.
909 1999 963 2041 57
988 1997 1088 2036 haec
1110 1999 1231 2037 verba
1256 1998 1476 2038 habentur:
1507 2000 1640 2037 obser-

184 2055 364 2093 vandum
386 2062 444 2092 est
466 2068 516 2092 ne
538 2054 742 2092 abbatissa
758 2055 816 2093 ad
831 2055 1089 2093 salutationes
1113 2057 1157 2092 in
1180 2055 1459 2093 salutatorium
1475 2058 1559 2094 sine
1575 2057 1642 2094 dt-

182 2125 266 2164 gno
294 2111 442 2149 honore
472 2125 558 2161 suo,
590 2111 665 2149 hoc
681 2118 737 2149 est
750 2113 834 2149 sine
849 2111 1013 2149 duabus
1030 2119 1102 2149 aut
1118 2111 1244 2150 tribus
1261 2112 1475 2159 sororibus,
1497 2127 1642 2164 proce-

187 2168 271 2205 dat.
331 2174 370 2206 et
393 2181 427 2206 c.
449 2165 527 2210 40:
555 2168 592 2205 si
609 2167 830 2215 abbatissa,
859 2176 906 2206 ut
922 2169 1082 2215 assolet,
1111 2182 1202 2206 eum
1222 2169 1506 2207 salutatoribus
1524 2184 1643 2207 oecu-

182 2231 287 2275 pata
300 2224 446 2276 suerit.
507 2230 546 2262 et
574 2225 616 2262 in
643 2226 982 2276 Recapitulatione
1008 2226 1185 2276 Regulae
1213 2227 1256 2264 S.
1287 2227 1460 2264 caesarii
1488 2241 1522 2264 c.
1546 2229 1572 2268 8
1605 2233 1645 2264 et
1711 2267 1713 2269 ,

187 2282 341 2332 Regula
368 2282 409 2320 S.
439 2281 644 2319 Aureliani
672 2283 805 2333 Episc.
834 2295 869 2320 c.
897 2285 918 2323 1
952 2284 1193 2334 praecipitur
1217 2290 1265 2321 ut
1289 2296 1559 2335 quaecumque
1589 2282 1648 2320 ad

190 2339 477 2375 conversionem
501 2339 667 2384 venerit,
695 2338 837 2390 regula
865 2339 901 2375 ei
921 2340 964 2376 in
984 2339 1216 2376 salutatorio
1238 2340 1409 2391 legatur.
1471 2339 1645 2392 denique

187 2394 231 2432 in
247 2395 424 2432 Concilio
441 2395 647 2432 Matiscon.
665 2407 681 2432 1
704 2408 790 2432 can.
808 2398 835 2436 2
858 2402 1041 2434 vetantur
1060 2397 1138 2433 viri
1152 2397 1259 2434 intra
1277 2396 1557 2434 salutatorium
1574 2403 1649 2433 aut

190 2452 406 2488 oratorium
436 2452 663 2488 monasterii
694 2453 898 2503 virginum
923 2454 1090 2498 intrare,
1120 2453 1263 2504 quibus
1286 2460 1548 2491 consentanea
1569 2452 1646 2490 ha-

189 2506 334 2545 bentur
353 2509 396 2545 in
414 2508 567 2558 Regula
587 2508 630 2546 S.
647 2509 853 2546 Aureliani
869 2522 902 2546 c.
917 2507 983 2550 14.
1027 2509 1171 2561 quibus
1189 2511 1232 2547 in
1249 2510 1347 2548 locis
1365 2509 1647 2547 salutatorium

190 2561 300 2600 idem
324 2570 383 2602 est
405 2563 513 2616 quod
534 2566 786 2602 secretarium
807 2571 847 2602 et
865 2565 1128 2603 diaconicum.

303 2621 370 2660 89.
425 2623 511 2658 Iam
537 2634 630 2659 vero
659 2635 750 2659 cum
773 2622 818 2659 in
847 2623 1101 2660 ecclesiarum
1126 2621 1344 2660 secretariis
1365 2635 1412 2659 ac
1432 2620 1645 2660 diaconicis

193 2683 485 2715 asservarentur
506 2690 617 2715 sacra
637 2691 733 2717 vasa
752 2691 843 2727 seu,
872 2680 931 2716 uti
954 2686 1097 2717 vocant
1119 2678 1239 2729 vulgo
1264 2680 1493 2730 scriptores,
1523 2679 1647 2715 mini-

195 2732 335 2779 steria,
361 2731 456 2770 inde
484 2733 635 2771 factum
659 2741 704 2772 ut
733 2733 842 2787 quod
861 2736 949 2774 aliis
971 2734 1219 2773 diaconicum
1241 2741 1280 2772 et
1301 2736 1554 2773 secretarium
1574 2741 1646 2781 est,

194 2786 395 2824 interdum
424 2795 463 2826 et
488 2802 606 2841 saepe
630 2789 948 2842 σκευοφυλάκιον
976 2792 1217 2843 appelletur,
1248 2790 1357 2843 quod
1381 2792 1580 2828 exstitisse
1602 2796 1649 2827 ut

196 2845 413 2896 plurimum
436 2845 480 2882 in
507 2847 692 2886 interiore
717 2846 910 2886 diaconici
924 2855 1036 2901 parte
1053 2846 1225 2887 ostendit
1240 2849 1376 2886 Passio
1396 2847 1469 2886 SS.
1488 2853 1646 2899 patrum
