1890 3224
273 195 336 241 22
751 194 997 239 GEORGIIv
1015 193 1226 238 PISIDAE

488 310 582 353 ἀλλ’
609 309 791 363 ἐξέχοντα
810 310 877 351 καὶ
898 311 1122 366 κρατοῦντα
1141 311 1200 365 τῷ
1218 304 1366 364 θράσει

489 381 557 420 καὶ
579 375 770 426 πολλάκις
789 375 1011 431 βλάψαντα
1031 376 1104 430 τὴν
1121 377 1348 432 παροικίαν.

489 446 582 487 ἀλλ’
607 445 699 487 οὐδὲ
715 449 866 497 ταῦτα,
895 446 1034 501 καίπερ
1052 443 1151 486 ’ὄντα
1167 444 1309 500 θηρία,

490 517 564 555 τοῦ
583 516 658 555 σοῦ’
678 517 863 570 παρῆκας
877 512 935 567 μὴ
953 518 1164 566 μετασχεῖν
1184 510 1350 567 ἡμέρου.

369 583 452 625 215
487 580 596 634 ὅμως
618 581 670 622 τὰ
689 581 819 623 πολλὰ
837 585 908 622 νῦν
928 581 1063 636 ἀφείς,
1093 577 1334 635 προειλόμην

486 649 532 692 τὸ
556 652 716 703 πλῆθος
737 648 869 690 αὐτῶν
889 649 932 698 ἐξ
954 647 1041 698 ἑνὸς
1064 645 1314 704 διαγράφειν.
1509 664 1533 684 ι’,

540 719 691 773 Παρῆν
710 734 773 767 τις
790 716 1012 773 ἀρχίφυλος
1029 713 1222 769 εὐτόλμου
1245 715 1396 770 γένους,

486 783 532 826 τὸ
550 783 795 841 Σαρακήνων
814 782 949 840 τάγμα
967 787 1048 826 τῶν
1070 783 1318 838 πολυτρίχων

491 851 598 908 ἄγων
618 852 692 894 σὺν
709 852 820 910 αὐτῷ
828 883 842 903 ,
872 853 940 894 καὶ
959 855 1208 908 περισκοπῶν
1229 849 1336 898 ὅπως

373 922 456 962 220
490 920 633 962 λαθών
652 921 815 963 ἐπέλθοι
835 923 894 977 τῷ
915 922 1075 976 στρατῷ
1094 935 1166 960 σου
1187 917 1288 974 πρὸς
1302 912 1476 971 βλάβην.

490 988 592 1042 πλὴν
615 986 670 1038 ὥς
691 986 881 1045 ἀπλήστῳ
903 990 1127 1041 συμμαχῶν
1148 986 1367 1045 στρατηγίᾳ

489 1056 635 1111 κλέψαι
657 1053 838 1110 θελήσας
861 1054 982 1104 αὐτὸς
1001 1054 1292 1103 ἄντεκλέπτετο,

490 1126 557 1166 καὶ
575 1130 658 1173 τοῖς
676 1124 773 1166 ποσί
789 1127 863 1164 σου
885 1129 969 1171 τοῖς
984 1121 1227 1177 πανημέροις
1244 1118 1366 1173 τάχος

488 1192 557 1233 τὸν
577 1193 668 1246 πρὶν
685 1189 907 1247 στρατηγὸν
925 1187 1127 1244 εἰσάγουσι
1145 1188 1321 1241 δέσμιον.

371 1258 452 1299 225
488 1257 543 1308 ὡς
565 1260 607 1300 δὲ
630 1257 845 1314 προσήχθη
865 1261 924 1315 τῷ
943 1255 1078 1313 κράτει
1099 1271 1196 1307 σου,
1231 1255 1416 1307 δέσποτα,

487 1325 509 1368 ὃ
527 1326 598 1380 τὴν
614 1326 929 1367 πολυστένακτον
949 1324 1229 1378 αι’χμαλωσίαν

483 1394 621 1447 λαβὼν
644 1394 788 1443 ἐκεῖνος
809 1395 865 1443 εἷς
886 1392 1013 1447 νομὴν
1033 1391 1263 1447 ἐλευθέραν,

486 1460 508 1503 ὃ
532 1459 787 1515 δυστυχήσας
805 1460 1001 1514 εὐτυχῶς,
1032 1461 1065 1502 εἲ
1085 1461 1150 1501 δεῖ
1164 1461 1301 1514 λέγειν,

486 1533 570 1584 (σοὶ
592 1530 668 1586 γὰρ
688 1528 926 1585 προσελθὼν
949 1528 1177 1581 ἂνταμείβει
1195 1525 1267 1580 τὴν
1285 1520 1445 1578 τύχην),

370 1601 454 1640 230
488 1598 614 1654 ῥίπτει
635 1596 686 1639 τὰ
708 1594 860 1650 δεσμά,
885 1595 960 1645 τὰς
978 1596 1022 1637 δὲ
1046 1593 1262 1650 συμφορὰς
1282 1590 1379 1641 ὅλας

486 1664 678 1721 ἔστρεψεν
700 1664 824 1713 εὐθὺς
842 1664 898 1713 εἷς
916 1662 1050 1719 χαρὰν
1071 1659 1356 1717 μεθαρμόσας.

486 1732 638 1786 πολλὴν
660 1732 704 1773 δὲ
722 1735 877 1773 θᾶττον
896 1730 969 1784 τὴν
989 1728 1209 1784 ἐναλλαγὴν
1228 1727 1387 1782 βλέπων

488 1799 758 1857 ἀντιστροφὴν
777 1798 903 1855 ἔκρινε
925 1797 998 1852 τὴν
1018 1798 1234 1853 σωτηριάν,

488 1867 607 1910 πάλιν
630 1872 863 1924 στρατηγεῖν
878 1866 1043 1915 ἐλπίσας
1063 1863 1084 1906 ὃ
1106 1865 1280 1918 δέσμιος.

373 1937 457 1981 235
490 1935 618 1986 οὕτως
636 1933 657 1977 ὃ
675 1939 768 1985 νοῦς
787 1951 860 1976 σου
885 1935 1073 1983 ποικίλως
1090 1931 1302 1984 ὃπλίζεται,

490 2005 556 2046 καὶ
576 2010 660 2053 τοῖς
677 2006 881 2058 λογισμοῖς
899 1999 1092 2051 πολλάκις
1110 1996 1380 2057 στρατεύεται,

354 2122 430 2170 ‘220
452 2098 602 2167 §2⁵ng
623 2131 653 2166 P

271 2235 416 2270 genera,
449 2222 510 2257 sed
524 2232 612 2267 quae
624 2221 752 2256 fastose
767 2223 803 2255 et
816 2221 1013 2265 arroganter
1026 2218 1256 2265 imperabant,
1288 2218 1324 2251 et
1338 2226 1443 2261 saepe
1459 2213 1579 2249 damno
1593 2212 1722 2247 affece-

269 2275 348 2305 rant
361 2268 524 2303 viciniam.
580 2266 642 2301 sed
658 2273 696 2300 tu
713 2278 779 2299 non
793 2266 868 2300 illas
879 2293 890 2310 ,
925 2266 1078 2310 quamvis
1098 2268 1209 2299 essent
1224 2263 1375 2303 belluae,
1396 2269 1457 2295 tua
1471 2271 1508 2294 es
1523 2259 1722 2303 dedignatus

271 2315 431 2359 excipere
458 2312 644 2347 clementia.
689 2312 791 2354 (215)
816 2322 880 2355 ego
902 2322 985 2344 vero
1012 2310 1160 2355 plurimis
1186 2306 1432 2354 praetermissis
1465 2304 1643 2358 suscipiam
1677 2314 1722 2336 ex

267 2372 335 2394 uno
351 2359 446 2393 simul
463 2368 577 2392 omnes
592 2357 797 2392 describere.
844 2355 993 2389 occurrit
1017 2356 1152 2400 quidam
1177 2354 1371 2399 praefectus
1385 2364 1428 2386 ex
1443 2351 1568 2386 illustri
1581 2359 1720 2394 genere,

267 2406 403 2440 turbam
419 2404 659 2437 Saracenorum
674 2402 808 2435 multum
823 2401 1055 2446 capillatorum
1071 2401 1239 2434 adducens
1254 2410 1379 2442 secum,
1406 2402 1442 2432 et
1461 2397 1584 2431 circum
1598 2393 1723 2438 explo-

267 2461 348 2486 rans
363 2449 528 2494 quomodo
545 2449 646 2492 (220)
664 2447 747 2481 clam
762 2446 924 2481 invadens
939 2451 1032 2480 tuum
1048 2446 1217 2490 affligeret
1233 2444 1416 2479 exercitum
1428 2455 1440 2485 ς
1453 2441 1458 2445 ’
1469 2441 1529 2475 nisi
1552 2440 1641 2485 quod
1668 2438 1722 2473 in-

266 2507 350 2531 sana
364 2495 508 2529 militans
522 2493 667 2535 licentia,
691 2492 808 2527 volens
824 2492 1078 2533 circumvenire,
1101 2492 1174 2536 ipse
1190 2494 1244 2524 est
1258 2490 1512 2524 circumventus.
1535 2496 1600 2519 nec
1614 2482 1721 2526 moth,

265 2546 346 2576 tuos
361 2540 403 2574 ad
421 2538 689 2584 vigilantissimos
715 2537 818 2583 pedes
842 2548 885 2571 ex
910 2537 1174 2582 duce-captivus
1196 2537 1308 2569 factus
1322 2532 1525 2568 adducitur:
1561 2530 1664 2576 (225)
1682 2534 1722 2564 ut

265 2591 379 2620 autem
394 2586 492 2619 stetit
505 2589 584 2618 ante
598 2588 691 2617 tuam
706 2583 924 2623 maiestatem,
937 2582 1091 2628 despota,
1110 2593 1172 2627 pro
1188 2580 1288 2614 valde
1302 2578 1498 2614 lacrimabili
1514 2574 1722 2621 captivitate

268 2630 435 2677 accipiens
459 2630 517 2664 ille
540 2629 768 2663 condicionem
791 2628 929 2662 liberam
940 2653 951 2670 ,
985 2639 1067 2662 vere
1091 2627 1209 2662 infelix
1233 2625 1379 2660 feliciter
1389 2650 1399 2667 ‚
1427 2623 1456 2657 si
1470 2624 1522 2656 fas
1537 2627 1590 2655 est
1604 2619 1720 2654 dicere

270 2677 335 2722 (ad
349 2682 386 2710 te
401 2675 487 2710 enim
503 2675 667 2710 accedens
682 2677 852 2719 permutat
866 2673 1028 2716 sortem),
1051 2672 1152 2718 (230)
1168 2670 1299 2718 proiicit
1311 2670 1435 2713 vincla,
1459 2673 1494 2702 et
1509 2666 1719 2702 calamitates

270 2733 384 2757 omnes
405 2721 517 2756 statim
543 2732 563 2754 e
578 2719 743 2753 contrario
758 2718 932 2752 transtulit
948 2718 979 2751 in
996 2718 1163 2760 gaudium.
1209 2722 1339 2751 tantum
1356 2726 1439 2749 vero
1455 2718 1595 2758 repente
1610 2715 1720 2745 muta-

267 2768 394 2802 tionem
408 2767 527 2802 videns
542 2765 764 2800 calamitatem
779 2767 872 2798 ratus
889 2768 940 2798 est
955 2763 1020 2797 sibi
1036 2775 1113 2798 esse
1127 2762 1240 2805 saluti,
1261 2761 1380 2796 iterum
1395 2772 1416 2795 e
1431 2758 1566 2805 captivo
1580 2765 1720 2803 sperans

267 2824 306 2848 se
322 2813 440 2848 ducem
454 2813 614 2848 futurum.
652 2809 752 2857 (235)
767 2809 818 2845 sic
834 2812 894 2845 tua
909 2819 1002 2844 mens
1016 2808 1118 2845 variis
1133 2807 1234 2843 armis
1249 2806 1436 2850 instruitur,
1459 2810 1496 2840 et
1511 2803 1604 2839 varia
1616 2811 1721 2846 saepe
