1890 3224
310 193 402 241 114
920 193 1139 237 PETAVII

420 317 461 355 p.
477 307 532 345 20
559 317 598 341 v.
619 305 683 344 12.
714 297 900 355 ἀλλήλοις
929 316 971 343 τε
994 299 1156 356 λόγοις]
1204 302 1295 342 fort.
1336 297 1518 353 ἀλλήλων
1551 316 1593 342 τε
1629 298 1759 356 ἐγγύς.

309 361 427 398 Alex.
450 358 694 397 Chronicon:
735 358 805 399 καὶ
832 354 954 399 πάλιν
973 361 1025 411 τῆ
1049 358 1141 410 ἑξῆς
1165 357 1301 410 ἔστησε
1319 360 1482 426 πλῆθος
1507 360 1761 412 μαγγανικαῖν

311 417 368 464 εἷς
395 413 437 457 τὰ
460 414 578 470 μέρος
598 414 726 456 ἐκεῖνο
745 412 791 457 τό
810 402 1041 469 πολεμηθὲν
1066 411 1167 468 παρ’
1191 412 1317 457 αὐτοῦ
1345 426 1538 468 σννεγγυς
1566 411 1762 467 ἀλλήλων.

311 479 385 510 etc.

421 541 461 579 p.
480 529 531 570 21
557 541 598 566 v.
625 528 690 570 13.
720 523 850 577 εὕθῦς
881 523 1189 580 δωμησᾶμενοι]
1220 526 1308 565 lud.
1335 526 1408 575 15,
1438 526 1612 564 Heraclii
1636 538 1673 564 a.
1693 528 1760 574 17,

310 584 365 621 ait
385 584 531 622 Chron.
549 586 691 632 Alex.‚
745 596 824 636 quo
854 597 956 623 anno
984 585 1151 623 moritur
1180 585 1362 636 egregius
1391 584 1462 621 ille
1492 588 1762 634 propugnator

310 641 418 679 urbis
440 642 574 679 Bonus
590 641 778 693 patricius
795 641 891 677 Maii
911 641 978 681 11.

272 744 275 747 Ι
421 696 475 735 ib.
507 711 546 737 v.
581 700 644 739 16.
703 693 848 748 μαθών
879 694 923 737 δὲ
953 691 1164 749 Χοσρόης]
1207 708 1310 733 auno
1329 695 1500 732 Heraclii
1528 696 1579 736 17
1590 723 1601 742 ,
1639 699 1684 732 ut
1707 694 1762 731 ait

309 750 579 804 Theophanes
605 765 651 790 ac
673 751 896 801 cedrenus,
936 751 1077 791 Indict.
1111 751 1186 801 15,
1225 753 1390 790 Razates
1424 750 1530 800 (aliis
1558 749 1762 800 Razastes)

310 807 395 846 dux
414 822 436 846 a
456 807 629 847 chosroe
647 810 817 847 mittitur
829 838 839 858 ‚
879 810 940 847 vir
960 809 1173 847 bellicosus
1191 821 1236 846 ac
1257 815 1438 846 strenuus
1452 837 1465 856 ,
1502 820 1675 860 quocum
1695 819 1762 844 se·—

308 864 441 903 cundo
464 866 575 903 exitu
599 872 822 917 pugnatum
844 867 1074 903 Decembris
1102 866 1166 905 12.
1223 863 1518 917 Theophanes:
1549 866 1599 919 τῇ
1619 861 1662 904 δὲ
1680 863 1762 904 dw-

310 918 454 978 δεκάτῃ
475 923 549 962 τοῦ
564 923 813 974 Δεκεμβρίου
839 919 966 974 μηνὸς
989 918 1352 976 ἦμέρᾳσαββοὶτου
1378 916 1580 974 ἐκροτήθη
1603 918 1628 959 o‘
1643 915 1763 959 πόλε-

310 993 399 1029 μος.
458 991 547 1016 ecce
577 979 650 1016 tibi
681 978 882 1016 character
903 979 997 1016 anni
1019 977 1161 1027 huius,
1197 990 1317 1029 quem
1345 979 1490 1016 frustra
1514 975 1659 1014 Christi
1679 976 1762 1016 626

309 1033 475 1072 faciunt.
531 1034 608 1072 fuit
632 1036 739 1072 enim
759 1033 869 1072 haud
893 1033 1011 1072 dubie
1034 1036 1117 1075 627
1140 1034 1250 1084 cyclo
1272 1035 1366 1072 solis
1387 1035 1566 1071 Romano
1590 1034 1671 1081 20,
1699 1032 1762 1069 lit·

310 1087 418 1127 dom.
435 1091 485 1139 D,
515 1089 684 1142 ideoque
709 1092 762 1131 12
784 1091 1012 1129 Decembris
1029 1090 1251 1128 sabbatum.

420 1146 474 1183 ib.
515 1160 554 1184 v.
593 1149 657 1185 19.
713 1145 878 1197 καὶτῆς
895 1147 1044 1193 οἰκείας
1063 1141 1281 1198 ἀφορμῶν]
1312 1143 1536 1182 cedrenus:
1575 1142 1646 1183 καὶ
1661 1157 1762 1194 προ-

308 1198 496 1253 πηδήσας
516 1197 680 1240 ποῖντων
698 1198 720 1240 ὅ
738 1196 923 1251 βασιλεὺς
942 1197 1101 1251 ἄρχοντι
1117 1196 1271 1252 μεγάλῳ
1290 1201 1374 1238 τοῖν
1387 1201 1557 1251 Περσῶν
1571 1200 1761 1252 συναντᾷ,

310 1255 382 1297 καὶ
411 1258 465 1312 τῇ
493 1259 568 1297 τοῦ
598 1258 702 1297 θεοῦ
732 1252 901 1307 δυνάμει
932 1254 1010 1296 καὶ.
1028 1257 1100 1308 τῆς
1125 1253 1321 1296 θεοτόκου
1347 1250 1583 1307 καταβάλλει
1605 1256 1760 1295 τοῦτον.

310 1311 469 1351 videtur
498 1313 787 1350 innuen-eoum
812 1313 891 1350 alio
919 1324 1040 1365 quam
1067 1324 1159 1350 cum
1184 1309 1283 1349 duce
1310 1313 1456 1349 Razate
1483 1313 1762 1362 imperatorem

309 1381 529 1420 pugnasse:
567 1382 662 1406 nam
687 1370 876 1406 Razatem
898 1371 1082 1420 proxime
1103 1375 1295 1420 tanquam
1326 1369 1493 1406 alterum
1524 1368 1572 1404 ab
1601 1365 1763 1419 ἄρχοντι

309 1425 380 1464 illo
398 1427 590 1464 nominat.
649 1432 688 1463 at
704 1426 911 1464 nobiscum
928 1425 1024 1463 facit
1043 1423 1327 1476 Theophanes.

421 1495 463 1533 p-
480 1484 535 1523 22
555 1495 594 1521 v,
622 1484 686 1522 10.
717 1481 759 1522 οἱ
776 1480 819 1522 δὲ
839 1484 1009 1535 Περσῶν
1030 1479 1237 1534 ἄρχοντες]
1268 1480 1318 1519 de
1345 1480 1576 1532 Principum
1603 1478 1762 1530 conspi—

311 1537 464 1574 ratione
495 1544 629 1574 contra
659 1535 870 1579 Chosroen
897 1539 1059 1590 eiusque
1090 1550 1187 1574 nece
1206 1536 1407 1575 Cedrenus
1435 1543 1475 1574 et
1491 1533 1761 1586 Theophanes

190 1597 220 1631 P
244 1597 290 1632 70
313 1600 494 1630 accurate
527 1594 780 1643 scripserunt.
849 1600 978 1631 exstat
999 1595 1042 1630 in
1065 1592 1337 1630 Alexandrino
1368 1591 1563 1630 Chronico
1590 1591 1763 1629 Heraclii

311 1647 362 1686 ad
385 1649 612 1700 Cpolitanos
637 1648 803 1699 epistola
825 1647 873 1686 de
894 1649 1009 1687 rebus
1031 1661 1054 1686 a
1072 1662 1114 1686 se
1134 1650 1254 1700 gestis
1279 1649 1408 1701 deque
1422 1646 1613 1686 'chosrois
1636 1649 1760 1685 mise-

311 1705 428 1742 rabili
448 1703 589 1753 caede3
632 1718 752 1757 quam
776 1705 939 1743 annales
961 1719 1007 1742 ac
1028 1704 1304 1756 chronologiae
1326 1717 1464 1742 omnes
1485 1705 1699 1741 conficiunt
1718 1705 1762 1741 in

313 1774 350 1798 a.
369 1761 413 1798 C.
434 1763 530 1802 627.
586 1761 629 1797 in
652 1773 730 1812 quo
748 1774 839 1798 cum
857 1760 1104 1813 Theophane
1130 1774 1175 1799 ac
1191 1760 1369 1799 Cedreno
1392 1761 1662 1807 consentiunt,
1692 1761 1762 1811 qui

311 1816 356 1854 id
370 1830 473 1855 anno
492 1817 742 1855 subscribunt
756 1818 929 1855 Heraclii
955 1820 1021 1859 17.
1051 1831 1190 1856 verum
1209 1825 1248 1856 et
1265 1819 1326 1855 illi
1342 1819 1420 1869 ipsi
1434 1829 1568 1855 secum
1581 1823 1762 1868 pugnant

312 1880 351 1911 et
370 1886 493 1911 annos
512 1872 610 1911 duos
639 1875 683 1911 in
707 1887 833 1911 unum
852 1881 1000 1911 temere
1026 1873 1285 1912 confundunt.
1341 1874 1385 1911 id
1403 1872 1511 1925 quod
1527 1886 1601 1924 ego
1620 1885 1762 1915 neces-

312 1930 425 1967 sariis
444 1930 660 1967 rationibus
682 1932 926 1967 convincam.
984 1933 1130 1982 quippe
1150 1932 1322 1968 Heraclii
1352 1933 1402 1971 17
1428 1929 1573 1967 iisdem
1590 1930 1766 1966 auctori-

309 1986 385 2023 bus
413 1986 627 2035 imperator
652 1997 742 2021 cum
772 1985 915 2022 Turcis
943 1985 1149 2022 Persidem
1178 1986 1378 2036 ingressus
1409 1993 1488 2024 est:
1532 1984 1602 2024 sed
1630 1985 1679 2023 ab
1711 1986 1761 2022 iis

310 2039 566 2092 postmodum
592 2039 767 2078 desertus
799 2053 889 2078 cum
916 2041 1062 2078 Razate
1092 2039 1274 2080 Chosrois
1307 2041 1407 2078 duce
1435 2041 1608 2079 secundo
1634 2042 1760 2078 Marte

313 2097 501 2147 confligit.
558 2096 651 2134 inde
671 2095 871 2134 Chosroen
899 2097 1119 2147 fugientem
1139 2110 1379 2153 persequens
1399 2098 1532 2134 omnia
1552 2095 1672 2134 caede
1699 2103 1761 2134 at-

313 2165 391 2205 que
407 2152 591 2191 incendio
609 2160 750 2191 vastat.
809 2166 887 2205 qua
908 2154 951 2190 in
984 2155 1214 2191 excursione
1234 2154 1408 2191 natalem
1427 2151 1573 2190 Christi
1591 2153 1762 2191 celebrat

280 2249 283 2252 ,
310 2211 355 2247 in
374 2208 536 2247 aedibus
556 2209 715 2258 Iesdim,
735 2210 992 2246 luminarium
1010 2223 1103 2247 vero
1125 2210 1272 2246 festum
1287 2210 1431 2247 Iuliani
1452 2211 1652 2262 sequentis
1667 2211 1760 2247 anni

311 2266 354 2303 in
373 2264 630 2316 Dastagerde.
687 2266 807 2315 paulo
835 2271 925 2315 post
946 2263 1138 2303 chosroes
1164 2278 1186 2302 a
1205 2265 1287 2303 filio
1310 2273 1485 2304 necatur.
1541 2273 1762 2317 pugnatum

311 2328 371 2359 est
391 2334 481 2359 cum
503 2323 663 2370 Razate‚
692 2327 736 2358 ut
755 2326 845 2358 ante
865 2333 917 2358 ex
933 2319 1181 2373 Theophane
1200 2324 1439 2371 monuimus,
1469 2322 1566 2360 Dec.
1585 2324 1650 2371 12,
1667 2323 1760 2360 sab-

311 2378 417 2427 bato,
451 2390 487 2415 a.
512 2379 609 2418 627.
665 2377 747 2414 iam
776 2377 948 2414 Heraclii
975 2389 1012 2414 a.
1036 2379 1087 2419 17
1115 2391 1206 2416 cum
1233 2377 1321 2416 Iud.
1356 2379 1407 2421 15
1441 2380 1568 2430 coepit
1597 2391 1634 2416 a.
1663 2380 1759 2420 626.

312 2446 435 2485 quare
466 2434 625 2471 nonnisi
656 2445 692 2470 a.
722 2435 923 2485 sequenti,
952 2434 1124 2472 Heraclii
1146 2434 1217 2483 18,
1249 2434 1389 2474 Indict.
1415 2436 1464 2483 1,
1506 2447 1598 2473 cum
1613 2436 1759 2472 Razate

314 2488 578 2539 debellatum,
620 2491 716 2527 Dec.
740 2490 804 2530 12.
862 2497 980 2542 atque
1008 2497 1053 2528 ut
1081 2491 1214 2529 nullus
1243 2489 1528 2543 tergiversandi
1555 2492 1607 2529 sit
1634 2491 1758 2540 locus,

313 2550 456 2583 testem
477 2545 658 2584 dabimus
679 2547 906 2584 Heraclium
924 2548 1056 2597 ipsum
1074 2549 1116 2585 in
1137 2549 1303 2599 epistola
1321 2560 1442 2600 quam
1460 2546 1512 2584 ad
1533 2547 1758 2598 Cpolitanos

314 2602 490 2652 scripsit,
528 2603 597 2640 ubi
622 2604 795 2654 primum
814 2603 1017 2640 Februarii
1036 2603 1091 2644 24
1114 2607 1186 2656 τῆς
1203 2603 1458 2656 ἐνισταμένης
1477 2600 1635 2657 πρώτης
1657 2603 1760 2644 lv&-

313 2660 500 2707 κτιῶνος,
543 2659 789 2700 inchoatam
819 2660 934 2704 lad„
964 2659 1148 2711 dynastas
1174 2673 1311 2698 omnes
1345 2666 1385 2698 et
1415 2666 1590 2711 satrapas
1620 2658 1671 2697 ad
1692 2659 1759 2697 Si-

313 2717 423 2751 roem
444 2714 579 2752 relicto
600 2714 771 2754 chosroe
789 2714 977 2754 defecisse
995 2723 1138 2766 narrat,
1162 2715 1351 2768 postridie
1373 2717 1528 2755 Siroem
1543 2718 1758 2768 inaugurar-

312 2776 410 2822 tum‚
443 2768 658 2810 Chosroem
682 2785 775 2811 vero
800 2773 854 2813 28
880 2774 1028 2812 mensis
1049 2772 1226 2812 eiusdem
1245 2787 1267 2811 a
1286 2774 1367 2812 filio
1392 2779 1592 2811 necatum.
1649 2770 1758 2809 addit

310 2826 471 2877 insuper
491 2826 756 2868 characterem
772 2827 888 2867 huius
911 2832 1002 2869 anni
1022 2844 1061 2883 p.
1081 2830 1163 2871 917
1176 2860 1186 2879 ,
1229 2843 1318 2870 cum
1344 2831 1399 2869 ait
1417 2830 1563 2882 Aprilis
1584 2831 1609 2872 3
1628 2827 1758 2867 domi·
