1890 3224
260 173 319 219 16
741 175 974 220 GEORGII
997 175 1207 219 PISIDAE
1227 183 1229 186 ⁴

471 289 579 344 (δέος
600 288 675 345 γὰρ
697 282 747 342 ἦν
767 288 813 330 οὗ
831 292 988 345 φαῦλον
997 319 1012 340 ,
1046 286 1146 330 ὥστε
1162 287 1220 342 μὴ
1242 286 1411 345 φθάσας

467 358 520 400 τὰ
544 357 794 413 διαιρεθέντα
814 359 887 398 τοῦ
906 360 1081 413 στρατοῦ
1101 371 1175 398 σου
1195 353 1381 411 τάγματα

467 429 585 480 σχίσῃ
605 423 821 481 παρελθὼν
842 424 883 466 ἓν
902 424 1040 478 μέσοις
1060 422 1082 466 ὃ
1099 422 1345 481 βάρβαρος),

383 492 439 532 60
465 494 530 534 καὶ
551 496 637 541 πῶς
659 491 712 534 τὰ
732 491 862 534 πυκνὰ
881 491 1074 542 πολλάκις
1092 489 1352 546 βουλεύματα

463 560 522 614 μὴ
545 558 825 616 συνδραμόντα
848 564 922 602 τοῦ
941 564 1093 602 σκοποῦ
1116 566 1206 609 ταῖς
1225 560 1353 602 ἐλπίσι

460 625 640 682 γνώμαις
657 626 910 684 ὕπεστήριζες
928 627 1247 685 ἀκριβεστέραις,

464 693 566 738 ἕκών
583 694 779 752 παρήσω.
808 697 874 738 καὶ
899 695 977 752 γὰρ
1000 693 1142 747 αὐτός,
1178 696 1364 747 δέσποτα,

462 767 641 805 τοσαῦτα
666 762 853 820 πράττων
875 761 1090 806 λανθάνειν
1111 761 1323 817 ἕτεχνάσω,

381 830 436 872 65
463 828 571 880 ὅπως
591 830 636 872 τὸ
657 831 787 873 κοινὸν
806 831 864 886 μὴ
884 829 1063 887 μετάσχῃ
1085 835 1158 873 τοῦ
1178 829 1317 873 πόνου.

467 897 577 951 ὅμως
598 903 814 953 συνῆλθον,
850 897 982 956 ὥσπερ
1003 900 1046 949 ἐξ
1067 898 1188 955 ὄρους
1208 896 1315 948 τινός

466 965 618 1016 πολλὰς
639 966 798 1020 ἔχοντος
817 965 958 1021 ἐξοχάς
975 984 1016 1009 τε
1038 968 1105 1008 καὶ
1124 966 1258 1016 θέσεις

466 1036 625 1089 κρουνοὶ
646 1034 798 1091 ῥέοντες
818 1039 875 1092 τῷ
896 1036 1133 1088 πολυσχιὸεἴ
1148 1032 1262 1091 πόρῳ

465 1104 521 1151 εἷς
541 1102 664 1144 ταύτὸ
686 1103 967 1159 συντρέχουσιν
989 1103 1032 1143 ἐκ
1048 1106 1127 1144 τῶν
1148 1098 1391 1155 σχισμάτων.

384 1176 438 1215 70
465 1170 552 1223 ἐμοὶ
577 1170 619 1211 δὲ
639 1174 786 1223 θαῦμα
805 1167 1049 1226 προσφόρως
1068 1167 1273 1226 ἐπήρχετο,

463 1241 548 1286 πῶς
568 1241 649 1279 τῶν
669 1236 871 1292 λογισμῶν
891 1241 971 1279 τῶν
991 1235 1193 1279 τοσούτων
1213 1234 1240 1290 ἥ
1257 1233 1375 1290 χύσις

462 1310 521 1362 τῷ
541 1309 599 1362 σῷ
619 1309 798 1363 λογισμῷ
821 1303 1042 1361 σωφρόνως
1061 1302 1242 1346 ἐτάττετο
1255 1317 1267 1328 ·

461 1371 588 1427 πλήν,
622 1371 677 1422 ὥς
699 1371 798 1414 ἴοικε
808 1404 822 1424 ,
858 1371 1072 1429 δραστικὸς
1093 1375 1196 1414 θεοῦ
1217 1369 1334 1427 λόγος

461 1438 618 1489 τούτοις
638 1440 802 1490 ἐπιστὰς
822 1440 869 1482 οὗ
888 1438 1012 1494 μόνον
1031 1439 1127 1490 τοὺς
1146 1439 1315 1493 αὗχένας

378 1511 433 1553 75
461 1508 618 1562 ἔκαμψε
642 1507 825 1560 πάντων,
869 1508 963 1550 ἀλλ’
992 1506 1097 1562 ὁμοῦ
1119 1509 1186 1550 καὶ
1207 1508 1389 1564 καρὸἰάς.

509 1576 618 1618 Ἐπεὶ
642 1577 686 1618 δὲ
707 1582 792 1625 τοῖς
813 1582 898 1625 σοΐς
919 1573 1246 1632 προσδραμόντες
1271 1575 1417 1628 ἴχνεσιν

459 1643 652 1696 ἅπαντες,
688 1642 822 1699 ὥσπερ
843 1644 886 1684 ἐκ
906 1647 1004 1697 μιᾶς
1024 1644 1275 1700 συμφωνίας,

454 1712 501 1754 τὸ
527 1711 598 1753 σὸν
617 1709 906 1767 θεοστήρικτον
925 1709 1109 1766 ὕμνησαν
1130 1709 1299 1767 κράτος,

462 1781 528 1821 καὶ
549 1774 628 1822 τῶν
648 1780 851 1836 τροπαίων
872 1778 968 1828 τοὺς
990 1782 1200 1832 κομῶντας
1222 1776 1392 1831 αὐχένας

378 1850 433 1890 80
459 1847 559 1902 πρὸς
579 1851 653 1903 γῆν
674 1846 832 1889 ἔκλιναν
850 1845 906 1896 ὥς
927 1847 1169 1903 μεταρσίους
1189 1844 1355 1903 λόφους,

460 1915 506 1957 οἳ
532 1915 786 1965 συντεθέντες
805 1913 981 1973 εὐτρόχῳ
1001 1915 1232 1968 ποικίλματι

463 1981 631 2039 κήρυκες
653 1986 727 2025 εἶσι
745 1987 941 2025 τακτικῶν
965 1981 1193 2037 κινημάτων

458 2049 674 2107 πόρρωθεν
691 2050 805 2106 ἔγγὺς
827 2057 910 2100 τοῖς
926 2049 1034 2100 ὅλοις
1054 2047 1246 2106 ὁρώμενοι
1261 2080 1273 2099 ,

245 2203 319 2235 erat
340 2198 521 2234 timendum
545 2211 588 2233 ne
607 2201 787 2244 praerepta
805 2198 982 2233 occasione
995 2198 1045 2232 tui
1062 2198 1232 2232 exercitus
1247 2197 1372 2233 divisas
1387 2197 1500 2244 copias
1516 2196 1697 2242 intercipe-

242 2250 320 2280 rent
336 2245 461 2280 medias
474 2245 731 2290 supa-aggressi
745 2244 889 2280 barbari.
935 2245 1015 2288 (60)
1031 2243 1198 2288 quomodo
1213 2248 1324 2277 autem
1338 2244 1426 2278 bene
1441 2243 1578 2288 provisa
1591 2253 1696 2287 saepe

239 2290 382 2324 consilia
396 2302 462 2324 non
482 2289 714 2324 concurrentia
739 2301 812 2323 cum
827 2295 1074 2334 praeconcepta
1089 2301 1152 2334 spe
1165 2289 1340 2323 sententiis
1356 2287 1695 2331 confirmaverislme-

238 2334 380 2369 lion-ibus
390 2362 400 2378 ‚
435 2336 542 2370 libens
566 2335 849 2379 praetermittam:
882 2339 922 2368 tu
939 2334 1027 2368 enim
1050 2335 1143 2379 ipse,
1174 2334 1336 2379 despota,
1367 2334 1426 2379 qui
1439 2335 1524 2368 haec
1537 2331 1697 2377 gerebas,

239 2381 351 2414 celare
375 2381 531 2415 studuisti
547 2392 589 2414 ex
602 2380 778 2415 industria.
826 2380 906 2423 (65)
926 2391 969 2413 ne
982 2379 1086 2423 igitur
1101 2380 1293 2425 respublica
1307 2380 1542 2414 detrimentum
1556 2384 1696 2423 patere-

239 2431 308 2468 tur,
332 2426 430 2460 simul
445 2437 559 2460 omnes
574 2436 764 2459 convenere
774 2453 784 2470 ‚
806 2424 912 2459 veluti
929 2435 972 2459 ex
988 2425 1099 2470 aliquo
1115 2430 1240 2470 monte,
1263 2425 1323 2471 qui
1337 2425 1457 2459 multos
1473 2425 1578 2458 habet
1593 2423 1695 2458 colles

239 2476 276 2505 et
290 2472 415 2514 valles,
451 2472 515 2506 rivi
540 2471 682 2505 fluentes
695 2482 756 2516 per
772 2470 955 2504 multifidos
970 2471 1123 2505 tramites
1137 2470 1172 2504 in
1188 2482 1286 2505 unum
1302 2471 1494 2505 coalescunt
1507 2481 1550 2504 ex
1566 2468 1694 2503 disiun-

240 2516 305 2551 ctis
320 2517 458 2552 semitis.
505 2518 587 2561 (70)
605 2527 658 2549 me
673 2521 785 2550 autem
800 2516 888 2549 iusta
902 2514 1040 2550 incessit
1055 2516 1251 2559 admiratio,
1283 2516 1416 2561 quinam
1437 2519 1492 2549 tot
1506 2512 1697 2548 tantarum-¹

240 2572 308 2606 que
325 2562 564 2606 cogitationum
582 2561 712 2606 copiam
727 2566 786 2595 tuo
802 2561 938 2595 consilio
955 2561 1124 2606 sapienter
1139 2562 1297 2606 regeres!
1342 2572 1478 2603 verum,
1509 2563 1546 2594 ut
1561 2570 1623 2605 par
1640 2563 1695 2595 est

240 2607 401 2650 credere,
435 2608 559 2641 efficax
575 2607 631 2640 dei
644 2608 785 2641 verbum
799 2607 862 2641 illis
878 2606 1015 2640 adstans
1030 2619 1098 2641 non
1112 2607 1219 2641 solum
1234 2606 1385 2641 cervices
1412 2607 1491 2649 (75)
1507 2605 1607 2639 flexit
1621 2615 1695 2639 om-

239 2652 348 2695 nium,
381 2654 440 2688 sed
457 2653 554 2687 simul
570 2653 668 2686 etiam
685 2652 800 2686 corda.
844 2652 962 2697 itaque
977 2663 1052 2687 cum
1065 2652 1113 2687 illi
1129 2659 1206 2698 post
1220 2657 1280 2686 tua
1294 2651 1522 2685 accurrissent
1536 2649 1695 2694 vestigia,

240 2709 374 2743 omues,
397 2699 493 2733 velut
509 2709 551 2732 ex
566 2697 711 2732 unanimi
728 2702 913 2742 concentu,
941 2703 1036 2732 tuum
1051 2709 1071 2732 a
1087 2697 1151 2732 deo
1166 2697 1332 2732 firmatum
1347 2697 1571 2732 laudaverunt
1585 2695 1695 2740 impe-

238 2743 337 2787 rium,
353 2751 397 2784 ‚et
411 2743 610 2779 vexillorum
625 2748 774 2778 comatos
789 2743 903 2789 apices
920 2743 999 2787 (80)
1017 2743 1059 2778 ad
1074 2746 1199 2779 terram
1215 2742 1421 2777 inclinarunt
1435 2745 1474 2776 ut
1488 2743 1596 2777 elatos
1611 2750 1693 2775 ver-

239 2789 344 2835 tices3
370 2790 506 2836 quique
522 2795 619 2825 erant
634 2789 782 2825 colorum
798 2788 964 2825 varietate
981 2789 1142 2836 distincti,
1162 2788 1329 2825 actionum
1342 2787 1534 2824 militarium
1549 2791 1692 2834 praevo-
