1890 3224
251 167 314 213 38
737 165 970 211 GEORGII
1002 165 1226 211 PISIDAE

468 281 648 323 ε’ντεῦθεν
672 279 807 330 αὐτοῖς
832 283 1052 336 συμφορῶν
1075 278 1337 338 πολυτρόπων

467 346 772 402 συμπτωμάτων
793 365 834 390 τε
854 349 920 390 καὶ
940 346 1073 405 φόνων
1093 351 1159 391 καὶ
1181 347 1421 403 κλασμάτων

466 418 645 465 κίνδυνος
662 416 897 473 ηὐτρέπιστο
921 421 1134 472 συντριβῆς
1151 417 1294 473 γέμων.

349 481 430 525 245
466 485 536 525 καί
555 481 632 525 πού
657 501 717 534 τις
741 484 873 526 αὐτῶν
894 485 936 534 ἐξ
957 483 1131 540 ἀνάγκης
1150 484 1299 540 ηὔξατο

466 553 599 593 ἐλθεῖν
621 552 713 594 κατ’
740 552 865 594 αὐτοῦ
884 551 1183 609 συντομώτερον
1204 556 1331 611 ξίφος.

464 619 585 670 ἄλλος
603 621 646 662 δὲ
665 618 803 670 νώτοις
822 620 994 670 ἱππικοῖς
1012 619 1205 678 ἔφιζάνων

463 689 662 745 μετέωρος
683 687 793 745 ἤρθη
812 693 862 745 τῇ
879 690 950 748 βίᾳ
972 693 1043 731 τοῦ
1066 691 1303 746 σφίγματος.

465 760 627 806 πολλοῖς
644 757 688 798 δὲ
706 763 834 811 τεῖχος
853 756 927 807 τὰς
946 759 1166 812 καμηλίους
1186 756 1274 800 τότε

350 821 433 864 250
466 825 641 880 πλευρὰς
660 822 939 877 κατεσκεύαζεν
958 823 985 880 ἦ
1008 827 1249 882 περίστασις.

466 890 667 949 κρημνούς
687 910 727 935 τε
753 891 896 942 πάντες
914 893 1060 949 ἀγρίων
1082 895 1204 949 αἰγῶν
1230 893 1342 947 δίκην

465 964 596 1017 φυγῆς
615 960 857 1014 ἅνεξίχνευον
877 959 1151 1015 ἒκπηδήματα.

465 1026 491 1082 ἡ
518 1028 568 1082 σὴ
594 1029 637 1070 δὲ
657 1033 769 1070 πᾶσα
790 1033 863 1070 τοῦ
884 1033 1060 1086 στρατοῦ
1077 1029 1256 1072 συνοικία

464 1097 678 1150 βλέποντες
702 1097 959 1153 εὐφραίνοντο
980 1101 1030 1153 τῇ
1049 1099 1142 1156 θείᾳ
1164 1098 1289 1153 κρίσει

352 1163 434 1206 255
470 1164 522 1205 τὰ
543 1168 614 1218 τῆς
632 1163 863 1221 παραδόξου
881 1163 1080 1218 θαύματα
1100 1164 1364 1221 στρατηγίας·

465 1231 568 1285 βολὴ
591 1231 667 1288 γὰρ
692 1232 763 1273 οὐκ
787 1227 837 1286 ἦν
856 1232 1126 1289 ἓπτερωμὲνου
1147 1233 1291 1286 βέλους

465 1300 507 1341 ἓν
529 1303 579 1355 τῇ
597 1299 747 1353 μεταξὺ
767 1303 847 1341 τῶν
865 1304 1047 1356 στρατῶν
1069 1298 1289 1351 διαστάσει,

464 1369 532 1408 καὶ
554 1371 634 1417 πᾶς
655 1385 715 1417 τις
737 1365 850 1422 ἡμῶν
869 1366 1040 1418 εὐκόλως
1056 1368 1252 1422 ἀπέβλεπε

465 1434 566 1492 πρὸς
586 1435 658 1485 τὰς
679 1433 859 1486 ἐπάλξεις
881 1440 961 1478 τῶν
985 1434 1203 1494 φαράγγων
1223 1435 1297 1485 τὰς
1319 1431 1482 1487 νόθους,

352 1506 436 1546 260
472 1504 514 1544 ἐν
537 1500 602 1552 αἶς
623 1503 669 1544 τὸ
692 1507 851 1557 πλῆθος
874 1505 1043 1558 ἐκχυθὲν
1064 1509 1144 1547 τῶν
1163 1502 1387 1560 βαρβάρων

468 1575 626 1620 πυκνῶς
648 1571 927 1627 ἕνεστρέφοντο
949 1572 1007 1625 μὴ
1029 1571 1264 1626 κινούμενοι.

517 1638 628 1679 Ἀλλ’
653 1638 691 1679 οἱ
711 1639 784 1692 μὲν
806 1634 910 1693 ’ἦσαν
932 1640 972 1681 ἓν
995 1638 1171 1696 τοσαύτῃ
1191 1639 1413 1697 φροντίδων

466 1703 564 1761 ζάλῃ
585 1707 833 1763 διαρρέοντες
853 1705 908 1757 ὡς
925 1707 977 1749 τὰ
1000 1706 1174 1760 κύματα,

467 1772 495 1814 ἃ
516 1780 605 1823 ταῖς
628 1772 780 1816 ἑαυτῶν
802 1775 1018 1832 ἐκδρομαῖς
1039 1774 1256 1829 ὥθούμενα

350 1839 434 1882 265
469 1841 521 1883 τὰ
543 1835 616 1896 μὲν
637 1841 738 1898 πρὸς
756 1840 866 1898 ὕψος
887 1843 929 1885 ἐκ
947 1842 1109 1898 βάθους
1129 1844 1348 1900 ἀνέρχεται,

470 1909 522 1951 τὰ
545 1910 588 1952 δὲ·
608 1912 818 1967 προπίπτει
838 1913 904 1953 καὶ
922 1910 1042 1954 πάλιν
1059 1914 1316 1963 κοιλαίνεται·

470 1975 598 2028 οὕτως
616 1979 772 2021 ἐκείνων
791 1983 871 2022 τῶν
891 1978 1074 2023 ἀτάκτων
1092 1978 1307 2036 ταγμάτων

343 2093 410 2129 243
432 2093 495 2129 καὶ
518 2098 597 2141 post
619 2095 750 2140 φόνων
772 2095 840 2131 add
861 2096 890 2132 P
1026 2097 1094 2133 251
1117 2097 1233 2143 αἰγῶν
1254 2094 1322 2131 add
1342 2094 1373 2130 P

253 2194 370 2228 valles.
417 2194 496 2228 hinc
510 2195 593 2240 ipsis
611 2196 838 2231 calamitatum
852 2197 1032 2239 variarum,
1054 2198 1275 2232 ne‘caderent
1290 2197 1575 2241 caederenturque
1589 2198 1626 2230 et
1637 2195 1705 2230 illi·-

255 2241 435 2280 detentum
459 2241 645 2285 periculum
669 2243 824 2275 obortum
847 2255 889 2276 ex
914 2243 1086 2276 collisione
1107 2244 1296 2278 maximum.
1343 2244 1445 2288 (245)
1467 2254 1508 2277 ac
1523 2243 1613 2276 forte
1628 2243 1705 2286 quis

256 2285 491 2330 desperatione
518 2285 656 2319 adactus
680 2288 853 2321 orabafut
867 2287 976 2332 ipsum
992 2290 1241 2323 transfoderent
1255 2293 1356 2322 acuto
1371 2290 1475 2325 ferro.
1520 2289 1606 2322 alter
1617 2299 1704 2323 vero

203 2330 208 2333 ”
255 2330 364 2374 tergis
392 2330 522 2374 equinis
550 2330 699 2365 insidens
724 2331 758 2365 in
783 2335 896 2366 aerem
922 2338 974 2366 est
997 2335 1147 2368 sublatus
1172 2347 1213 2369 ex
1228 2336 1264 2368 vi
1281 2334 1546 2380 compressionis.
1590 2334 1703 2368 multis

253 2379 364 2409 autem
379 2387 440 2428 pro
457 2386 552 2409 muro
570 2377 730 2410 camelina
753 2378 854 2422 (250)
878 2378 986 2412 latera
1001 2379 1160 2423 praebuit
1175 2392 1335 2426 praesens
1349 2381 1542 2413 necessitas.
1588 2390 1704 2414 omnes

249 2425 364 2454 autem
378 2425 467 2454 inter
483 2432 585 2466 rupes
595 2447 605 2464 ‚
628 2428 666 2455 ut
681 2423 754 2456 fere
768 2434 912 2468 capreae
923 2450 933 2467 ‚
958 2431 1056 2468 aptos
1072 2426 1115 2458 ad
1128 2427 1243 2470 fugam
1255 2426 1465 2470 indagabant
1479 2424 1602 2458 exitus.
1646 2430 1705 2459 to-

251 2470 323 2500 tum
339 2477 423 2499 vero
440 2466 489 2499 tui
505 2467 674 2500 exercitus
690 2468 942 2502 contubernium
957 2469 1025 2504 late
1039 2472 1229 2514 gaudebat,
1260 2471 1378 2505 videns
1395 2482 1437 2504 ex
1451 2471 1565 2504 divino
1578 2470 1703 2505 iudicio

253 2511 355 2555 (255)
387 2516 468 2545 tuae
492 2512 698 2547 incredibilis
724 2525 766 2547 ex
791 2514 947 2548 editionis
972 2516 1142 2551 iniracuia.
1199 2527 1308 2561 neque
1333 2516 1438 2560 enim,
1472 2521 1630 2561 quantum
1652 2520 1706 2551 est

251 2557 357 2591 iactus
372 2557 498 2590 velocis
514 2557 632 2600 iaculi,
658 2569 742 2592 unus
786 2559 913 2593 istabat
927 2562 970 2594 ab
987 2561 1095 2596 altero
1112 2563 1287 2596 exercitus.
1334 2567 1370 2596 et
1391 2562 1619 2607 unusquisque
1639 2573 1704 2596 no-

253 2607 359 2637 strum
380 2602 480 2648 facile
503 2603 735 2649 prospiciebat
757 2603 812 2637 illa
833 2605 921 2639 falsa
944 2607 1075 2651 rupium
1091 2607 1361 2653 propugnacula,
1388 2608 1489 2651 (260)
1512 2608 1601 2642 inter
1614 2618 1704 2652 quae

255 2648 433 2682 multitudo
461 2648 571 2682 effusa
598 2649 815 2683 barbarorum
840 2650 981 2685 densata
1002 2654 1220 2694 versabatur,
1244 2664 1308 2686 nec
1322 2664 1360 2686 se
1376 2664 1519 2697 unquam
1535 2655 1702 2687 movebat.

255 2693 371 2737 itaque
396 2692 445 2727 illi
471 2698 568 2728 erant
594 2694 628 2727 in
651 2694 711 2728 tali
735 2694 991 2730 sollicitudinum
1014 2702 1216 2743 tempestate
1237 2698 1456 2742 fluctuantes,
1481 2698 1568 2732 sicut
1582 2698 1703 2741 undae,

255 2749 345 2783 quae
360 2750 396 2773 se
411 2739 501 2784 ipsas
515 2744 639 2783 urgent
654 2746 689 2773 et
703 2740 894 2794 impellunt:
919 2743 1018 2786 (265)
1043 2744 1129 2777 aliae
1143 2743 1279 2789 quidem
1293 2744 1328 2778 in
1343 2744 1447 2777 altum
1462 2756 1505 2778 ex
1520 2744 1587 2778 imo
1603 2743 1703 2777 attol-

255 2784 388 2826 luntur,
410 2784 496 2819 aliae
522 2790 634 2819 autem
660 2786 840 2821 concidunt
863 2792 898 2822 et
922 2797 1040 2823 rursus
1056 2788 1294 2835 deprimuntur.
1341 2789 1388 2823 sic
1403 2788 1614 2835 incompositi
1629 2788 1705 2823 illo-
