1890 3224
775 211 1094 258 PRAEFATIO.
1602 227 1667 258 vn

212 321 283 360 lib.
303 323 330 363 8
349 333 390 373 p.
409 321 516 371 222,
545 321 589 359 in
611 321 754 374 quibus
774 323 956 362 omnibus
975 324 1046 362 illa
1067 322 1209 362 eadem
1227 324 1351 363 oratio
1370 323 1480 363 venit
1498 324 1570 364 sub
1590 338 1666 363 no-

213 391 323 427 mine
349 389 553 442 Γεωργίου
584 385 900 443 ,ἆρχιεπισκόπου
930 392 1205 444 Νικομηδείας
1229 396 1304 438 τοῦ
1326 388 1507 446 ῥήτορος.
1574 407 1666 431 cum

213 464 348 495 autem
365 471 419 495 ex
435 455 589 496 duobus
607 459 787 509 Georgiis
803 472 931 496 unum
946 461 1032 511 ipse
1049 459 1180 497 facere
1198 460 1324 498 semel
1339 461 1553 511 statuisset,
1571 459 1666 498 rhe-

212 527 310 564 toris
327 526 490 564 titulum
497 524 792 564 Nicomediensi
807 527 1000 564 tributum
1018 525 1257 565 adPisidam
1272 528 1485 576 transferre
1501 529 1667 566 minime

213 592 422 632 dubitavit.
481 600 656 631 ceterum
675 594 825 632 multae
845 601 937 632 sunt
956 601 1073 633 notae
1099 595 1243 647 quibus
1261 593 1305 632 hi
1325 593 1402 633 duo
1421 596 1582 647 Georgii
1600 596 1666 632 in-

212 667 274 700 ter
291 675 334 700 se
354 662 472 699 facile
495 660 808 713 distinguantur:
837 675 934 699 nam
951 661 1108 710 Pisida,
1139 669 1184 699 ut
1205 661 1355 700 dictum
1375 670 1458 713 est,
1487 663 1560 701 sub
1582 665 1668 700 He-

213 730 336 769 raclio
357 730 516 769 vivebat
534 742 579 767 ac
601 730 679 767 fuit
700 728 890 768 diaconus
907 736 946 767 et
960 728 1233 782 scevophylax
1253 737 1292 768 et
1312 734 1452 782 poeta,
1480 732 1667 769 Nicome-

212 796 362 837 diensis
398 805 555 846 autem,
594 810 648 834 ex
677 810 756 849 quo
783 805 934 836 temere
965 806 1005 843 et
1033 799 1247 836 Lambecio
1274 799 1514 836 reclamante
1545 797 1614 835 lib.
1644 800 1666 839 1

206 879 254 915 p.
282 865 361 906 135
379 872 417 901 et
433 864 504 901 lib.
526 865 553 907 4
566 877 614 914 p.
630 866 685 904 21
706 863 990 902 Mcomedium
1010 864 1213 918 quendam
1231 866 1414 905 conflavit
1430 866 1670 917 Posseviuus

210 933 257 969 in
274 929 507 984 Appendice
525 931 768 982 Apparatus
784 933 920 979 Sacri,
948 939 1126 984 tempore
1155 932 1291 971 Photii
1317 934 1470 983 floruit,
1502 946 1556 988 ex
1577 931 1671 970 rhe-

213 1006 297 1038 tore
319 1006 360 1037 e't
377 998 574 1038 monacho
588 1029 599 1049 ,
631 1000 667 1038 si
690 998 790 1038 fides
811 999 1039 1038 adhibenda
1062 1008 1122 1039 est
1144 999 1328 1039 codicum
1345 1002 1471 1039 titulis
1490 1002 1539 1039 ab
1557 1002 1672 1039 Alla-

212 1069 268 1106 tio
294 1070 339 1106 in
368 1067 510 1106 eadem
539 1066 708 1105 diatriba
734 1069 784 1107 de
811 1069 993 1120 Georgiis
1019 1070 1175 1118 relatis,
1209 1067 1527 1121 archiepiscopus
1550 1071 1671 1107 Nico-

208 1134 368 1174 mediae
395 1143 534 1187 postea
565 1136 707 1174 factus.
767 1137 1026 1176 Combefisius
1051 1137 1232 1175 omnium
1252 1138 1403 1188 primus
1420 1135 1580 1175 videtur
1599 1135 1672 1174 de—

212 1210 350 1255 ceptus
379 1205 423 1242 in
449 1210 554 1242 recte
575 1202 854 1255 dignoscendis
873 1203 1027 1242 duobus
1049 1203 1158 1243 hisce
1176 1206 1378 1256 Georgiis:
1406 1204 1480 1243 sed
1500 1218 1671 1243 errorem

210 1271 281 1308 ifle
308 1284 426 1309 suum
449 1273 611 1322 agnovit
631 1284 676 1308 ac
699 1272 829 1310 fassus
848 1279 907 1310 est
924 1274 968 1310 in
984 1271 1100 1310 Bibl.
1131 1273 1382 1318 Cone-ioman,
1408 1274 1453 1310 in
1482 1286 1561 1325 qua
1585 1286 1671 1311 ser-

208 1351 351 1377 mones
391 1340 553 1390 Georgii
586 1338 926 1388 Nicomediensis‚
975 1352 1074 1391 quos
1099 1341 1247 1378 Graece
1279 1346 1319 1377 et
1345 1341 1487 1378 Latine
1519 1347 1612 1377 tom.
1649 1344 1670 1382 1

211 1404 406 1442 Auctarii
420 1407 516 1444 novi
533 1404 709 1455 dederat,
738 1407 950 1459 plerosque
970 1420 1024 1444 ex
1040 1408 1291 1459 interpolata,
1320 1407 1534 1445 nonnullos
1553 1408 1675 1444 etiam

207 1486 268 1513 *ex
286 1486 390 1511 nova
413 1486 485 1511 sua
501 1474 682 1521 versione
705 1472 871 1512 exhibet
897 1481 1054 1512 tantum
1070 1476 1229 1512 Latine.
1285 1474 1358 1513 sed
1375 1489 1427 1512 ne
1447 1474 1546 1527 quid
1567 1476 1674 1512 inta-

207 1546 322 1578 ctum
340 1538 416 1577 hac
433 1541 478 1577 in
492 1554 535 1578 re
557 1539 781 1578 definienda
800 1542 1072 1594 relinquamus
1084 1571 1095 1591 ,
1122 1542 1274 1580 iuvabit
1298 1541 1435 1580 audire
1461 1543 1684 1592 Allafium,

203 1609 284 1661 „qui
306 1606 356 1645 de
377 1608 548 1660 Georgio
568 1614 702 1646 nostro
722 1609 898 1648 scribens
919 1608 1075 1648 disertis
1105 1609 1237 1647 verbis
1267 1610 1343 1647 ait:
1386 1623 1443 1647 an
1460 1617 1603 1660 postea
1627 1611 1672 1647 in

210 1677 481 1727 episcopatum
509 1676 849 1715 Nicomediensem
865 1683 1076 1727 promotus
1103 1677 1209 1714 idem
1229 1691 1321 1714 cum
1350 1677 1522 1730 Georgio
1542 1678 1672 1715 Nico-

208 1744 560 1795 mediensisuerit‚
589 1746 658 1782 cui
667 1744 808 1795 plures
830 1758 902 1782 nee
916 1743 1174 1782 illaudabiles
1193 1746 1388 1782 orationes
1404 1747 1674 1798 panegyr-icae

211 1810 461 1856 tribuuntur,
490 1824 588 1863 quas
605 1812 778 1851 Allatius
798 1811 952 1849 ibidem
971 1811 1020 1850 de
1042 1812 1213 1861 Georgio
1231 1811 1528 1850 Nicomediensi
1550 1825 1673 1863 agens

213 1884 442 1926 enumerat,
471 1879 516 1915 in
539 1877 707 1916 dubium
734 1891 807 1916 nec
832 1879 1023 1922 immerito
1052 1879 1154 1916 verti
1167 1880 1328 1929 poterit.
1389 1878 1519 1916 alium
1542 1885 1676 1916 tamen

211 1945 323 1984 hunc
340 1960 368 1983 a
393 1946 564 1997 Georgzb
584 1945 898 1991 Nicomediensi,
929 1947 1001 1997 qui
1019 1945 1257 1997 temporibus
1274 1946 1415 1984 Plzotii
1430 1946 1575 1984 Photio
1597 1947 1677 1996 ipsi

211 2027 375 2065 operam
400 2020 574 2055 naparat
599 2028 716 2051 suam
741 2015 785 2050 in
802 2013 1008 2051 Photiana
1026 2014 1192 2064 synodo,
1219 2028 1418 2052 annorum
1435 2014 1525 2064 ipsa
1541 2014 1675 2064 spatia

211 2081 373 2120 abunde
389 2080 584 2132 probant.-
613 2095 642 2119 a
672 2082 812 2133 Sergio
841 2082 944 2118 enim
964 2081 1222 2132 patriarcha,
1256 2082 1324 2119 cui
1343 2082 1490 2119 Pisida
1508 2080 1674 2118 Hexae'-

214 2163 348 2188 meron
367 2163 466 2200 opus
483 2150 699 2200 inscripsit,
721 2149 779 2187 ad
794 2148 998 2186 Photiana
1016 2155 1191 2200 tempora
1206 2151 1309 2187 anni
1321 2149 1482 2187 ducenti
1500 2156 1538 2186 et
1552 2150 1674 2201 quin-

215 2218 413 2270 quaginta
420 2217 521 2267 plus
536 2218 670 2255 minus
686 2217 942 2255 intercedunt.
977 2217 1015 2254 si
1022 2217 1336 2255 Mcomedienszls
1353 2216 1672 2268 episcopussuit,

213 2285 322 2323 alius
350 2298 441 2336 ergo
470 2283 522 2322 ab
549 2284 626 2329 lzoc
651 2287 808 2331 omnino
838 2286 922 2323 erit.
984 2292 1021 2322 et
1024 2285 1162 2337 fuisse
1178 2286 1420 2336 episc-opum,
1447 2285 1518 2322 illo
1522 2284 1675 2336 jbrsan

215 2366 296 2395 non
332 2352 438 2390 male
475 2352 637 2395 suaderi
666 2367 879 2404 possumus
893 2368 906 2390 :
953 2367 1051 2391 nam
1084 2355 1208 2391 oratio
1246 2355 1290 2391 in
1327 2352 1447 2392 verba
1478 2352 1672 2391 Iohannis

207 2414 394 2463 “stabant
420 2421 535 2458 iuxta
560 2434 718 2459 crucem
742 2423 835 2467 Iesu
859 2428 987 2459 mater
1013 2422 1123 2460 illius
1151 2428 1190 2460 et
1209 2434 1322 2460 soror
1337 2415 1530 2469 matris,”
1558 2420 1672 2457 cuius

214 2489 375 2526 initium
390 2495 448 2526 est
465 2486 567 2541 πρὸς
587 2485 851 2542 ὑψηλοτάτην
871 2487 1082 2543 περιωπήν
1103 2486 1206 2542 ἡμῖν
1228 2487 1253 2530 ὅ
1273 2485 1414 2542 λόγος,
1443 2489 1489 2525 in
1505 2501 1585 2524 mss
1605 2500 1673 2524 ⁶0-

214 2554 371 2593 dicibus
393 2556 562 2608 Georgio
581 2557 877 2595 Nicomediensi
890 2557 1113 2608 adscripta,
1141 2558 1186 2594 in
1198 2557 1328 2595 codice
1345 2556 1426 2593 alio
1445 2570 1507 2593 ms
1506 2584 1524 2602 2
1554 2567 1671 2607 quem

223 2621 314 2659 Chii
330 2623 461 2661 videre
477 2626 658 2677 contigit,
685 2626 730 2663 in
745 2639 823 2677 quo
840 2625 976 2663 eadem
995 2626 1120 2662 oratio
1125 2625 1265 2677 fusior
1280 2618 1475 2662 ac‘multo
1499 2622 1673 2673 amplior

217 2689 382 2740 legitur,
414 2693 579 2733 Pisidae
603 2707 818 2745 cognomen
852 2693 1022 2745 Georgia
1045 2692 1341 2750 Nicomediensi
1368 2692 1580 2743 adiungit:
1613 2690 1671 2726 sic

219 2757 325 2793 enim
351 2756 514 2808 legitur,
545 2761 745 2815 Γεωργίου
774 2761 1064 2815 μητροπολίτου
1085 2761 1358 2813 Νικομηδείας
1385 2762 1457 2800 τοῦ
1478 2756 1668 2808 Πισσίδη.

220 2825 466 2875 exscriptoris
491 2826 670 2878 lapsum,
707 2830 774 2867 cui
795 2830 874 2866 ista
902 2842 982 2867 non
997 2828 1246 2879 placuerint,
1274 2830 1318 2866 in
1350 2828 1479 2866 codice
1509 2837 1606 2872 esse,
1636 2830 1675 2861 et
1693 2841 1729 2876 p,
1751 2829 1803 2863 IX
