1890 3224
630 182 1018 228 HERACLIADOS
1052 181 1172 227 ACR.
1205 180 1260 225 Π.
1605 180 1668 225 83

422 305 574 350 κοιναῖς
599 298 702 342 καθ’
727 296 843 354 ἡμῶν
863 301 1110 355 προσβολαῖς
1129 294 1356 351 τεθηγμένα

308 373 389 413 100
422 376 511 420 ταῖς
534 375 626 418 σαῖς
643 369 856 425 μερίμναις
873 368 915 409 ἓν
933 371 1085 423 βραχεῖ’
1101 365 1288 422 διῃρέθη,

417 437 570 493 χειμὼν
582 437 636 479 ,δὲ
655 435 795 479 λοιπὸν
815 434 863 477 οὗ
880 433 1005 489 μόνον
1029 439 1109 477 τῶν
1127 431 1387 491 πραγμάτων,
1418 445 1423 450 ·

425 509 492 548 καὶ
513 509 586 560 τῆς
603 509 736 562 φορᾶς
756 505 800 547 δὲ
819 508 893 546 τοῦ
906 501 1056 560 χρόνου
1077 501 1323 559 κατεκράτει,

426 576 468 617 ἓν
486 569 520 634 ᾧ
538 572 717 628 μάλιστα
734 580 823 623 ταῖς
843 574 1055 629 μερίμναις
1078 570 1260 620 εἰσόδους

420 647 492 698 τῆς
511 642 655 693 νυκτὸς
671 642 881 685 ὦδίνουσιν
901 641 944 683 αἱ
964 638 1241 698 παρεκτάσεις,

314 713 393 755 105
421 710 583 769 γνώμης
604 712 732 767 ἕγίνου
752 710 828 761 τὰς
848 706 925 752 ἀπ’
955 709 1079 767 ἄκρον
1095 707 1226 764 ἡλίου,

428 778 485 830 ὡς
505 775 555 834 ’ἦν
579 778 741 837 ἐφικτόν
747 812 760 831 ,
791 780 965 832 ἓκτεμεΐν
983 776 1259 835 περιστάσεις·

429 848 559 904 πηγὴν
575 848 653 904 γὰρ
675 847 786 904 ᾔδεις
803 851 884 889 τῶν
902 851 1038 888 κακῶν
1056 846 1130 900 τὴν
1148 845 1349 901 Περσίδα.

428 918 495 958 καὶ
519 916 569 970 δὴ
590 915 640 958 τὸ
661 920 828 972 πρᾶγμα
853 916 1108 969 σχηματίζων
1128 912 1290 956 ἐπλάσω

429 983 579 1030 σαυτὸν
602 990 826 1041 παρασχεῖν
845 990 931 1033 τοῖς
953 982 1032 1039 πρὸ
1055 981 1209 1031 ἄστεως
1229 979 1383 1029 τόποις,

316 1058 398 1097 110
433 1054 508 1107 οὐχ
530 1051 586 1102 ὥς
602 1069 640 1095 τι
657 1051 839 1109 τερπνόν,
872 1053 941 1093 καὶ
959 1049 1140 1104 μάλιστα
1157 1055 1232 1094 τοῦ
1248 1048 1400 1107 χρόνου

424 1125 624 1176 χειμῶνος
645 1119 783 1170 ὄντος,
817 1118 999 1175 εὐπορεῖν
1022 1119 1298 1172 εἰθισμένους,

430 1190 524 1232 ἀλλ’
549 1187 651 1231 ὥστε
674 1194 760 1237 τοῖς
781 1194 869 1236 σοῖς
887 1188 1090 1241 μηδαμῶς
1108 1185 1361 1239 βουλεύμασι

433 1258 486 1300 τὰ
504 1261 585 1299 τῶν
605 1259 780 1298 πολιτῶν
801 1255 1106 1308 συμπλέκεσθαι
1123 1252 1359 1311 πράγματα,

431 1327 517 1381 μηδ
522 1325 534 1341 ²
561 1319 613 1367 αὖ
633 1324 820 1380 γενέσθαι
841 1327 1078 1376 βλαπτικοΐς
1101 1320 1371 1371 κατασκόποις

321 1395 401 1437 115
435 1394 585 1449 ἔκδηλα
607 1397 688 1435 τῶν
710 1396 794 1436 σῶν
816 1389 1058 1445 σκεμμάτων
1078 1390 1130 1433 τὰ
1151 1389 1358 1446 δόγματα·

434 1461 676 1505 καλύπτεται
694 1460 772 1517 γὰρ
795 1458 850 1510 ὥς
869 1461 980 1516 νέφει
998 1458 1255 1509 κατάσκοπος

432 1530 542 1588 ὄχλῳ
560 1527 803 1586 παρεισδύς,
836 1530 905 1570 καὶ
927 1527 1165 1584 δυσεύρετος
1184 1528 1307 1581 με’νει.

433 1600 556 1642 ἐκεῖσε
579 1602 702 1655 γοῦν,
736 1594 948 1654 κράτιστε,
980 1597 1183 1652 συλλέγων
1208 1595 1303 1637 ὅλον

434 1667 506 1710 τὸν
524 1671 620 1710 νοῦν
638 1669 813 1709 σεαυτοῦ
835 1666 903 1707 καὶ
925 1669 1054 1725 σχολῇ
1072 1668 1184 1721 σοφῇ
1201 1665 1375 1720 τρέφων,

319 1738 402 1778 120
435 1734 572 1785 πάσας
594 1734 766 1790 ἀνέγνως
786 1731 986 1784 διατάξεις
1005 1737 1086 1776 τῶν
1103 1731 1240 1786 νόμων

435 1803 510 1852 τὰς
526 1804 568 1853 ἐξ
587 1801 722 1846 ὅπλων
738 1803 806 1844 καὶ
824 1798 1073 1857 πραγμάτων
1091 1798 1329 1856 ὡρισμένας.

437 1871 525 1913 ἀλλ’
549 1865 600 1925 ἦν
615 1870 669 1913 τὰ
686 1869 845 1927 κρυπτὰ
862 1873 937 1911 τοῦ
954 1872 1108 1911 σκοποῦ
1126 1883 1200 1910 σου
1222 1865 1407 1922 δόγματα

438 1937 568 1995 λόγων
588 1939 772 1996 ἀφορμαὶ
797 1943 883 1988 τοῖς
902 1941 1038 1980 λαλεῖν
1058 1936 1324 1991 εἰθισμένοις,

313 2091 381 2128 123
400 2089 492 2132 τοὺς
512 2091 635 2126 λαλεῖν
657 2087 891 2136 εἰθισμένους
913 2089 958 2124 ed

221 2227 337 2273 itaque
362 2230 540 2273 postqum
565 2228 619 2260 tot
645 2226 800 2260 furentes
827 2224 933 2270 gladii
966 2224 1001 2258 in
1027 2234 1091 2258 nos
1120 2234 1187 2258 uno
1222 2222 1349 2269 impete
1384 2224 1478 2258 facto
1512 2221 1688 2257 constricti

221 2274 330 2318 (100)
351 2278 410 2308 tna
425 2283 508 2307 cura
523 2276 602 2307 suut
619 2271 775 2307 celeriter
789 2271 914 2315 divisi,
947 2271 1015 2306 iam
1036 2269 1175 2310 tandem
1197 2269 1304 2304 biems
1318 2280 1386 2304 non
1401 2278 1524 2313 operas
1537 2272 1686 2302 tantum-

222 2319 336 2362 modo,
359 2318 420 2353 sed
436 2318 536 2352 etiam
549 2328 682 2352 cursum
697 2317 919 2352 contrahebat
934 2316 1103 2362 temporis.
1148 2321 1284 2361 tempus
1299 2319 1375 2350 erat
1392 2325 1459 2359 quo
1477 2314 1686 2359 potissimum

222 2365 314 2399 curis
335 2364 508 2399 introitum
531 2363 641 2398 noctis
662 2363 829 2417 praebent
841 2363 962 2407 longae
977 2362 1204 2397 extensiones.
1256 2362 1365 2406 (105)
1387 2364 1459 2395 tum
1474 2359 1635 2404 cogitasti
1649 2363 1689 2394 ut

222 2411 391 2445 instantes
412 2411 456 2445 ab
482 2409 599 2444 ultimo
616 2408 758 2443 Onente
769 2434 780 2451 ,
815 2414 976 2454 quantum
996 2408 1074 2444 fieri
1098 2411 1233 2453 posset,
1266 2406 1472 2441 calamitates
1486 2411 1665 2441 averteres
1676 2417 1687 2439 ι

222 2457 354 2491 fontem
369 2455 456 2490 enim
471 2455 632 2491 malorum
647 2453 780 2489 sciebas
795 2466 871 2489 esse
886 2454 1068 2490 Persidem.
1093 2458 1130 2488 et
1143 2453 1210 2488 iam
1224 2465 1294 2487 rem
1308 2452 1418 2487 animo
1435 2451 1571 2487 molitus
1584 2451 1690 2486 simu-

223 2501 304 2536 lasti
317 2502 475 2547 teipsum
491 2501 647 2535 conferre
659 2499 696 2534 in
710 2500 881 2542 suburbia,
901 2501 1005 2544 (110)
1019 2511 1089 2534 non
1102 2505 1142 2534 ut
1157 2499 1216 2545 qui
1230 2498 1376 2540 deliciis,
1398 2509 1474 2534 cum
1490 2496 1689 2543 praesertim

224 2551 359 2593 tempus
372 2547 479 2582 instat
493 2547 679 2589 hibernum,
702 2546 738 2580 in
751 2557 846 2581 more
860 2546 988 2586 habent
1002 2545 1178 2588 diffluere,
1201 2544 1261 2579 sed
1277 2556 1320 2578 ne
1335 2543 1405 2581 tuis
1419 2543 1588 2579 ullatenus
1605 2554 1690 2576 con-

225 2591 309 2627 siliis
324 2593 448 2628 civium
461 2592 772 2628 intermiscerentur
786 2591 924 2636 negotia
932 2616 946 2635 ,
966 2603 1078 2637 neque
1091 2592 1192 2627 fieret
1209 2589 1408 2636 perniciosis
1420 2588 1691 2635 speculatoribus

227 2638 334 2682 (115)
357 2643 479 2684 aperta
490 2643 625 2673 tuarum
639 2637 881 2683 cogitationum
894 2637 1062 2673 voluntas.
1119 2636 1339 2672 absconditur
1353 2635 1454 2678 enim,
1475 2634 1572 2669 velut
1587 2634 1690 2674 nube,

228 2693 273 2716 ex
296 2683 426 2718 lerator
441 2684 524 2719 clam
539 2685 659 2719 turbae
673 2683 843 2719 immixtus
855 2709 865 2724 ,
897 2688 933 2718 et
953 2683 1093 2718 inventu
1118 2687 1172 2717 est
1196 2681 1354 2716 difficilis.
1398 2681 1447 2716 ibi
1466 2681 1569 2725 igitur
1582 2683 1690 2712 totam

227 2739 269 2762 co
298 2728 307 2737 ⁶
332 2740 405 2772 ens,
428 2741 449 2763 o
464 2730 663 2773 fortissime,
683 2734 776 2763 tuam
790 2731 948 2771 mentem,
969 2734 1007 2764 et
1021 2729 1092 2764 otio
1108 2727 1252 2773 sapienti
1262 2727 1431 2770 nutriens,
1455 2726 1561 2771 (120)
1577 2734 1692 2758 omnes

228 2773 383 2818 relegisti
397 2775 657 2811 constitutiones
670 2775 784 2819 legum
800 2775 890 2810 circa
903 2786 962 2810 res
975 2775 1113 2810 bellicas
1130 2780 1166 2808 et
1181 2773 1299 2808 civiles
1312 2772 1522 2819 praefinitas.
1569 2769 1632 2804 sed
1647 2780 1692 2803 ex

229 2819 373 2854 occultis
386 2823 470 2856 tuac
482 2821 602 2858 mentis
617 2820 766 2861 consiliis
779 2820 938 2867 loquendi
952 2821 1086 2865 occasio,
1102 2823 1205 2866 cepta
1219 2823 1274 2856 est
1285 2830 1309 2860 a
1322 2818 1470 2866 garrulis
1479 2842 1492 2862 ,
1522 2815 1622 2861 queis
1634 2814 1691 2850 lu-
