1838 3210
231 185 254 231 1
264 183 288 231 1
296 185 325 231 2
810 186 889 230 DU
922 185 1109 231 CANGII

226 295 416 334 santibus.
473 290 654 347 υπερθέν
672 308 713 334 τε
732 293 938 346 μηνοειδές
955 310 992 336 τι
1007 290 1110 351 αὐτῇ
1128 292 1259 363 ἕτερον
1278 297 1358 344 τοῖς
1375 294 1581 351 προσεχέσι
1597 299 1670 349 τῆς

227 352 459 404 οἰκοδομίας
479 350 659 406 ἐπῆρται,
689 353 740 406 τῇ
757 349 829 404 μὲν
849 348 1061 421 εὐπρεπείᾳ
1079 349 1321 404 θαυμάσιον,
1350 356 1403 409 τῷ
1423 351 1465 393 δὲ
1484 355 1670 404 σφαλερῷ·

223 411 299 460 τῆς
321 407 547 455 συνθέσεως
565 408 716 447 δοκοῦν
735 422 773 448 τι
794 423 848 458 φο
880 423 970 461 ερον
995 393 1097 449 εἶναι
1118 405 1233 456 ολως-
1290 394 1399 449 δοκεῖ
1416 406 1492 480 γάρ
1513 425 1569 461 πη
1595 424 1670 450 ουκ

226 463 271 507 ἐν
291 465 438 518 βεβαίῳ
457 463 740 518 ἕπῃωρῆσθαι,
771 459 843 504 ἄλλ
879 461 1140 512 ἐπικινδύνως
1156 468 1238 513 τοῖς
1257 461 1405 506 ἐνθάδε
1422 460 1512 506 ουσι
1531 480 1672 532 μετεω-

229 521 432 574 ρίζεσθαι·
475 519 544 559 καί
562 534 623 559 τοι
643 518 911 572 διαφερόντως
931 520 975 562 ἐν
993 523 1049 576 τῷ
1070 522 1216 575 βεβαίῳ
1234 524 1307 573 τῆς
1323 517 1538 572 ἀσφαλείας
1556 517 1672 573 ἐστή-

225 591 366 630 ρικται.
423 573 465 612 id
482 576 601 613 etiam
618 578 746 627 attigit
767 578 945 628 Gyllius,
975 578 1147 616 scribens
1169 585 1317 615 exstare
1336 577 1473 628 templi
1492 579 1671 614 extremb—

226 639 341 678 tates,
372 632 480 669 ultra
499 639 582 670 octo
593 633 709 682 pilas
722 635 936 684 proiectas,
966 635 1009 671 in
1027 634 1218 684 sphaerae
1236 641 1421 699 quartam
1434 641 1591 684 partem
1607 647 1671 670 re-

226 689 418 735 cedentes,
458 702 503 726 ex
531 703 675 740 supera
696 697 814 740 parte
836 689 1029 742 quiddam
1049 690 1168 728 lunae
1186 697 1371 729 curvatae
1386 692 1429 728 in
1449 703 1597 728 cornua
1615 691 1673 726 sb·-

227 745 318 782 mile
340 758 443 795 prae
467 759 508 782 se
533 753 723 797 gerentes.
786 745 956 799 denique
987 760 1104 798 supra
1133 746 1210 785 hoc
1239 748 1419 785 lunatum
1450 745 1672 784 aedificium

227 803 396 853 assurgit
410 801 544 839 fornix
564 803 664 840 alius
683 803 877 841 excelsior
900 816 1023 855 usque
1047 802 1098 840 ad
1123 810 1239 854 caput
1257 804 1441 842 immensi
1459 805 1571 841 istius
1586 802 1673 840 for-

226 859 339 906 nicis,
371 859 480 896 cuius
496 866 607 910 tergo
626 860 819 896 incumbit
837 858 992 896 mediae
1014 858 1123 897 aedis
1143 867 1294 907 vertex,
1314 862 1373 898 uti
1397 858 1516 896 habet
1537 859 1672 897 Silen-

227 916 364 952 tiarius
389 928 428 952 v.
449 917 545 955 266.
601 916 704 952 intra
724 914 894 953 conchae
917 929 1116 953 recessum
1137 918 1343 968 utrinque,
1375 917 1429 953 ait
1446 914 1556 953 idem
1571 917 1672 952 Pro-

229 972 388 1021 copius,
420 971 626 1008 columnae
649 984 671 1008 a
690 973 917 1022 pavimento
939 979 1167 1023 assurgunt,
1197 986 1276 1010 non
1298 978 1403 1010 recto
1423 970 1585 1038 quidem
1606 984 1673 1008 or-

229 1025 333 1075 dine,
364 1025 434 1064 sed
453 1028 558 1065 intus
574 1029 854 1065 semicirculari
872 1029 999 1065 forma
1023 1002 1247 1080 dispositae,
1276 1030 1333 1066 ita
1350 1035 1394 1065 ut
1410 1028 1511 1066 sibi
1500 1029 1673 1065 invicem

226 1090 432 1151 tanquam
446 1084 489 1120 in
520 1082 639 1121 choro
672 1092 919 1135 assurgentes
947 1086 1082 1122 lunato
1112 1084 1288 1122 aedificio
1314 1085 1490 1123 subsint:
1518 1079 1674 1123 τούτων

228 1137 272 1179 δὲ
293 1137 345 1191 δη
364 1133 432 1190 ἐφ’
441 1137 617 1209 ἑκάτερα
636 1141 767 1187 κίονες
786 1136 853 1180 ἐπ’
871 1136 1046 1190 ἐδάφους
1072 1139 1183 1187 εἰσίν,
1214 1137 1308 1181 ουδὲ
1329 1134 1444 1180 αὐτοὶ
1465 1133 1545 1180 κατ’
1568 1135 1673 1179 evea>

226 1194 400 1244 ἑστῶτες,
425 1190 516 1235 ἀλλ’
536 1196 628 1236 εἷ’σω
648 1193 746 1236 κατὰ
767 1198 896 1248 σχῆμα
914 1194 957 1236 vd
975 1195 1196 1248 ημίκυκλον
1217 1193 1347 1249 ω’σπερ
1368 1196 1409 1237 ἐν
1427 1193 1541 1249 χοίρῳ
1560 1191 1676 1247 ἆλλή-

225 1254 310 1299 λοις
323 1249 705 1319 ὖπεξανισταμενοι·
731 1267 799 1292 και
817 1249 949 1292 αὐτῶν
966 1250 1231 1304 υπεροῖνωθεν
1251 1249 1500 1304 οἰκοδόμημα
1520 1265 1675 1303 μηνοει-

227 1305 292 1355 δὲς
309 1304 587 1360 οἷποκρέμαται.
645 1307 748 1345 hanc
775 1307 1013 1346 concharum
1041 1316 1194 1360 partem
1224 1310 1417 1348 columnis
1444 1307 1675 1346 adornatam

225 1379 269 1404 το
287 1365 475 1411 κιονῶδες
495 1363 652 1402 videtur
670 1365 871 1416 appellare
893 1364 1157 1417 Pachymeres
1182 1368 1201 1406 1
1238 1368 1302 1406 19.
1361 1363 1534 1403 conchae
1557 1376 1676 1415 prae-

225 1427 333 1457 terea
353 1421 618 1471 appellatione
638 1434 718 1458 non
735 1423 859 1459 semel
879 1420 1027 1459 donant
1042 1424 1248 1486 scriptores
1265 1422 1537 1472 baptisterium
1554 1421 1676 1458 Late-

82 1487 203 1524 P564
226 1478 404 1514 ranensis
425 1478 635 1525 ecclesiae,
674 1490 793 1529 quam
816 1478 1007 1515 concham
1018 1492 1149 1529 para,>
1135 1479 1312 1515 ‹ronicam
1321 1506 1338 1524 ,
1367 1476 1565 1514 interdum
1577 1489 1678 1526 por-

218 1533 415 1584 phyream
450 1534 699 1571 Constantini
725 1542 841 1571 vocat
866 1537 1033 1571 Ioannes
1061 1535 1292 1571 Hocsemius
1322 1535 1364 1570 iu
1389 1533 1626 1584 Engelberto
1652 1544 1677 1569 a

226 1591 359 1627 Marca
390 1591 574 1640 episcopo
602 1588 726 1627 Leod.
757 1602 790 1626 c.
819 1589 894 1637 35,
937 1589 1127 1626 concham
1146 1589 1466 1639 porphyreticam
1485 1600 1677 1639 magnum

227 1644 450 1683 Chronicon
469 1647 675 1696 Belgicum
693 1658 733 1695 p.
759 1645 849 1686 160.
869 1646 912 1682 in
929 1659 1027 1696 qua,
1050 1647 1104 1682 ait
1123 1645 1231 1682 idem
1246 1647 1492 1693 Hocsemius,
1513 1645 1680 1681 intravit

233 1702 515 1739 Constantinus
532 1715 741 1753 paganas,
772 1707 809 1737 et
827 1700 885 1738 ibi
901 1701 1124 1752 Zotnssait5
1170 1700 1218 1738 de
1239 1714 1317 1753 quo
1338 1702 1584 1739 Constantini
1602 1701 1677 1738 ba-

226 1759 404 1810 ptisterio
443 1765 564 1809 agunt
595 1764 799 1809 praeterea
839 1756 1107 1809 Theophanes
1146 1771 1182 1795 a.
1214 1759 1277 1798 18.
1335 1758 1599 1804 Constantini,
1638 1762 1678 1794 et

227 1815 460 1853 Anastasius
484 1816 526 1851 in
548 1815 616 1851 vit.
637 1815 717 1851 PP.
738 1826 779 1864 p.
803 1812 867 1862 14,
898 1817 964 1862 23,
995 1816 1062 1856 28.
1106 1814 1152 1851 ab
1177 1812 1369 1851 eiusmodi
1388 1812 1550 1864 perinde
1572 1818 1678 1850 stru-

227 1878 360 1908 cturae
383 1870 513 1908 forma
533 1869 681 1907 dictum
702 1870 777 1907 fuit
796 1871 1021 1922 τρίκογχον,
1056 1871 1272 1907 triclinium
1297 1871 1339 1906 in
1365 1871 1510 1920 palatio
1540 1869 1677 1920 cpoli-

227 1934 343 1975 tano,
387 1928 496 1964 cuius
516 1928 664 1963 mentio
690 1933 748 1963 est
772 1927 814 1963 in
836 1925 1028 1964 Chronico
1053 1926 1325 1964 Alexandrino
1345 1940 1383 1976 p.
1404 1925 1484 1966 734
1510 1932 1548 1962 et
1571 1922 1679 1975 apud

227 1985 404 2021 Leonem
422 1984 731 2020 Grammaticum
747 1996 787 2033 p.
807 1982 888 2024 455
913 1989 951 2019 et
972 1984 1064 2023 497.
1096 1991 1140 2020 ut
1161 1989 1199 2019 et
1216 1981 1323 2018 aliud
1345 1984 1386 2018 in
1407 1981 1546 2019 eodem
1564 1981 1678 2031 pala-

228 2042 284 2077 tio
312 2040 529 2076 triclinium
558 2036 799 2091 ἓπτοῖκογχον
819 2045 1090 2088 nuncupatum
1108 2051 1130 2075 a
1146 2045 1297 2088 septem
1322 2036 1502 2084 conchis,
1534 2037 1678 2088 quibus

230 2096 444 2142 constabat,
473 2097 517 2132 in
537 2107 615 2146 quo
636 2093 769 2131 habita
785 2095 930 2144 legitur
950 2095 1106 2131 collatio
1132 2092 1422 2131 Catholicorum
1449 2106 1538 2130 cum
1553 2093 1679 2130 Seve—

229 2152 363 2199 rianis,
386 2152 603 2188 Iustiniano
620 2151 854 2201 imperante,
876 2163 976 2201 quae
996 2148 1191 2187 habetur
1181 2163 1222 2186 ιιι
1243 2150 1498 2187 conciliorum
1519 2148 1677 2186 codice·
1664 2176 1678 2196 ,

230 2206 339 2260 quod
358 2206 513 2244 videtur
530 2205 637 2243 idem
651 2220 735 2244 esse
747 2219 837 2243 cum
850 2219 895 2243 eo
907 2204 1015 2257 quod
1026 2207 1164 2256 Hepta
1173 2205 1278 2243 nude
1290 2205 1432 2243 dicitur
1441 2204 1547 2257 apud
1556 2205 1678 2242 Libe-

228 2270 359 2301 ratum
372 2261 582 2300 diaconum
594 2275 626 2299 c.
640 2262 680 2300 9.
723 2261 1013 2300 observandum
1025 2261 1223 2314 denique‘
1207 2259 1316 2316 ιεροῖν
1333 2260 1474 2316 κόγχην
1486 2260 1679 2313 appellari

229 2320 278 2357 ab
291 2320 492 2370 Euagrio'
481 2331 613 2369 ipsum
632 2318 748 2355 bema
762 2319 945 2356 cancellis
959 2319 1040 2356 suis
1055 2319 1245 2356 clausum.
1270 2320 1324 2355 ait
1337 2321 1442 2355 enim
1453 2317 1678 2369 Sophianae

227 2375 338 2414 aedis
355 2374 646 2426 longitudinem
664 2387 686 2411 a
705 2381 817 2425 porta
836 2375 976 2425 templi
994 2374 1166 2412 conchae
1185 2376 1348 2413 obversa
1367 2374 1445 2412 ad
1434 2387 1562 2425 ipsam
1583 2385 1678 2410 con-

228 2431 365 2480 cham,
408 2431 509 2471 ἔνθα
528 2446 574 2470 τα
595 2433 667 2482 τῆς
686 2426 933 2481 ἅναιμοὶκτου
951 2434 1205 2484 καλλιερεῖται
1225 2433 1391 2478 θυσίας,
1420 2429 1569 2481 pedum
1593 2441 1679 2466 esse

229 2490 334 2536 170,
371 2490 492 2525 totius
521 2500 614 2524 vero
641 2487 781 2537 templi
811 2486 1103 2537 longitudinem
1132 2500 1217 2525 esse
1244 2486 1393 2538 pedum
1420 2487 1514 2527 260.
1572 2483 1680 2522 unde

229 2544 367 2582 confici
386 2543 541 2581 videtur
560 2542 849 2594 longitudinem
872 2543 1038 2581 bematis
1058 2544 1180 2581 fuisse
1201 2542 1349 2594 pedum
1368 2545 1444 2591 70,
1484 2542 1680 2594 reliquam

228 2601 351 2638 fuisse
375 2601 418 2636 in
433 2613 510 2637 nao
533 2607 569 2637 et
588 2612 750 2650 pronao,
780 2600 845 2636 vel
863 2601 895 2637 si
916 2602 1055 2647 mavis,
1081 2598 1280 2636 narthece.

346 2656 413 2697 51.
471 2658 555 2693 Iam
573 2669 666 2693 vero
687 2657 876 2692 maiorem
899 2654 1101 2703 concham,
1131 2668 1231 2707 quae
1247 2654 1405 2691 Graecis
1427 2652 1679 2704 scriptoribus

233 2711 340 2750 nude
360 2709 479 2765 κόγχη
501 2711 664 2761 dicitur,
707 2713 839 2749 Latini
857 2712 1053 2750 inferioris
1075 2713 1213 2750 aetatis
1238 2712 1386 2762 passim
1404 2709 1586 2747 absidam
1605 2721 1678 2759 ap·-

233 2770 447 2820 pellavere.
506 2768 648 2806 diserte
671 2770 776 2805 enim
796 2769 985 2806 Paulinus
1009 2769 1122 2819 epist.
1145 2769 1197 2808 12
1221 2766 1399 2805 absidam
1422 2779 1512 2803 cum
1532 2763 1681 2802 concha

236 2824 455 2865 confundit.
511 2838 586 2863 nec
613 2824 764 2863 abludit
790 2823 1016 2865 valafridus
1045 2824 1185 2863 Strabo
1210 2824 1280 2862 lib.
1311 2822 1359 2861 de
1393 2822 1491 2862 Reb.
1526 2820 1678 2859 Eccles-
