1890 3224
298 175 392 221 128
905 169 1134 214 PETAVII

294 286 428 338 itaque
457 283 480 325 ὁ
504 277 866 337 πρωτοασηκρῆτης
892 287 952 319 est
976 276 1196 335 πρώτιστος
1226 281 1308 320 τοῖν
1338 279 1554 332 βασιλικῶν
1569 297 1748 337 γραμμα-

293 341 407 383 τέων.

406 408 518 459 p-63
539 419 577 445 v.
596 407 666 447 22.
723 403 881 473 πέμπτῃ
913 403 981 446 καὶ
1013 399 1166 456 εἰκάδι]
1198 401 1500 471 Theophanes.
1540 401 1668 461 τούτῳ
1693 409 1749 462 τῷ·

296 465 371 507 ἔτει
401 422 562 531 (Leonis
582 461 627 513 4)
660 462 736 502 ἶνδ.
754 458 804 516 γ’,
841 463 892 517 τῇ
906 460 1041 531 ημέρᾳ
1057 463 1130 501 τοῦ
1153 455 1303 513 πάσχα,
1333 460 1508 513 ἒστὲφθη
1533 464 1750 502 Κωνσταν-

297 526 405 569 τῖνος
425 516 505 560 ὕπὸ
528 517 705 566 Λέοντος
728 520 802 559 τοῦ
821 517 966 570 πατρὸς
989 533 1113 558 αυτου
1139 515 1183 558 ἐν
1207 520 1263 571 τῷ
1297 517 1568 572 Τριβουναλίῳ
1589 533 1670 558 των
1692 515 1752 559 ιθ’

299 574 565 629 οἷκκουβίτων,
622 576 774 613 factum
794 573 836 612 id
858 587 893 612 a.
912 577 1007 623 720,
1040 574 1148 626 cyclo
1165 574 1285 611 lunae
1308 575 1373 623 18,
1405 574 1514 625 cyclo
1534 575 1629 613 solis
1646 576 1752 627 Cpo-

296 635 422 672 litano
443 631 513 673 24.
571 634 764 670 terminus
782 630 982 682 paschalis
1005 634 1057 672 29
1081 631 1231 677 Martii,
1263 644 1353 668 cum
1379 643 1457 683 qua
1488 633 1707 683 προσθεταί
1726 630 1754 673 4

297 697 337 729 et
368 696 642 729 concurrentes
674 692 693 730 1
728 689 860 741 (male
885 689 992 725 enim
1013 686 1121 738 apud
1139 687 1386 738 scaligerum
1405 689 1448 724 in
1465 688 1634 724 Maximi
1653 689 1755 726 Rota

181 751 211 785 P
234 750 280 786 82
303 755 363 785 est
385 750 422 786 A
447 759 518 797 pro
536 749 575 785 A
595 747 637 783 in
657 753 824 797 utraque
843 743 1042 795 editione)
1073 742 1168 781 daut
1188 743 1260 782 fer.
1278 746 1316 785 6.
1373 743 1464 781 ideo
1484 742 1632 795 pascha
1646 746 1757 782 Mar-

302 805 348 842 tii
370 805 420 844 31
446 802 556 853 cyclo
577 803 673 840 solis
691 803 869 840 Romano
890 802 937 849 1,
967 801 1025 838 lit.
1048 799 1154 838 dom.
1174 801 1219 838 F.
1278 807 1380 839 errat
1408 801 1528 852 igitur
1556 799 1759 853 Nicepho-

301 873 388 908 ωε,
418 859 485 898 vel
502 857 719 909 legendum
734 854 873 913 πρώτῃ
892 856 961 897 καὶ
977 852 1173 910 τριακαδι.

415 940 457 978 Ρ.
478 924 531 967 64
555 939 594 964 v-
619 928 656 966 1.
714 923 926 967 δεκαεννέα
955 920 1227 990 ακκουβὶτων]
1267 922 1536 976 Theophanes
1565 925 1608 962 in
1637 937 1675 963 a.
1692 925 1756 968 31

306 984 539 1023 Iustiniani.
584 978 682 1022 ωστε
712 998 760 1023 τα
792 981 831 1031 ἐξ
865 981 990 1030 ἔθους
1016 976 1210 1035 γενόμενα
1245 977 1384 1030 αριστα
1418 977 1475 1021 ιθ’
1510 978 1759 1034 ακκουβίτων

308 1040 502 1088 ἔπαυσεν,
532 1038 599 1079 καὶ
617 1035 691 1089 τήν
713 1034 866 1079 τούτων
889 1037 1025 1086 ἔξοδον
1045 1040 1127 1082 τοῖς
1145 1039 1314 1087 πτωχοῖς
1333 1035 1514 1078 δέδωκεν.
1572 1050 1673 1089 quae
1702 1039 1759 1075 ita

306 1095 479 1135 reddidit
510 1096 658 1132 Paulus
691 1096 853 1138 Diacon.
888 1095 918 1131 1.
947 1095 1019 1133 16:
1049 1091 1120 1128 sed
1144 1098 1182 1128 et
1210 1098 1351 1128 saneta
1385 1091 1532 1129 Christi
1553 1095 1761 1134 nativitate

305 1152 455 1203 absque
474 1151 550 1188 illa
574 1151 753 1201 (corona)
774 1150 965 1199 processit
982 1149 1026 1184 in
1043 1147 1264 1192 ecclesiam,
1292 1147 1350 1183 ita
1369 1154 1415 1186 ut
1434 1149 1553 1186 etiam
1563 1150 1762 1200 prandia,

307 1221 412 1262 quae
440 1221 485 1244 ex
511 1219 614 1243 more
624 1205 745 1269 'fiunt
766 1205 810 1241 in
832 1206 882 1245 19
901 1201 1165 1249 accubitibus,
1194 1215 1344 1240 cessare
1361 1203 1538 1254 faceret,
1567 1213 1606 1246 et
1630 1219 1763 1244 eorum

307 1276 495 1315 expensas
517 1263 647 1314 egenis
667 1259 866 1298 tribueret.

419 1329 475 1367 ib.
499 1343 537 1367 v.
556 1329 596 1370 3.
654 1344 755 1369 κατα
783 1343 878 1375 τους
906 1324 1097 1379 χρόνους]
1128 1340 1164 1365 a.
1190 1327 1336 1366 L⁴eonis
1367 1331 1441 1378 103
1486 1326 1536 1366 de
1565 1342 1643 1382 quo
1671 1326 1766 1368 vide

306 1385 621 1445 Theophanem,
650 1384 727 1424 hoc
744 1392 803 1424 est
818 1385 1058 1434 miscellam,
1088 1391 1127 1422 et
1143 1382 1380 1422 Cedrenum.

421 1453 475 1491 ib.
499 1467 536 1491 v.
558 1456 597 1494 9.
654 1456 706 1509 τῇ
722 1451 820 1508 Ἱερᾷ
837 1452 1062 1508 καλουμένῃ
1081 1449 1214 1506 νήσῳ]
1244 1452 1385 1490 Strabo
1409 1452 1439 1491 l.
1461 1453 1502 1493 1.
1558 1451 1607 1490 de
1631 1450 1767 1492 Thera

310 1518 351 1550 et
374 1509 570 1549 Therasia
590 1510 744 1548 Plinius
764 1510 793 1547 1.
816 1512 843 1551 2
864 1516 903 1547 et
922 1510 1073 1548 Seneca
1091 1511 1116 1550 6
1139 1512 1229 1547 Nat.
1249 1511 1407 1556 Quaest.

423 1592 464 1629 p.
489 1576 541 1619 65
565 1590 602 1614 v.
625 1579 664 1618 6.
723 1578 890 1628 Κοσμᾶς
921 1574 984 1627 δὲ]
1014 1574 1156 1614 Indict.
1187 1578 1260 1626 10,
1290 1577 1440 1628 Aprilis
1467 1578 1518 1619 18
1549 1577 1676 1614 victus
1708 1583 1767 1614 est

312 1635 499 1682 cosmas,
529 1635 584 1670 ait
602 1630 871 1682 Theophanes
891 1645 926 1669 a.
947 1634 1092 1670 Leonis
1113 1633 1180 1673 10.

428 1689 484 1727 ib.
506 1702 544 1726 v.
569 1690 632 1729 16.
689 1687 759 1728 καὶ
779 1685 1044 1740 συγγράφειν]
1075 1686 1152 1726 hoc
1170 1689 1334 1739 contigit
1352 1686 1593 1740 Theophani
1609 1700 1646 1725 a.
1662 1689 1770 1726 Leo·

312 1747 377 1784 nis
395 1746 463 1794 13,
493 1745 606 1783 nobis
630 1743 691 1785 14.
751 1743 952 1795 depositus
973 1751 1031 1782 est
1047 1757 1140 1782 vero
1160 1745 1203 1783 S.
1221 1746 1439 1782 Germanus
1455 1745 1628 1782 Ianuarii
1649 1742 1713 1781 die
1727 1745 1769 1792 7,

315 1805 371 1840 ait
394 1800 684 1853 Theophanes,
714 1800 856 1838 Indict.
877 1802 927 1841 13
940 1830 950 1848 ‚
978 1802 1078 1838 feria
1098 1804 1137 1842 3.
1195 1800 1266 1839 sed
1293 1814 1501 1852 perperam
1520 1814 1592 1852 pro
1610 1801 1708 1838 feria
1727 1801 1770 1849 7,

316 1866 385 1897 aut
420 1866 522 1896 certe
553 1859 726 1895 Ianuarii
749 1860 774 1899 3
796 1856 1026 1908 legendum.
1085 1864 1168 1895 erat
1200 1858 1333 1910 cyclus
1358 1859 1453 1896 solis
1478 1860 1526 1898 11
1545 1886 1555 1905 ,
1584 1857 1698 1894 litera
1719 1858 1771 1894 A.

318 1929 396 1968 quo
418 1914 481 1952 die
506 1913 699 1952 indictum
721 1915 841 1951 sacris
860 1914 1100 1964 imaginibus
1125 1915 1346 1962 silentium,
1379 1921 1422 1951 ut
1439 1915 1615 1966 loquitur
1633 1912 1773 1952 Theo-

317 1971 492 2023 phanes,
521 1971 568 2007 ab
599 1968 887 2007 haereticorum
915 1968 1036 2007 huius
1062 1972 1250 2021 temporis
1278 1971 1466 2021 signifero
1491 1976 1529 2007 et
1549 1968 1771 2008 execrando
1805 1979 1810 1981 “

317 2030 467 2066 Leone.
526 2025 628 2064 sedit
658 2027 876 2064 Germanus
909 2039 946 2063 a.
967 2027 1019 2068 14
1041 2039 1096 2064 m.
1114 2025 1140 2067 5
1169 2025 1209 2064 d.
1224 2030 1267 2070 7.
1323 2039 1370 2064 ao
1387 2027 1558 2064 Ianuarii
1574 2029 1630 2069 22
1649 2025 1774 2064 suffe-

318 2092 403 2123 ctus
424 2085 461 2121 ei
481 2090 538 2120 est
560 2084 806 2120 Anastasius.

431 2154 472 2192 p.
493 2141 545 2180 66
564 2153 603 2177 v-
623 2143 664 2182 6.
693 2135 840 2191 χρόνου
861 2135 904 2179 δὲ
923 2134 1090 2190 μεταξῦ]
1122 2151 1223 2176 anno
1241 2138 1386 2176 Leonis
1406 2138 1473 2186 24,
1507 2137 1684 2176 Octobris
1704 2139 1773 2186 26,

316 2195 406 2235 Ind.
440 2198 488 2243 9,
521 2195 622 2232 feria
650 2194 700 2243 4,
729 2194 828 2233 hora
853 2197 878 2235 8
907 2193 1121 2232 vehemens
1154 2195 1223 2231 ille
1252 2201 1512 2232 terraemotus
1539 2192 1700 2243 accidit,
1730 2200 1775 2233 ut

318 2252 455 2292 scribit
473 2249 755 2302 Theophanes.
813 2249 978 2289 IndIctio
997 2253 1022 2291 9
1048 2252 1177 2302 coepit
1199 2263 1236 2288 a.
1258 2251 1302 2289 C.
1323 2250 1429 2300 740,
1460 2251 1570 2304 cyclo
1593 2251 1688 2289 solis
1703 2253 1773 2300 21,

318 2311 381 2348 lit.
402 2308 509 2347 dom.
526 2309 573 2345 B.
630 2308 687 2345 ita
710 2308 794 2345 Oct.
811 2308 865 2347 26
885 2307 984 2344 feria
1001 2304 1041 2346 4.

432 2364 486 2402 ib.
510 2377 549 2402 v.
570 2365 637 2406 18.
692 2362 860 2413 τέσσαρα
878 2362 945 2402 καὶ
963 2361 1108 2414 εἰκοσι]
1139 2363 1219 2414 leg.
1243 2377 1339 2415 μετα
1359 2361 1528 2416 τέσσαρα
1547 2361 1616 2403 καὶ
1636 2361 1773 2403 etum

319 2421 413 2460 vide
435 2434 536 2473 quae
555 2433 674 2472 supra
698 2418 997 2471 disputavimus.
1056 2418 1167 2457 addit
1192 2418 1486 2488 Theophanes.
1517 2413 1653 2467 ἴως’
1623 2434 1677 2471 ην
1698 2415 1777 2459 ἀπὸ
1798 2437 1800 2443 ·

324 2478 397 2531 μὲν
429 2478 591 2524 κτίσεως
622 2473 775 2545 κόσμου
801 2491 900 2515 κατα
930 2474 1145 2528 Ῥωμαίους
1171 2472 1295 2544 ςσμη’
1321 2472 1400 2517 ἄπο
1425 2472 1568 2528 Ἀδαμ,
1603 2472 1704 2515 κατα
1732 2471 1775 2514 δὲ

324 2533 571 2599 Αἰγυπτίους
590 2530 718 2600 ᾔγουν
734 2528 999 2584 Ἀλεξανδρεῖς
1016 2530 1148 2587 ςσλβ’,
1179 2526 1258 2574 απὸ
1275 2530 1319 2573 δὲ
1341 2533 1542 2573 Φιλίππου
1560 2529 1659 2572 κατοῖ
1679 2533 1777 2570 Μα-

296 2584 484 2636 -κεδὸνας
510 2587 615 2644 αξγ.

434 2644 487 2682 ib.
510 2658 548 2683 v.
570 2605 635 2685 19.
694 2641 881 2696 ὃιαδοχον
905 2642 948 2683 δὲ
972 2646 1043 2695 τῆς
1066 2640 1217 2697 αρχῆς]
1247 2642 1388 2683 eodem
1411 2656 1447 2682 a.
1466 2643 1548 2687 741
1574 2641 1714 2682 Indiot.
1734 2644 1774 2692 9,

323 2702 430 2741 Iunii
450 2703 500 2742 18
527 2701 807 2740 Constantinus
826 2702 1037 2752 imperium
1058 2702 1241 2752 capessit.

438 2756 494 2796 ib.
516 2770 556 2795 v.
574 2759 642 2799 20.
697 2754 953 2810 Ἀρτάβαζος]
985 2757 1251 2799 Artabasdum
1276 2755 1383 2796 hunc
1410 2753 1679 2808 Theophanes
1703 2766 1777 2807 ap-

327 2814 473 2867 pellat,
503 2812 552 2852 de
573 2827 651 2867 quo
670 2815 796 2853 fusius
816 2816 911 2865 agit.
