1898 3256
280 207 327 238 vl
446 193 651 238 CAROLI
681 194 761 239 DU
791 194 1007 243 FRESNE
1038 194 1247 240 DOMINI
1278 196 1359 241 DU
1393 197 1572 241 GANGE

281 310 320 343 et
339 304 420 344 suis
437 303 489 342 ad
504 305 721 344 Historiam
741 306 964 359 Augustam
985 307 1089 346 notis
1114 306 1400 360 publicaverat.
1457 313 1498 345 et
1521 320 1616 345 sane
1642 307 1751 369 licet‘

280 390 428 437 quanta
456 385 577 423 fuerit
603 385 721 423 Pauli
745 385 963 424 Silentiarii
981 386 1023 424 iu
1043 400 1088 425 eo
1109 385 1308 425 scribendi
1333 399 1477 437 genere
1496 387 1663 425 facultas
1683 399 1736 425 ex

278 464 388 513 aliis,
419 477 521 517 quae
550 465 632 501 iam
659 464 791 502 lucem
817 463 1100 518 adspexerant,
1130 465 1332 518 opusculis
1350 465 1441 516 plus
1459 466 1555 504 satis
1571 472 1736 515 constet,

281 550 367 581 tum
399 542 502 581 illud
530 544 765 595 praesertim
794 543 901 597 quod
930 536 1081 596 Regiis¹
1101 557 1209 582 nunc
1240 544 1348 598 typis
1373 556 1568 582 excusum
1590 543 1737 597 prodit,

279 623 535 674 praecipuam
564 624 710 672 mereri
736 622 898 662 laudem
924 622 1082 661 videtur
1109 635 1156 661 ac
1183 622 1591 673 commendationem,
1630 623 1741 677 quod

281 708 439 753 praeter
462 703 681 741 carminum
704 703 945 755 elegantiam
968 708 1191 741 accuratam
1207 703 1489 755 Angustissimi
1507 703 1650 756 templi
1666 702 1741 742 de-

282 782 536 833 scriptionem
565 783 717 836 vixque
748 774 1027 821 oculatioribus
1053 779 1246 822 hactenus
1271 783 1515 821 intellectam
1537 783 1654 822 nobis
1675 797 1742 822 re-

282 867 520 912 praesentet.
540 858 585 914 *)
642 875 739 900 nam
757 862 1030 901 commentarii
1049 874 1149 915 quos
1170 862 1259 901 aevi
1274 862 1473 900 inferioris
1490 862 1673 900 Graeculi
1692 861 1743 900 de

283 938 360 977 hac
380 939 478 977 aede
497 941 702 992 scripsere,
732 941 930 980 sublestae
949 939 1049 980 adeo
1070 948 1162 980 sunt
1181 940 1288 991 fidei,
1314 942 1506 994 nulloque
1524 955 1606 980 non
1621 940 1742 981 modo

283 1017 427 1071 digesti
444 1018 594 1069 ordine,
624 1018 696 1057 sed
717 1012 838 1058 etiam
856 1011 1061 1059 ‘vocabulis
1084 1008 1262 1060 barbaris
1283 1019 1473 1073 adspersi,
1495 1027 1540 1059 ut
1556 1018 1743 1059 divinan-

282 1097 356 1136 dae
376 1100 433 1137 rei
452 1100 585 1150 potius
602 1111 723 1152 quam
736 1098 1016 1152 percipiendae
1036 1100 1170 1138 locum
1188 1100 1417 1152 praebeant.
1476 1098 1581 1138 unde
1596 1101 1744 1138 mirum

279 1176 408 1215 videri
441 1190 522 1216 non
555 1177 696 1228 debet,
725 1178 761 1217 si
785 1179 855 1235 qui
880 1177 929 1217 de
960 1180 1202 1217 Graecorum
1231 1179 1392 1231 templis
1423 1185 1543 1231 atque
1568 1177 1668 1218 adeo
1693 1178 1744 1218 de

279 1254 485 1308 Sophiano
519 1270 735 1310 eorumque
765 1258 944 1310 partibus
976 1259 1190 1310 scripsere,
1229 1264 1387 1296 tautum
1419 1257 1523 1296 inter
1550 1271 1595 1296 se
1623 1255 1745 1297 dissi-

281 1334 401 1375 deant
423 1336 489 1374 vel
511 1342 614 1374 certe
641 1328 807 1375 omnino
828 1349 911 1374 non
934 1336 1191 1388 conveniant,
1221 1350 1313 1376 cum
1336 1350 1418 1375 non
1440 1349 1503 1375 res
1524 1337 1656 1376 solum
1674 1335 1747 1376 sed

279 1429 332 1453 ne
351 1415 565 1454 vix'verba
584 1413 748 1467 quidem
765 1416 853 1467 ipsa
874 1415 1110 1467 percipiant.
1155 1405 1241 1456 ¹sed
1260 1429 1351 1454 ecce
1369 1416 1489 1454 tantis
1509 1416 1554 1453 in
1571 1399 1747 1454 tenebris

279 1495 413 1533 facem
436 1495 604 1546 porrigit
634 1494 786 1533 Paulus
814 1494 1088 1543 Silentiarius,
1122 1493 1278 1533 utinam
1308 1500 1367 1533 tot
1392 1494 1545 1532 lacunis
1568 1507 1651 1532 non
1674 1492 1749 1532 de-

281 1580 485 1626 turpatu33
516 1574 627 1611 cuius
649 1579 759 1612 tanto
778 1573 908 1611 maior
928 1568 1270 1626 praestantiorque
1290 1572 1418 1611 videri
1438 1571 1556 1611 debet
1575 1571 1748 1610 auctori-

279 1659 363 1702 tas,
394 1665 473 1705 quo
507 1652 737 1690 accuratiori
771 1644 928 1689 calamo
957 1638 1186 1688 universam
1208 1651 1456 1688 celeberrimi
1476 1635 1616 1703 templi
1634 1664 1658 1689 a
1676 1652 1748 1689 Iu-

282 1732 455 1771 stiniano
476 1745 548 1770 sua
563 1737 799 1783 tempestate
818 1730 982 1768 excitati
999 1735 1236 1768 structuram
1251 1727 1450 1768 describit.
1492 1730 1624 1784 floruit
1640 1730 1750 1768 enim

286 1826 297 1848 ι
316 1826 333 1850 ³
364 1812 586 1864 imperante
615 1823 696 1848 non
723 1809 881 1862 poetica
909 1807 1103 1847 duntaxat
1130 1815 1170 1847 et
1197 1809 1367 1847 oratoria
1385 1806 1506 1846 laude
1528 1814 1657 1847 aetate
1675 1795 1749 1848 sua

283 1892 405 1942 longe
429 1891 693 1939 clarissimus,
722 1887 795 1927 sed
816 1894 855 1926 et
879 1887 1075 1926 natalium
1094 1885 1306 1939 splendore
1326 1887 1545 1941 opibusque
1563 1895 1604 1926 et
1617 1886 1750 1927 hono-

284 1971 395 2009 ribus
437 1970 688 2022 conspicuus.
743 1968 872 2007 Paulo
905 1973 1114 2019 parentem
1147 1966 1272 2005 fuisse
1307 1966 1458 2019 Cyrum
1485 1965 1601 2005 docet
1626 1964 1748 2005 huius

286 2050 472 2088 carminis
499 2049 659 2098 titulus,
701 2047 772 2100 qui
801 2045 966 2100 quidem
997 2058 1080 2084 non
1105 2045 1207 2082 alius
1231 2043 1333 2082 mihi
1361 2043 1516 2083 videtur
1541 2044 1590 2082 ab
1611 2059 1660 2083 eo
1678 2046 1748 2099 qui

286 2125 369 2170 οἷπὸ
389 2123 558 2169 ὑπάτων
579 2139 651 2165 seu
675 2124 815 2164 consul
833 2123 1071 2162 codicillaris
1091 2124 1267 2173 exstitit,
1298 2117 1411 2162 cuius
1434 2123 1528 2162 bina
1551 2122 1749 2162 habentur

228 2205 238 2218 ⁶
285 2209 572 2260 epigrammata
597 2206 641 2242 in
667 2202 912 2256 Anthologia
935 2204 1003 2241 Gr.
1022 2203 1053 2240 l.
1070 2200 1097 2244 4
1118 2216 1151 2241 c.
1169 2206 1223 2245 23
1244 2209 1283 2241 et
1301 2201 1376 2252 27,
1406 2202 1575 2241 alterum
1601 2190 1654 2241 in·
1672 2201 1749 2242 do-

284 2300 399 2326 mum
415 2300 438 2323 a
455 2285 680 2323 Maximino
701 2284 814 2336 cpoli
831 2289 1094 2332 exstructam,
1124 2283 1294 2320 alterum
1313 2282 1356 2319 in
1373 2288 1545 2320 statuam
1561 2279 1748 2330 Pindari;

286 2365 386 2405 adeo
406 2371 450 2403 ut
469 2364 641 2402 Paulum
661 2376 684 2400 a
705 2369 868 2415 parente
888 2375 1003 2400 suam
1020 2362 1063 2399 in
1084 2358 1298 2414 ποιητικήν
1315 2362 1623 2414 propensionem
1642 2358 1748 2398 hau'-

285 2445 384 2485 sisse
409 2457 482 2496 par
510 2443 561 2481 sit
588 2440 762 2480 credere.
817 2441 1001 2479 meminit
1024 2441 1144 2478 etiam
1165 2442 1382 2494 Procopius
1406 2440 1436 2478 l.
1456 2442 1484 2481 2
1507 2437 1748 2478 vandalico-

289 2538 379 2563 rum
410 2523 503 2575 Cyri
537 2519 767 2570 cuiusdam,
797 2521 868 2574 qui
897 2519 999 2559 forte
1025 2518 1135 2558 idem
1166 2519 1287 2558 fuerit
1319 2532 1411 2557 cum
1438 2518 1649 2557 consulari.
1706 2523 1748 2555 at

288 2601 398 2657 quod
422 2599 613 2653 Agathias
644 2598 693 2638 de
719 2600 846 2638 Paulo
876 2599 1051 2638 scribens
1085 2597 1185 2637 haec
1219 2597 1372 2648 subdit,
1414 2593 1670 2651 οἷναλεγέσθω
1698 2593 1748 2636 τοὶ
1798 2630 1800 2632 .

293 2677 445 2735 Παύλῳ
470 2676 610 2732 Κύρου
630 2681 703 2719 τοῦ
723 2673 892 2732 Φλώρου
918 2677 963 2721 ἐν
993 2677 1218 2733 ἑξαμέτροις
1246 2675 1524 2731 πεπονημένα,
1549 2676 1608 2715 sic
1633 2674 1750 2728 dige-

384 2850 428 2895 *)
474 2849 522 2884 cf.
546 2846 719 2894 Agathias‘
738 2858 778 2894 p.
799 2846 869 2884 296
890 2845 960 2882 ima
982 2845 1039 2881 ed.
1063 2846 1178 2881 Bonn.
