1838 3210
226 176 321 225 140
802 169 884 219 DU
917 175 1103 219 GANGII

220 287 329 327 idem
350 288 423 326 erit
445 299 490 324 ac
513 285 651 331 limen,
681 292 721 323 et
739 286 868 323 soleae
882 284 989 324 idem
1007 284 1116 339 quod
1137 285 1296 332 limina;
1326 298 1403 338 qua
1425 285 1565 323 ultima
1582 298 1680 324 voce

219 353 384 384 utuntur
401 344 549 396 passim
572 343 797 393 scriptores,
829 343 924 380 dum
951 342 1000 381 de
1027 342 1191 381 aedibm
1213 344 1332 380 sacris
1351 343 1579 394 loquuntur,
1612 349 1680 380 aut

221 402 270 440 de
294 404 342 440 iis
368 403 436 453 qui
462 398 511 436 ad
535 400 643 450 ipsas
665 412 795 438 sacras
818 399 935 438 aedes
954 402 1037 439 voti
1061 413 1178 438 causa
1203 400 1512 451 profi01scuntur.
1571 400 1680 437 Pau-

218 460 325 497 linus
344 460 431 495 Nat.
454 458 501 496 9:

439 525 577 549 verum
599 513 753 549 utinam
772 514 883 550 sanis
904 519 1068 564 agerent
1089 512 1187 550 haec
1201 512 1358 564 gaudia
1379 514 1495 558 votis,

439 582 510 606 nec
530 582 605 606 sua
627 569 832 607 liminibus
852 571 1059 606 miscerent
1069 569 1221 621 pocula
1241 570 1401 607 sanctis.

222 634 261 664 et
284 626 414 663 iufra:

658 681 748 718 cede
769 682 937 719 sacratis

440 737 647 775 liminibus
671 751 842 788 serpens.

221 793 316 832 hinc
335 794 543 832 familiaris
563 794 754 846 loquendi
770 795 964 844 formula,
994 794 1053 831 acl
1067 794 1210 832 limina
1231 801 1457 831 sanctorum
1475 793 1681 844 proficisci,

224 859 292 889 aut
324 864 371 888 ea
397 852 579 900 visitare,
611 864 702 888 cum
727 850 775 888 de
794 853 844 890 iis
864 853 933 903 qui
951 850 1002 888 ad
1022 864 1159 888 eorum
1183 852 1363 902 sepulcra
1383 864 1454 888 seu
1468 851 1682 888 memorias

223 909 561 960 peregrinationes
601 909 812 946 instituunt
843 909 963 946 verba
1001 908 1150 944 faciunt
1185 909 1405 959 scriptores.
1462 919 1558 943 nam
1592 919 1683 944 cum

225 972 452 1002 sanctorum
481 965 673 1016 reliquiae
700 978 745 1001 ac
769 978 930 1016 corpora
949 966 1051 1002 intra
1071 963 1227 1002 absidas
1248 965 1312 1002 vel
1335 965 1492 1001 bemata
1510 965 1552 1000 in
1576 963 1684 1000 Con-

223 1021 484 1069 sessionibus,
514 1019 558 1058 id
586 1028 645 1059 est
676 1022 748 1059 sub
778 1023 875 1072 ipsis
897 1022 1109 1069 altaribus,
1140 1020 1340 1058 recondita
1365 1026 1516 1067 essent,
1545 1018 1685 1058 fideles

222 1079 265 1115 in
284 1078 488 1115 liminibus
508 1090 578 1115 seu
596 1079 637 1114 in
657 1077 771 1114 soleis
786 1079 954 1116 bematis
975 1078 1260 1125 consistebant,
1290 1077 1424 1128 ibique
1439 1088 1575 1127 preces
1593 1088 1684 1114 suas

227 1147 273 1172 ac
298 1141 389 1171 vota
417 1134 690 1171 exsolvebant.
747 1136 932 1172 Nicolaus
953 1147 969 1171 1
998 1146 1102 1184 papa
1131 1136 1244 1185 epist.
1269 1134 1316 1172 8:
1348 1140 1461 1170 tanta
1479 1132 1686 1170 hominum

226 1190 341 1228 milia
377 1191 614 1240 protectioni
654 1197 773 1240 atque
808 1191 1072 1227 intercessioni
1105 1190 1161 1227 B.
1195 1190 1459 1240 apostolorum
1488 1190 1687 1240 principis

226 1248 343 1284 Petri
362 1260 407 1283 ex
431 1245 614 1284 omnibus
624 1246 786 1293 finibus
806 1254 931 1284 terrae
940 1248 1244 1297 properantium
1263 1259 1344 1284 sese
1365 1246 1537 1297 quotidie
1555 1252 1687 1283 conte-

226 1310 339 1346 runt,
370 1310 407 1339 et
427 1303 552 1354 us‘que
583 1304 626 1339 in
640 1303 773 1351 finem
795 1305 900 1341 vitae
921 1317 1016 1340 suae
1037 1303 1152 1353 apud
1171 1305 1254 1340 eius
1273 1303 1415 1340 limina
1433 1309 1552 1340 semet
1569 1316 1687 1339 man-

226 1373 323 1397 sura
350 1365 596 1410 proponunt.
667 1361 723 1396 ita
751 1361 901 1410 passim
929 1359 1037 1411 apud
1063 1361 1262 1397 Victorem
1282 1373 1330 1396 111
1356 1360 1426 1396 lib.
1454 1360 1481 1399 3
1513 1359 1686 1409 Dialog„

226 1418 354 1454 Leon.
386 1418 556 1454 Ostiens.
587 1418 611 1456 3
642 1416 717 1464 49,
749 1418 856 1454 Petr.
882 1418 1046 1454 Diacon.
1071 1415 1162 1454 Chr.
1183 1417 1314 1454 Oasin.
1334 1415 1360 1457 4
1390 1417 1466 1463 92,
1499 1422 1538 1453 et
1563 1416 1687 1463 ali0s3

223 1473 368 1525 quibus
399 1473 442 1509 in
473 1473 572 1510 locis
600 1485 681 1510 vox
711 1472 854 1510 limina
884 1487 955 1524 pro
983 1475 1071 1524 ipsa
1096 1472 1193 1510 aede
1213 1486 1322 1510 sacra
1341 1473 1531 1521 sumitur,
1563 1471 1608 1510 id
1628 1478 1688 1510 est

224 1542 317 1580 pars
343 1542 413 1580 pro
436 1536 533 1566 toto.
593 1541 822 1580 quanquam
844 1543 924 1567 non
945 1528 1088 1566 desunt
1108 1531 1177 1581 qui
1199 1529 1342 1566 limina
1361 1542 1431 1580 pro
1450 1530 1536 1580 ipsa
1558 1530 1688 1580 prima

227 1584 338 1622 aedis
359 1586 515 1636 porticu
535 1591 653 1635 atque
675 1584 773 1622 adeo
795 1587 892 1636 ipsis
908 1586 1058 1623 foribus
1079 1586 1250 1636 intelligi
1269 1584 1411 1622 debere
1431 1584 1686 1633 contendunt,

227 1644 272 1678 in
312 1642 456 1693 quibus
493 1641 759 1678 subsistebant
796 1643 1114 1692 peregrinantes,
1158 1655 1249 1679 cum
1287 1654 1333 1678 eo
1358 1648 1689 1693 prosequerentur

225 1699 336 1736 cultu
363 1699 471 1750 ipsos
495 1704 688 1748 martyres
702 1727 712 1745 ,
746 1705 791 1735 ut
813 1705 851 1735 et
869 1700 999 1749 ipsam
1016 1697 1156 1735 aedem
1179 1700 1227 1736 iis
1250 1710 1404 1751 sacram
1421 1698 1551 1735 subire
1570 1711 1688 1736 vere-

225 1761 371 1792 rentur.
428 1755 620 1792 Paulinus
644 1756 732 1790 Nat.
756 1757 803 1795 6:

557 1810 626 1847 ille
647 1817 781 1847 autem
802 1812 874 1861 qui
893 1811 997 1847 canu·
1019 1811 1191 1847 muneris
1212 1809 1295 1847 alto

445 1879 570 1903 causa
581 1867 672 1918 suit
692 1866 866 1913 domino,
895 1867 1033 1904 mediis
1054 1868 1097 1904 in
1116 1866 1322 1904 liminibus
1342 1873 1471 1912 stans,

432 1924 622 1975 flensque
645 1925 806 1970 iterum,
838 1924 909 1961 sed
929 1923 1099 1970 laetitia,
1127 1923 1240 1961 modo
1261 1922 1394 1960 debita
1419 1924 1568 1960 Sancto

444 1987 538 2017 vota
558 1980 691 2031 refert.

229 2034 301 2074 sed
321 2042 360 2072 et
376 2035 578 2073 interdum
597 2039 703 2087 ipsos
721 2043 853 2088 postes
873 2036 1172 2073 osculabantur:
1202 2033 1307 2071 unde
1325 2033 1432 2085 apud
1451 2031 1689 2085 chrysosto-

227 2105 342 2129 mum
362 2093 511 2129 Homil.
535 2096 559 2133 3
585 2095 626 2129 in
648 2094 760 2143 epist.
779 2092 831 2129 acl
849 2090 1072 2130 Corinthios
1099 2088 1286 2142 πρόθυρα
1310 2093 1386 2131 τοῦ
1412 2093 1518 2131 ναοῦ
1545 2093 1690 2141 φιλεῖν,

226 2150 436 2186 Aratorem
457 2149 486 2185 1.
504 2151 530 2188 2
550 2150 695 2186 Histor.
717 2162 849 2186 sacrae
870 2155 908 2185 et
928 2148 1142 2184 Paulinum
1159 2149 1248 2184 Nat.
1269 2150 1294 2188 6
1319 2147 1455 2184 oscula
1466 2148 1598 2198 figere
1611 2160 1691 2197 po·-

81 2210 111 2244 P
136 2210 206 2246 586
228 2204 375 2250 stibus,
399 2203 662 2241 Prudentium
682 2207 831 2255 Hymu.
853 2208 879 2246 2
898 2211 936 2241 et
957 2205 1006 2244 11
1026 2203 1290 2253 apostolorum
1307 2211 1343 2240 et
1360 2211 1580 2256 martyrum
1600 2216 1692 2240 exo-

229 2261 384 2298 sculari
411 2260 552 2296 limina
561 2275 577 2308 ,·
608 2260 779 2313 denique
803 2259 910 2313 apud
933 2261 1167 2311 Gregorium
1190 2262 1468 2299 Turonensem
1486 2259 1535 2298 de
1552 2261 1691 2297 Min-ac.

229 2319 364 2356 Sancti
395 2318 557 2354 Martini
587 2316 614 2358 4
660 2317 726 2358 14.
783 2317 927 2355 limina
963 2317 1007 2354 S.
1047 2318 1222 2354 Martini
1254 2317 1439 2355 osculari.
1498 2317 1690 2355 Paulinus

227 2375 316 2413 loco
338 2372 522 2412 laudato:

448 2430 636 2467 sternitur
654 2436 746 2466 ante
756 2428 890 2480 jbres,
920 2436 957 2466 et
969 2429 1151 2479 postibus
1170 2429 1307 2466 oscula
1313 2429 1432 2480 figit,

449 2493 487 2523 et
506 2486 682 2523 lacrimis
700 2487 810 2537 rigat
826 2498 940 2523 omne
956 2486 1102 2532 solum,
1128 2499 1206 2536 pro
1228 2486 1364 2522 limine
1380 2490 1517 2522 sancto

435 2543 566 2593 susus
588 2543 715 2580 humi.

232 2612 328 2638 nam
367 2599 706 2651 quemadmodum
742 2599 813 2652 qui
849 2598 1244 2636 excommunicantur
1272 2603 1311 2634 et
1339 2595 1387 2633 ab
1415 2595 1604 2633 ecclesiae
1628 2594 1694 2645 in-

231 2669 368 2708 gressu
409 2663 614 2705 arcentur,
665 2656 848 2697 dicuntur
876 2669 902 2691 a
932 2653 1137 2691 liminibus
1168 2653 1351 2690 ecclesiae
1378 2653 1559 2703 separari
1586 2649 1694 2703 apud.

231 2716 355 2751 Leon.
384 2713 554 2751 Ostiens.
582 2717 606 2755 3
638 2711 713 2761 43,
742 2714 849 2750 Petr.
877 2713 989 2748 Diac.
1017 2711 1086 2748 lib.
1116 2708 1142 2750 4
1172 2712 1240 2758 32,
1264 2709 1329 2758 57,
1349 2710 1417 2757 88,
1440 2707 1506 2757 94,
1527 2709 1620 2755 109,
1654 2713 1694 2744 et

234 2770 334 2808 alios
355 2770 524 2820 passim,
555 2771 611 2807 ita
631 2770 927 2821 peregrinantes
950 2766 1187 2804 humilitatis
1210 2766 1451 2817 maiorisque
1468 2765 1695 2803 veneratio-

226 2828 296 2865 nis
330 2827 480 2878 gratia,
510 2839 556 2864 ac
580 2827 874 2864 Paenitentium
901 2826 1048 2875 instar,
1078 2825 1119 2861 in
1149 2824 1246 2875 ipsis
1275 2822 1480 2862 liminibus
1502 2821 1695 2859 subsiste-
