1890 3224
737 194 1060 240 PRAEFATIO.
1582 209 1630 238 ιι

169 308 250 363 psit
275 314 411 347 noster
437 307 657 359 Georgius,
686 305 786 346 haec
815 314 929 346 suntt
965 308 1006 347 1.
1034 305 1329 353 Hexaze‘mmn,
1364 308 1405 347 2.
1433 307 1478 344 in
1489 305 1629 344 Hera-

173 378 313 423 clium,
347 380 388 418 3.
423 376 472 414 de
491 375 592 414 bello
612 378 791 423 Persico,
827 375 869 417 4.
897 374 1100 421 Abarim,
1130 380 1170 412 et
1198 373 1239 415 5.
1269 374 1488 411 encomium
1505 374 1630 412 Ληα-

171 446 288 484 είαειϊ
302 446 500 496 maryris.
562 452 680 498 atque
705 443 751 482 id
778 442 943 497 quidem
961 456 1043 481 non
1060 443 1155 480 satis
1173 448 1278 480 recte
1297 440 1502 479 definitum
1522 449 1582 480 est
1605 455 1629 480 a

172 512 320 553 Suida:
351 514 429 550 alia
450 513 558 550 enim
577 511 758 551 eiusdem
777 513 945 550 auctoris
964 511 1154 562 opuscula
1171 511 1286 548 nobis
1302 511 1481 548 invenire
1501 511 1629 548 conti-

174 583 233 634 git
243 610 255 631 ,
286 595 387 634 quae
405 594 429 618 a
445 580 570 620 suida
584 595 667 619 non
681 588 952 620 memorantur
962 609 972 629 ‚
1002 580 1069 617 vel
1096 577 1206 632 quod
1223 591 1360 616 θοι-ωτι
1373 579 1459 630 ipse
1475 579 1631 616 nullam

173 649 359 688 habuerit
388 651 595 699 notitiam,
625 650 693 687 vel
720 647 847 702 quod,
875 654 921 686 ut
950 654 1086 685 tamen
1107 648 1242 684 minus
1265 659 1359 684 vero
1385 660 1472 685 esse
1500 647 1632 685 simile

173 717 291 755 nobis
315 715 491 767 videtur,
524 731 571 755 ea
595 731 682 756 esse
707 714 996 755 contemnenda
1013 716 1224 767 putaverit.
1281 727 1327 752 ac
1348 718 1386 757 1.
1404 714 1454 753 de
1469 717 1632 754 Hexae-

173 798 307 834 mero,
337 784 445 838 quod
473 784 654 823 adfirmat
686 785 853 836 longum
876 785 1000 821 fuisse
1028 787 1194 835 poema,
1232 781 1340 835 quod
1365 784 1490 821 tribus
1520 783 1632 821 mille

175 853 340 892 senariis
360 859 575 901 constaret,
606 851 831 890 dubitarem
850 853 1034 900 omnino,
1065 864 1117 888 an
1134 849 1178 888 id
1193 863 1371 903 unquam
1389 865 1531 889 verum
1547 865 1633 890 esse
1661 884 1671 897 ,

173 921 368 972 potuerit,
399 933 491 957 cum
506 921 651 958 nullibi
668 926 857 972 appareat
874 921 1155 958 Hexaemeron
1175 932 1261 956 esse
1280 920 1469 958 mutilum
1481 949 1492 969 ,
1523 927 1563 958 et
1581 933 1635 958 ex

175 989 360 1026 omnibus
377 986 578 1026 codicibus
598 986 810 1038 diligenter
822 989 999 1026 excussis
1019 994 1137 1040 atque
1156 988 1326 1025 evolutis
1348 990 1421 1025 vix
1441 987 1520 1027 duo
1537 989 1635 1026 mil-

174 1057 232 1094 lia
258 1057 483 1095 iamborum
512 1056 628 1094 nobis
653 1057 839 1108 colligere
858 1057 1028 1094 licuerit.
1088 1043 1210 1109 quare
1231 1062 1290 1093 tot
1311 1069 1449 1095 versus
1470 1058 1634 1094 interci-

177 1122 282 1162 disse
299 1123 537 1176 persuadere
556 1123 658 1162 mihi
676 1139 759 1163 non
776 1132 978 1177 poteram,
1008 1138 1055 1162 ac
1070 1125 1202 1176 potius
1218 1122 1412 1162 mendum
1427 1127 1470 1162 in
1485 1124 1635 1164 Suidae

175 1198 333 1230 textmn
361 1194 565 1244 irrepsisse
597 1206 758 1231 mecum
787 1195 873 1245 ipse
906 1194 1149 1244 cogitabam,
1178 1199 1224 1230 ut
1257 1206 1328 1244 pro
1357 1194 1549 1246 τρισχίλια
1569 1193 1634 1230 le-
1655 1205 1691 1240 p.
1714 1192 1750 1228 X

174 1258 352 1311 gendum
380 1267 483 1299 esset
509 1261 692 1313 δισχίλια.
747 1275 908 1310 verum,
939 1263 974 1299 si
995 1262 1126 1312 placet
1150 1259 1346 1313 quosdam
1367 1262 1490 1299 etiam
1507 1262 1636 1299 versi-

176 1328 286 1365 culos
303 1341 357 1365 ex
373 1326 450 1366 hoc
468 1335 651 1380 poemate
670 1329 828 1367 avulsos
846 1327 1081 1378 desiderari,
1111 1342 1194 1366 non
1212 1329 1388 1379 negabo:
1420 1342 1512 1366 cum
1530 1330 1639 1366 enim

176 1401 308 1433 totum
333 1402 485 1434 constet
504 1396 643 1433 multis
664 1397 779 1448 quasi
795 1398 999 1448 particulis
1018 1404 1057 1434 et
1076 1396 1287 1445 membris,
1321 1396 1380 1433 nil
1401 1397 1520 1447 plane
1535 1397 1638 1434 faci-

176 1462 257 1499 lius
278 1475 399 1514 quam
418 1470 463 1500 ut
481 1465 771 1515 exscriptorum
787 1465 941 1501 incuria
959 1477 1039 1502 una
1057 1465 1124 1502 vel
1141 1465 1264 1501 altera
1282 1465 1445 1514 perierit
1465 1471 1504 1502 et
1522 1465 1641 1502 efflu—

177 1530 283 1567 xerit
307 1542 362 1567 ex
381 1531 462 1568 illis
485 1529 836 1582 descriptionibus,
866 1522 965 1584 quas
993 1531 1042 1568 de
1067 1530 1250 1583 lapidum
1273 1532 1580 1584 plantarumque
1602 1539 1643 1569 et

177 1598 414 1635 animalium
440 1599 697 1651 qualitatibus
723 1600 892 1637 fortasse
914 1598 1131 1637 exhibebat
1151 1607 1301 1637 auctor.
1357 1598 1404 1636 id
1418 1606 1555 1637 autem
1574 1613 1643 1637 co-

179 1664 288 1703 dices
304 1667 383 1716 ipsi
401 1666 631 1704 confirmare
650 1665 858 1716 videntur,
887 1668 930 1704 in
957 1668 1101 1720 quibus
1127 1667 1331 1716 omnibus,
1363 1668 1398 1705 si
1417 1681 1545 1705 unum
1562 1669 1645 1706 Va-

178 1732 357 1769 ricanum
376 1735 482 1774 1126
502 1735 692 1786 excipias,
722 1748 932 1787 perperam
953 1737 1158 1787 scriptum,
1186 1736 1471 1786 interpolatum
1488 1749 1534 1773 ac
1551 1749 1645 1773 mu-

180 1799 610 1839 filum-Hexaemeron
638 1801 926 1853 deprehendes.
983 1806 1025 1843 2.
1055 1804 1099 1840 in
1129 1804 1361 1840 Heraclium
1388 1804 1511 1853 imp.,
1542 1815 1645 1854 quae

179 1865 328 1904 Suidas
344 1873 511 1905 testatur
525 1870 728 1920 scripsisse
744 1868 937 1918 Pisidam,
969 1876 1061 1907 sunt
1078 1870 1198 1922 plane
1219 1882 1398 1907 acroases
1417 1877 1512 1918 tres,
1544 1881 1646 1921 quae

180 1937 319 1973 statim
336 1937 379 1973 in
396 1937 590 1988 principio
610 1935 776 1975 huiusce
795 1937 894 1975 tomi
913 1944 1119 1979 occurrent
1139 1938 1212 1975 sub
1232 1935 1308 1975 hoc
1326 1937 1466 1974 titulo:
1498 1936 1555 1984 εἰς
1572 1933 1648 1987 τήν

177 1999 282 2043 κατα
302 2006 474 2057 Περσῶν
491 2004 743 2058 ἐκστρατείαν
756 2004 986 2058 Ἡρακλείου
1002 2007 1076 2045 τοῦ
1091 2004 1293 2058 βασιλέως.
1350 2003 1428 2042 hoc
1447 2016 1546 2055 opus
1563 2015 1645 2040 una

182 2084 276 2108 cum
293 2070 395 2121 aliis,
425 2085 528 2125 quae
549 2072 735 2125 deinceps
754 2086 777 2111 a
799 2072 924 2112 Suida
939 2072 1165 2122 laudantur,
1194 2070 1440 2110 intercidisse
1465 2071 1644 2108 omnium

183 2140 336 2190 primus
364 2141 573 2179 arbitratus
598 2149 658 2179 est
676 2144 887 2191 Kusterus,
918 2155 964 2179 ac
983 2148 1074 2193 post
1095 2154 1187 2178 eum
1207 2141 1333 2188 Cave,
1363 2140 1433 2191 qui
1455 2139 1575 2175 etiam
1593 2136 1643 2174 de

186 2219 258 2245 suo
278 2207 395 2245 nobis
420 2208 594 2247 obtrudit
616 2222 796 2248 acroases
818 2208 868 2247 de
890 2210 1074 2248 Heraclio
1101 2216 1264 2261 agentes
1284 2208 1494 2246 historiam
1510 2219 1643 2243 rerum

182 2274 238 2311 ab
255 2276 448 2313 Heraclio
460 2284 667 2328 gestarum
683 2285 720 2315 et
734 2277 831 2314 belli
845 2278 1000 2315 Persici
1015 2279 1228 2317 continere.
1265 2277 1421 2314 utinam
1436 2273 1645 2312 historiam

187 2344 317 2393 potius
339 2356 461 2396 quam
479 2347 634 2384 ieiunos
650 2346 865 2384 versiculos
883 2346 1103 2396 scripsisset
1115 2344 1264 2394 Pisida,
1296 2357 1348 2382 ex
1368 2343 1511 2396 quibus
1527 2355 1646 2392 saepe

188 2408 366 2448 divinare
393 2413 465 2449 vix
486 2414 614 2464 possis
643 2413 740 2466 quid
768 2415 854 2465 ipse
881 2415 1040 2452 sentiat.
1098 2412 1278 2452 Oudinus
1316 2412 1452 2450 omnia
1487 2408 1647 2447 Pisidae

186 2489 310 2527 opera
328 2491 351 2515 a
371 2478 496 2518 suida
518 2487 736 2519 memorata
757 2488 914 2519 exstare
935 2483 980 2519 in
997 2466 1239 2519 bibliotheca
1257 2481 1447 2518 Vaticana
1469 2491 1523 2516 ex
1541 2477 1647 2515 Mal-

188 2546 282 2581 {reti
306 2548 552 2597 praefatione
577 2550 621 2587 in
645 2550 888 2600 Procopium
916 2547 1127 2598 didicerat,
1160 2547 1233 2587 sed
1256 2548 1342 2599 ipse
1367 2560 1526 2600 quoque
1559 2559 1651 2583 cum

188 2612 297 2650 Cave
315 2615 358 2651 in
377 2618 551 2655 error‘em
570 2616 765 2655 adductus
788 2617 995 2654 histor-iam
1013 2617 1062 2654 de
1075 2616 1192 2654 rebus
1211 2615 1399 2653 Heraclii
1414 2616 1531 2653 nobis
1552 2614 1648 2651 reli-

191 2679 328 2730 quisse
354 2681 534 2721 Pisidam
561 2686 820 2723 existimavit.
876 2683 992 2734 inde,
1024 2691 1068 2722 ut
1095 2685 1222 2723 sentio
1236 2713 1247 2733 ‚
1277 2696 1416 2722 eorum
1447 2689 1555 2720 ortus
1592 2686 1652 2717 est

195 2759 321 2796 error,
352 2748 460 2800 quod
488 2758 579 2789 ante
609 2754 840 2791 Maltretum
869 2766 923 2791 ex
948 2751 1095 2791 Suidae
1114 2758 1229 2789 textu
1249 2764 1330 2789 non
1352 2752 1448 2788 satiS
1467 2751 1652 2801 liqueret,

197 2830 300 2869 quae
337 2825 472 2856 noster
501 2820 695 2871 Georgius
734 2827 862 2858 metro
901 2819 1086 2859 adstricta
1117 2825 1156 2856 et
1182 2831 1284 2872 quae
1315 2819 1446 2857 soluta
1475 2816 1652 2855 oratione
