1838 3210
253 162 523 209 BANDURII
555 162 632 206 DE
665 161 711 206 S.
741 161 954 206 soPHIA
975 160 1436 206 COMMENTARIUS.
1509 160 1603 208 157

151 278 257 319 ναοῦ
271 276 404 328 ipsum
419 268 518 315 ναόν
536 286 607 312 seu
624 269 791 311 chorum
806 272 977 324 intelligi
993 272 1203 312 observant
1217 273 1295 312 viri
1314 270 1433 311 docti.
1473 284 1497 310 a
1516 270 1605 309 dia-

153 334 291 372 conico
319 333 460 383 igitur,
493 328 601 382 quod
624 336 737 367 extra
767 328 909 367 aedem
932 330 1106 378 exstitit,
1135 343 1207 382 per
1226 331 1375 368 soleam
1394 336 1606 367 transeun—

151 389 251 428 dum
276 388 352 426 fuit
382 385 575 426 sacerdoti
592 384 644 424 ad
661 386 778 424 bema
793 388 975 438 pergenti
1004 385 1104 436 (nec
1124 388 1292 436 mirum,
1323 399 1414 424 cum
1434 386 1604 423 bematis

151 447 258 484 fores
294 445 425 483 soleae
463 439 820 494 obversarentur),
864 441 1031 494 proinde
1071 455 1144 494 per
1178 456 1268 480 eam
1298 442 1407 481 aedis
1436 449 1605 494 partem,

153 515 256 555 quae
282 502 399 539 bema
419 513 442 538 a
460 502 546 555 ναῷ
566 500 724 551 proprie
746 505 904 550 sumpto
933 497 1173 550 disparabat.
1231 506 1350 552 atque
1381 498 1482 537 haec
1514 504 1606 536 sunt

152 572 255 612 quae
278 557 327 596 de
348 556 446 595 aede
467 554 668 608 Sophiana
685 556 854 608 sparsim
875 554 982 608 apud
1003 556 1212 608 scriptores
1229 570 1302 609 per
1323 556 1512 608 temporis
1531 568 1607 592 an-

152 616 324 667 gustiam
343 615 550 654 observare
565 613 691 652 licuit.

350 975 811 1049 ANSELMI
881 975 1402 1048 BANDURII
1628 992 1658 1028 Ρ
1681 994 1749 1031 ⁷44

146 1113 210 1155 IN
237 1116 608 1155 SCRIPTORIS
636 1118 921 1156 ANONYMI
948 1119 1027 1155 DE
1056 1117 1603 1165 ANTIQUITATIBUS

683 1194 1066 1233 CPOLITANIS

467 1294 1065 1344 LIBRUM
1165 1293 1279 1351 IV,

230 1406 401 1463 UBI
454 1405 577 1463 DE
636 1406 904 1463 AEDE
966 1403 1517 1478 SOPHIANA,

546 1534 1203 1579 COMMENTARIUS.

143 1664 453 1739 Angustissimi
478 1687 522 1726 S.
549 1686 723 1739 Sophiae
749 1690 892 1741 templi
920 1689 1005 1738 ΟΡ,
1050 1702 1073 1728 a
1105 1690 1323 1728 Iustiniana
1353 1691 1410 1728 Μ.
1439 1689 1604 1731 infinitis

145 1745 367 1796 sumptibus
402 1743 573 1792 conditi,
603 1746 887 1796 quamplurimi
915 1759 968 1783 ex
998 1747 1252 1797 scriptoribus
1275 1747 1505 1798 Byzantinis
1532 1746 1606 1784 de-

146 1802 402 1851 scriptionem
433 1799 607 1837 edidere.
667 1807 706 1837 at
724 1808 768 1838 ut
790 1803 932 1839 missos
955 1802 1101 1839 faciam
1122 1804 1329 1853 scriptores
1349 1803 1439 1840 illos
1460 1803 1528 1854 qui
1554 1802 1604 1840 de

144 1855 339 1894 structura
366 1854 476 1893 aedis
501 1856 543 1893 S.
561 1855 735 1907 Sophiae
754 1857 881 1894 obiter
897 1863 1134 1905 tractarunt,
1164 1860 1378 1909 Procopius
1402 1860 1471 1909 qui
1490 1857 1604 1895 aedi-

143 1912 232 1950 ficia
252 1925 275 1949 a
295 1914 513 1950 Iustiniano
533 1913 589 1949 M.
611 1915 783 1950 excitata
803 1914 1024 1951 luculenter
1041 1914 1152 1951 libris
1171 1921 1258 1952 octo
1278 1921 1469 1961 recenset,
1498 1915 1603 1952 libro

143 1971 230 2020 ipso
249 1970 377 2020 primo
398 1982 431 2005 c.
457 1969 480 2009 1
503 1967 552 2005 de
574 1969 685 2006 aedis
702 1968 929 2020 Sophianae
951 1977 1146 2012 structura
1168 1972 1270 2021 agit3
1303 1972 1371 2022 qui
1400 1971 1494 2007 licet
1518 1984 1602 2009 non

143 2026 200 2063 ita
219 2026 354 2063 multis
375 2023 425 2062 de
445 2037 491 2061 ea
510 2026 675 2074 scribat,
707 2033 882 2075 attamen
909 2028 1003 2078 quia
1029 2028 1238 2064 Iustiniani
1261 2027 1504 2078 temporibus
1523 2027 1601 2064 fio·-

143 2081 275 2130 rebat,
314 2083 400 2119 iure
434 2083 575 2119 merito
610 2080 687 2120 hac
714 2083 757 2119 in
790 2096 832 2120 re
861 2083 965 2120 inter
994 2084 1202 2134 scriptores
1230 2084 1384 2121 solutae
1414 2084 1603 2121 orationis

142 2139 364 2189 principem
394 2138 527 2175 locum
557 2144 680 2176 tenet.
738 2139 838 2176 alter
862 2145 921 2176 est
945 2139 1054 2177 illius
1077 2141 1166 2177 aevi
1186 2141 1352 2191 scriptor
1376 2153 1447 2178 seu
1470 2144 1602 2190 poeta,

142 2194 292 2232 Paulus
311 2195 502 2231 nimirum
521 2194 791 2244 Sssenfiarius,
822 2197 891 2247 qui
919 2197 1092 2233 carmine
1113 2194 1274 2234 heroico
1298 2202 1337 2233 et
1356 2196 1604 2247 pereleganti

142 2250 338 2303 ἔκφρασιν
365 2251 506 2302 templi
534 2251 576 2289 S.
603 2250 777 2303 Sophiae
807 2253 1008 2300 exaravit3
1040 2253 1110 2304 qui
1134 2265 1230 2290 sane
1256 2254 1422 2304 scriptor
1447 2254 1605 2304 praeci-

142 2320 264 2358 puam
282 2308 426 2344 mereri
442 2305 606 2345 laudem
622 2307 779 2345 videtur
796 2320 841 2345 ac
859 2308 1245 2346 commendationem
1256 2338 1266 2357 ‚
1300 2315 1345 2346 ut
1370 2311 1425 2347 ait
1442 2310 1606 2346 Ducan-

143 2363 232 2413 gius
262 2364 304 2400 in
337 2363 600 2415 praefatione,
632 2363 740 2416 quod
760 2371 916 2415 praeter
938 2366 1158 2402 carminum
1178 2366 1417 2416 elegantiam
1441 2378 1605 2403 accura-

143 2425 226 2456 tam
253 2421 523 2470 augustissimi
548 2422 690 2471 templi
719 2419 1024 2472 descriptionem
1046 2423 1196 2474 vixque
1223 2422 1504 2459 oculatioribus
1527 2420 1605 2460 ha-

144 2482 280 2514 ctenus
298 2477 541 2514 intellectam
558 2478 673 2515 nobis
691 2484 971 2528 repraesentet.
1031 2479 1139 2515 enim
1160 2491 1254 2515 vero
1279 2491 1360 2515 non
1383 2477 1544 2515 defuere
1564 2486 1605 2516 et

144 2531 419 2584 subsequentis
447 2534 535 2571 aevi
560 2535 791 2584 scriptores,
833 2534 902 2585 qui
927 2532 977 2571 de
1007 2532 1116 2572 aedis
1147 2533 1374 2586 Sophianae
1410 2541 1604 2572 structura

143 2586 316 2637 integros
351 2595 538 2627 tractatus
574 2592 791 2641 scripsere,
837 2588 1012 2627 Codinus
1047 2591 1220 2638 scilicet,
1259 2592 1433 2628 incertus
1468 2597 1603 2628 auctor

144 2643 475 2693 combefisianus,
504 2658 550 2683 ac
577 2648 697 2683 ceteri
726 2647 933 2697 Originum
957 2647 1019 2683 ΟΡ
1043 2648 1251 2697 scriptores
1274 2645 1429 2685 inediti.
1486 2649 1529 2683 in
1552 2648 1603 2683 iis

143 2705 278 2736 autem
306 2701 525 2752 principem
555 2703 691 2740 locum
723 2709 831 2740 tenet
860 2704 1096 2753 Anonymus
1123 2709 1280 2750 noster,
1321 2704 1405 2740 sive
1430 2709 1601 2739 aetatem

143 2767 223 2806 qua
256 2757 464 2806 scripserat
491 2759 574 2795 sive
602 2757 782 2796 ordinem
814 2771 860 2796 ac
888 2757 1137 2809 diligentiam
1157 2770 1235 2810 qua
1255 2765 1513 2795 monumenta
1534 2771 1600 2794 re-

142 2818 276 2850 censet
293 2818 460 2864 spectes.
514 2825 645 2867 neque
663 2814 739 2853 soli
754 2816 962 2867 scriptores
981 2815 1122 2852 Graeci
1142 2813 1253 2853 aedis
1276 2813 1502 2866 Sophianae
1523 2812 1598 2851 de-
