1890 3224
575 186 833 230 PERSICAE
866 184 1138 229 ACROASIN
1170 185 1245 229 111.
1538 184 1631 229 119

186 296 327 334 raclius
362 293 577 348 disputavit
606 298 650 334 in
677 297 853 349 partibus
872 293 1103 345 Armeniae,
1143 302 1187 334 ut
1209 300 1372 334 testatur
1401 293 1561 345 Sergius
1588 295 1630 331 in

185 365 255 390 sua
276 353 441 404 epistola
466 352 516 390 ad
533 355 773 404 Honorium,
811 353 908 390 alibi
928 353 1180 405 probabimus
1198 354 1240 391 in
1256 353 1406 390 Monito
1424 349 1476 389 ad
1487 354 1630 402 poema

185 415 318 447 contra
337 410 544 448 Severum.

294 465 391 507 355.
449 480 540 505 vere
557 472 690 505 vatem
707 467 797 519 quis
819 465 923 504 dicat
946 464 1144 515 Pisidam,
1175 465 1244 518 qui
1265 463 1461 503 Chosroae
1480 462 1635 502 cladem

183 520 398 572 praedixit.

294 579 390 620 357.
448 574 523 629 τήν
546 576 688 630 δίκην]
717 576 886 616 subaudi
904 574 1016 619 κατά.

292 636 388 675 362.
447 633 602 672 Claudii
627 635 846 672 Ptolemaei
870 635 1094 672 Pelusiotae
1115 645 1254 684 opera,
1300 632 1368 684 qui
1386 633 1629 684 temporibus

181 691 236 727 M.
266 691 419 728 Aurelii
446 692 638 729 Antonini
675 692 718 728 in
743 690 1016 729 Alexandrina
1060 689 1261 728 academia
1298 691 1559 726 astronomiae
1590 696 1629 726 et

181 747 416 796 astrologiae
433 747 573 783 studiis
594 748 722 785 clarus
741 749 910 797 vivebat,
931 749 1082 785 notiora
1099 753 1190 784 sunt
1207 759 1326 798 quam
1344 745 1422 783 dici
1436 752 1628 797 oporteat.

181 801 316 839 Pisida
338 800 405 839 1110
422 802 697 853 Almagestum
715 803 884 853 indicat,
921 817 999 856 quo
1019 806 1061 840 in
1087 803 1187 840 libro
1203 803 1453 840 Ptolemaeus
1474 815 1546 853 pro
1566 803 1628 840 sui

180 859 331 909 ingenii
347 857 508 896 medulo
527 865 701 910 systema
721 859 969 909 planetarum
990 861 1166 909 exponit.

294 914 389 956 365.
446 914 766 965 subintelligitur,
785 922 830 952 ut
839 921 948 966 puto,
969 911 1134 967 χρόνων,
1154 915 1319 952 fortasse
1342 915 1461 951 etiam
1482 929 1630 967 μερων,

182 969 289 1023 quod
307 971 341 1008 si
359 971 510 1022 placet,
541 966 606 1011 ἐπ’
630 966 800 1022 ἐσχάτων
817 970 1052 1008 vertendum
1073 977 1131 1008 est
1150 969 1202 1006 ab
1219 970 1371 1006 ultimis
1389 977 1514 1007 terrae
1535 984 1630 1021 par-

180 1028 308 1065 tibus·
297 1055 308 1075 ,
341 1028 454 1079 quasi
471 1033 606 1065 noster
626 1027 730 1064 facta
748 1028 940 1065 allusione
961 1026 1012 1064 ad
1027 1025 1300 1078 expeditiones
1320 1028 1506 1074 Heraclii,
1537 1029 1630 1079 qui-

179 1084 281 1121 bus
269 1097 312 1120 111
326 1085 538 1135 penitiores
558 1084 676 1121 Asiae
694 1090 824 1135 partes
841 1085 1074 1135 penetravit,
1106 1082 1212 1120 dicat
1229 1084 1312 1120 eius
1330 1085 1501 1134 regionis
1516 1085 1629 1121 inco-

178 1141 229 1179 lis
248 1147 440 1193 tanquam
459 1153 608 1178 novum
628 1139 907 1192 Phosphorum
927 1141 1154 1192 apparuisse
1171 1140 1412 1177 Heraclium.

292 1198 388 1238 368.
447 1198 629 1249 quamvis
654 1195 724 1234 diu
749 1197 1000 1249 multumque
1019 1209 1137 1248 opera
1157 1196 1376 1233 Ptolemaei
1390 1197 1630 1234 versaverim

179 1253 324 1290 nullibi
344 1251 447 1290 mihi
465 1254 604 1290 licuit
594 1254 772 1291 invenire
791 1255 1044 1302 vaticinium,
1089 1251 1196 1305 quod
1214 1256 1352 1303 poeta,
1384 1265 1504 1304 quam
1529 1253 1633 1290 belle

179 1310 297 1359 plane
319 1310 466 1355 nescio,
497 1304 569 1345 sed
585 1314 720 1344 tamen
734 1311 777 1343 111
794 1310 1023 1344 Heraclium
1042 1309 1240 1344 transfert.
1270 1310 1404 1358 itaque
1423 1315 1490 1345 aut
1507 1310 1634 1346 inter-

181 1363 323 1402 cidisse
338 1364 494 1411 locum,
532 1361 584 1400 ad
603 1375 724 1415 quem
740 1362 884 1400 alludit
898 1362 1058 1412 Pisida,
1100 1361 1314 1400 dicendum
1337 1370 1427 1411 est,
1460 1370 1526 1401 aut
1547 1378 1634 1403 esse

180 1419 361 1458 eiusdem
395 1433 448 1457 ex
479 1418 718 1471 quibusdam
750 1420 880 1458 verbis
908 1421 1315 1472 interpretamentum.
1374 1426 1548 1457 ceterum
1578 1435 1630 1459 ne

179 1490 338 1529 prorsus
360 1471 616 1541 'dovussovkot
641 1475 734 1514 hinc
763 1475 1034 1526 discedamus,
1080 1475 1195 1513 detur
1223 1477 1468 1514 coniecturae
1501 1478 1629 1516 locus.

178 1535 313 1585 itaque
338 1533 396 1571 sic
423 1531 610 1571 hariolor.
677 1533 930 1571 Ptolemaeus
962 1547 1054 1571 011111
1081 1533 1199 1589 plane
1230 1540 1408 1570 nosceret
1438 1541 1628 1585 quantum

178 1596 331 1628 veteres
361 1590 595 1638 astronomi,
635 1587 829 1628 Eudoxus
858 1575 1139 1628 Eratosthenes
1168 1590 1359 1627 Geminus
1390 1591 1566 1628 Marinus
1590 1597 1630 1628 et

179 1647 270 1695 8111,
314 1647 416 1683 inter
440 1659 482 1683 se
511 1644 742 1697 disparent
730 1659 773 1683 111
792 1647 919 1698 polari
936 1647 1050 1684 stella
1073 1644 1315 1693 definienda,
1354 1659 1428 1684 nec
1446 1648 1532 1698 ipse
1551 1647 1628 1684 ali-

178 1704 288 1740 cuius
309 1703 487 1754 opinioni
506 1702 624 1739 facile
644 1704 909 1751 assentiretur,
947 1704 1114 1741 fortasse
1132 1703 1277 1740 alicubi
1295 1675 1399 1740 dixit
1416 1703 1500 1740 fore
1521 1710 1628 1740 tem-

177 1772 252 1810 pus
274 1771 352 1811 quo
373 1759 489 1809 polus
508 1759 627 1806 alter,
671 1771 716 1795 ac
740 1759 858 1809 plane
881 1760 929 1796 ab
951 1773 998 1796 eo
1016 1759 1193 1797 diversus
1213 1760 1282 1811 qui
1303 1765 1396 1796 tunc
1417 1772 1502 1797 esse
1520 1760 1627 1797 sere-

176 1816 305 1862 batur,
333 1815 558 1864 sapientum
575 1813 722 1852 iudicio
741 1816 844 1852 inter
857 1814 1040 1852 homines
1058 1817 1369 1852 constitueretur.
1407 1828 1509 1866 quae
1531 1829 1626 1853 con—

178 1872 369 1908 iecturam
398 1868 624 1906 confirmare
642 1876 825 1920 possent,
863 1868 1009 1908 videsis
1027 1871 1070 1907 in
1089 1870 1243 1908 Petavii
1264 1869 1504 1921 Uranologt'o
1526 1872 1627 1909 Dis-

176 1933 269 1964 sert.
298 1927 395 1965 Var.
419 1924 489 1962 lib.
512 1929 536 1967 3
558 1939 593 1962 c.
616 1924 643 1967 4
664 1932 701 1962 et
715 1939 822 1977 seqq.

291 1985 386 2025 880.
444 1980 607 2030 alludit,
646 1983 806 2033 opinor,
847 1980 898 2020 ad
915 1988 1087 2020 metrum
1105 1982 1342 2031 iambicum,
1381 1995 1459 2035 quo
1481 1984 1626 2031 utiturt,

180 2041 294 2092 quasi
312 2038 416 2077 dicat
433 2045 543 2090 gesta
560 2039 733 2076 Heraclii
751 2039 862 2091 epico
880 2040 1053 2077 carmine
1072 2039 1216 2078 melius
1236 2046 1275 2078 et
1290 2038 1448 2091 dignius
1469 2041 1628 2078 tractari

179 2098 368 2148 potuisse.
384 2098 387 2100 “

293 2157 389 2197 389.
447 2153 582 2191 confer
600 2166 701 2207 quae
719 2160 938 2206 sequuntur
953 2166 1044 2191 cum
1058 2154 1252 2191 Hexaem.
1277 2152 1330 2195 85
1348 2160 1385 2190 et
1401 2166 1511 2205 seqq.

291 2212 387 2251 396·
447 2213 484 2251 1.
513 2210 600 2247 Cor.
628 2212 679 2250 12
707 2208 759 2250 4.’

294 2264 388 2306 407.
445 2265 580 2304 Pisida
607 2272 759 2304 veteres
778 2266 912 2317 culpas
931 2266 1104 2303 Heraclii
1122 2266 1331 2303 nominans
1352 2266 1493 2303 tacitus
1514 2263 1629 2303 vide-

182 2320 553 2373 tur'reprehendere
570 2323 728 2360 illicitas
744 2325 922 2373 nuptias,
953 2336 1051 2375 quas
1070 2323 1139 2359 ille
1158 2335 1248 2360 cum
1267 2322 1348 2358 filia
1368 2323 1511 2359 sororis
1534 2335 1630 2359 suae

182 2380 390 2417 contraxit.
429 2391 514 2416 rem
532 2380 671 2416 acriter
686 2380 860 2430 exagitat
877 2378 1121 2430 Nicephorus
1143 2380 1214 2430 Cp,
1229 2393 1277 2429 p.
1306 2381 1378 2426 103
1410 2379 1479 2430 qui
1495 2385 1630 2415 tamen

178 2434 280 2473 illud
297 2434 429 2484 addit,
472 2435 610 2486 Sergio
632 2433 888 2472 vehementer
913 2437 1075 2473 instanti
1093 2442 1135 2473 ut
1155 2436 1343 2473 scelestae
1364 2436 1525 2486 nuptiae
1545 2435 1629 2472 sol-

178 2498 375 2540 verentur,
404 2492 633 2529 Heraclium
651 2492 707 2528 ita
726 2490 1000 2542 respondisse:
1034 2490 1088 2539 ὥς
1107 2507 1150 2533 ευ
1168 2489 1240 2544 μὲν
1261 2491 1340 2542 ε’χοι
1363 2506 1410 2530 τα
1432 2487 1541 2543 παρά
1567 2503 1631 2531 σοι

180 2545 390 2616 λεγόμενα·
418 2564 440 2589 ο
459 2544 535 2618 γᾴρ
555 2560 619 2589 σοι
635 2546 746 2600 χρέος
763 2547 817 2595 ὥς
834 2543 1007 2617 α’ρχιερεῖ
1021 2548 1089 2588 καὶ
1106 2549 1225 2602 φίλῳ,
1252 2544 1332 2599 ἤδη
1352 2542 1609 2595 α’ποδὲδωκας

180 2599 248 2654 ἐφ’
265 2603 365 2656 ἡμῖν
383 2601 428 2645 δὲ
445 2619 490 2645 το
510 2603 650 2646 λοιπὸν
669 2605 838 2645 κείσεται
853 2619 901 2644 τα
920 2608 991 2657 τῆς
1006 2601 1197 2659 πράξεως.

291 2661 388 2702 412.
445 2660 550 2712 Reg.
575 2659 602 2702 4
631 2663 658 2702 2
692 2663 755 2701 11.

293 2714 390 2759 415.
447 2716 574 2754 Exod.
600 2719 650 2757 18
682 2719 746 2758 11.
777 2717 997 2755 communis
1018 2725 1077 2756 est
1093 2724 1250 2770 patrum
1267 2716 1460 2754 sententia
1480 2715 1633 2751 Mosem

181 2772 224 2808 in
243 2773 387 2810 vertice
405 2773 551 2810 montis
571 2772 853 2811 extendentem
867 2786 1009 2816 manus
1029 2788 1120 2812 cum
1136 2775 1247 2824 virga
1266 2774 1389 2811 fuisse
1408 2771 1633 2824 symbolum

183 2825 330 2864 Christi
357 2830 399 2865 in
429 2841 542 2867 cruce
569 2828 802 2882 pendentis,
841 2842 920 2883 quo
946 2843 1089 2870 manus
1117 2843 1209 2869 suas
1235 2831 1277 2867 in
1297 2831 1407 2880 ligno
1427 2840 1498 2879 pro
1519 2825 1633 2863 nobis

238 2898 367 2944 Georg.
398 2898 507 2934 pisia.
1310 2897 1331 2935 1
1339 2897 1360 2935 1
