<?xml version="1.0" encoding="UTF-8"?>
<!DOCTYPE html PUBLIC "-//W3C//DTD XHTML 1.0 Transitional//EN"
    "http://www.w3.org/TR/xhtml1/DTD/xhtml1-transitional.dtd">
<html xmlns="http://www.w3.org/1999/xhtml" xml:lang="en" lang="en">
 <head>
  <title>
</title>
<meta http-equiv="Content-Type" content="text/html;charset=utf-8" />
  <meta name='ocr-system' content='tesseract 3.04.00' />
  <meta name='ocr-capabilities' content='ocr_page ocr_carea ocr_par ocr_line ocrx_word'/>
</head>
<body>
  <div class='ocr_page' id='page_1' title='image "./corpusscriptorum42niebuoft/corpusscriptorum42niebuoft_0146.png"; bbox 0 0 1838 3210; ppageno 0'>
   <div class='ocr_carea' id='block_1_1' title="bbox 198 191 1071 240">
    <p class='ocr_par' dir='ltr' id='par_1_1' title="bbox 198 191 1071 240">
     <span class='ocr_line' id='line_1_1' title="bbox 198 191 1071 240; baseline -0.006 0"><span class='ocrx_word' id='word_1_1' title='bbox 198 194 292 240; x_wconf 79' lang='lat'><strong>132</strong></span> <span class='ocrx_word' id='word_1_2' title='bbox 761 192 841 236; x_wconf 89' lang='lat' dir='ltr'><strong>DU</strong></span> <span class='ocrx_word' id='word_1_3' title='bbox 885 191 1071 236; x_wconf 79' lang='lat' dir='ltr'>CANGII</span> 
     </span>
    </p>
   </div>
   <div class='ocr_carea' id='block_1_2' title="bbox 189 297 1650 1384">
    <p class='ocr_par' dir='ltr' id='par_1_2' title="bbox 189 297 1650 1370">
     <span class='ocr_line' id='line_1_2' title="bbox 195 297 1646 352; baseline -0.003 -9"><span class='ocrx_word' id='word_1_4' title='bbox 195 305 315 344; x_wconf 86' lang='lat' dir='ltr'><strong>sacris</strong></span> <span class='ocrx_word' id='word_1_5' title='bbox 334 303 529 342; x_wconf 81' lang='lat' dir='ltr'><strong>intersunt</strong></span> <span class='ocrx_word' id='word_1_6' title='bbox 548 298 796 340; x_wconf 80' lang='lat' dir='ltr'><strong>sacerdotum</strong></span> <span class='ocrx_word' id='word_1_7' title='bbox 814 300 1016 340; x_wconf 86' lang='lat' dir='ltr'><strong>subsellia.</strong></span> <span class='ocrx_word' id='word_1_8' title='bbox 1074 297 1185 338; x_wconf 81' lang='lat' dir='ltr'><strong>addit</strong></span> <span class='ocrx_word' id='word_1_9' title='bbox 1198 306 1400 351; x_wconf 80' lang='lat' dir='ltr'><strong>praeterea</strong></span> <span class='ocrx_word' id='word_1_10' title='bbox 1417 312 1535 352; x_wconf 89' lang='lat' dir='ltr'><strong>supra</strong></span> <span class='ocrx_word' id='word_1_11' title='bbox 1553 313 1646 339; x_wconf 88' lang='lat' dir='ltr'><strong>eum</strong></span> 
     </span>
     <span class='ocr_line' id='line_1_3' title="bbox 195 357 1646 409; baseline -0.003 -10"><span class='ocrx_word' id='word_1_12' title='bbox 195 360 382 400; x_wconf 86' lang='lat' dir='ltr'><strong>thronum</strong></span> <span class='ocrx_word' id='word_1_13' title='bbox 401 359 602 398; x_wconf 86' lang='lat' dir='ltr'><strong>Christum</strong></span> <span class='ocrx_word' id='word_1_14' title='bbox 623 358 748 395; x_wconf 88' lang='lat' dir='ltr'><strong>solere</strong></span> <span class='ocrx_word' id='word_1_15' title='bbox 767 357 903 409; x_wconf 83' lang='lat' dir='ltr'><strong>effingi</strong></span> <span class='ocrx_word' id='word_1_16' title='bbox 918 387 928 406; x_wconf 93' lang='lat'><strong>,</strong></span> <span class='ocrx_word' id='word_1_17' title='bbox 958 357 1142 396; x_wconf 89' lang='lat' dir='ltr'><strong>manibus</strong></span> <span class='ocrx_word' id='word_1_18' title='bbox 1164 358 1205 394; x_wconf 88' lang='lat' dir='ltr'><strong>in</strong></span> <span class='ocrx_word' id='word_1_19' title='bbox 1225 369 1405 395; x_wconf 89' lang='lat' dir='ltr'><strong>mensam</strong></span> <span class='ocrx_word' id='word_1_20' title='bbox 1426 359 1646 408; x_wconf 84' lang='lat' dir='ltr'><strong>appositam</strong></span> 
     </span>
     <span class='ocr_line' id='line_1_4' title="bbox 195 414 1649 466; baseline -0.003 -10"><span class='ocrx_word' id='word_1_21' title='bbox 195 419 237 456; x_wconf 85' lang='lat' dir='ltr'><strong>in</strong></span> <span class='ocrx_word' id='word_1_22' title='bbox 256 420 380 455; x_wconf 87' lang='lat' dir='ltr'><strong>crucis</strong></span> <span class='ocrx_word' id='word_1_23' title='bbox 401 417 567 454; x_wconf 86' lang='lat' dir='ltr'><strong>formam</strong></span> <span class='ocrx_word' id='word_1_24' title='bbox 590 414 824 464; x_wconf 85' lang='lat' dir='ltr'><strong>decussatis,</strong></span> <span class='ocrx_word' id='word_1_25' title='bbox 855 414 996 452; x_wconf 90' lang='lat' dir='ltr'><strong>dextra</strong></span> <span class='ocrx_word' id='word_1_26' title='bbox 1012 427 1159 466; x_wconf 90' lang='lat' dir='ltr'><strong>panem</strong></span> <span class='ocrx_word' id='word_1_27' title='bbox 1180 426 1347 462; x_wconf 83' lang='lat' dir='ltr'><strong>sacrum,</strong></span> <span class='ocrx_word' id='word_1_28' title='bbox 1377 416 1532 452; x_wconf 87' lang='lat' dir='ltr'><strong>sinistra</strong></span> <span class='ocrx_word' id='word_1_29' title='bbox 1556 427 1649 451; x_wconf 62' lang='lat' dir='ltr'><strong>cru-</strong></span> 
     </span>
     <span class='ocr_line' id='line_1_5' title="bbox 195 469 1648 525; baseline -0.003 -13"><span class='ocrx_word' id='word_1_30' title='bbox 195 488 282 512; x_wconf 88' lang='lat' dir='ltr'><strong>cem</strong></span> <span class='ocrx_word' id='word_1_31' title='bbox 304 471 686 525; x_wconf 82' lang='lat' dir='ltr'><strong>apprehendentem:</strong></span> <span class='ocrx_word' id='word_1_32' title='bbox 717 469 921 509; x_wconf 87' lang='lat' dir='ltr'><strong>hincinde</strong></span> <span class='ocrx_word' id='word_1_33' title='bbox 940 485 1047 519; x_wconf 84' lang='lat' dir='ltr'><strong>vero,</strong></span> <span class='ocrx_word' id='word_1_34' title='bbox 1079 477 1118 508; x_wconf 90' lang='lat' dir='ltr'><strong>et</strong></span> <span class='ocrx_word' id='word_1_35' title='bbox 1138 484 1160 508; x_wconf 88' lang='lat' dir='ltr'><strong>a</strong></span> <span class='ocrx_word' id='word_1_36' title='bbox 1182 471 1392 519; x_wconf 86' lang='lat' dir='ltr'><strong>lateribus,</strong></span> <span class='ocrx_word' id='word_1_37' title='bbox 1421 483 1539 522; x_wconf 88' lang='lat' dir='ltr'><strong>supra</strong></span> <span class='ocrx_word' id='word_1_38' title='bbox 1559 471 1648 521; x_wconf 87' lang='lat' dir='ltr'><strong>epi-</strong></span> 
     </span>
     <span class='ocr_line' id='line_1_6' title="bbox 193 526 1647 581; baseline -0.003 -13"><span class='ocrx_word' id='word_1_39' title='bbox 193 543 402 581; x_wconf 88' lang='lat' dir='ltr'><strong>scoporum</strong></span> <span class='ocrx_word' id='word_1_40' title='bbox 427 535 465 565; x_wconf 92' lang='lat' dir='ltr'><strong>et</strong></span> <span class='ocrx_word' id='word_1_41' title='bbox 490 526 737 566; x_wconf 89' lang='lat' dir='ltr'><strong>sacerdotum</strong></span> <span class='ocrx_word' id='word_1_42' title='bbox 763 526 903 565; x_wconf 87' lang='lat' dir='ltr'><strong>sedilia</strong></span> <span class='ocrx_word' id='word_1_43' title='bbox 918 557 928 576; x_wconf 96' lang='lat'><strong>,</strong></span> <span class='ocrx_word' id='word_1_44' title='bbox 972 526 1181 565; x_wconf 84' lang='lat' dir='ltr'><strong>duodecim</strong></span> <span class='ocrx_word' id='word_1_45' title='bbox 1202 527 1470 578; x_wconf 87' lang='lat' dir='ltr'><strong>apostolorum</strong></span> <span class='ocrx_word' id='word_1_46' title='bbox 1495 527 1647 577; x_wconf 85' lang='lat' dir='ltr'><strong>effigies</strong></span> 
     </span>
     <span class='ocr_line' id='line_1_7' title="bbox 195 582 1648 634; baseline -0.001 -11"><span class='ocrx_word' id='word_1_47' title='bbox 195 587 434 634; x_wconf 87' lang='lat' dir='ltr'><strong>delineatas,</strong></span> <span class='ocrx_word' id='word_1_48' title='bbox 477 592 521 622; x_wconf 91' lang='lat' dir='ltr'><strong>ut</strong></span> <span class='ocrx_word' id='word_1_49' title='bbox 545 586 665 622; x_wconf 89' lang='lat' dir='ltr'><strong>etiam</strong></span> <span class='ocrx_word' id='word_1_50' title='bbox 681 582 831 621; x_wconf 68' lang='lat' dir='ltr'><strong>hodie·</strong></span> <span class='ocrx_word' id='word_1_51' title='bbox 821 598 862 621; x_wconf 89' lang='lat' dir='ltr'><strong>1n</strong></span> <span class='ocrx_word' id='word_1_52' title='bbox 881 585 923 622; x_wconf 89' lang='lat' dir='ltr'><strong>S.</strong></span> <span class='ocrx_word' id='word_1_53' title='bbox 944 585 1061 621; x_wconf 88' lang='lat' dir='ltr'><strong>Pauli</strong></span> <span class='ocrx_word' id='word_1_54' title='bbox 1083 591 1122 621; x_wconf 85' lang='lat' dir='ltr'><strong>et</strong></span> <span class='ocrx_word' id='word_1_55' title='bbox 1140 584 1356 622; x_wconf 83' lang='lat' dir='ltr'><strong>Salvatoris</strong></span> <span class='ocrx_word' id='word_1_56' title='bbox 1374 584 1546 620; x_wconf 79' lang='lat' dir='ltr'><strong>basilicis</strong></span> <span class='ocrx_word' id='word_1_57' title='bbox 1565 585 1648 621; x_wconf 92' lang='lat' dir='ltr'><strong>Ro-</strong></span> 
     </span>
     <span class='ocr_line' id='line_1_8' title="bbox 192 639 1649 697; baseline -0.002 -17"><span class='ocrx_word' id='word_1_58' title='bbox 192 656 283 681; x_wconf 86' lang='lat' dir='ltr'><strong>mae</strong></span> <span class='ocrx_word' id='word_1_59' title='bbox 308 642 612 692; x_wconf 88' lang='lat' dir='ltr'><strong>conspiciuntur.</strong></span> <span class='ocrx_word' id='word_1_60' title='bbox 670 639 776 678; x_wconf 91' lang='lat' dir='ltr'><strong>unde</strong></span> <span class='ocrx_word' id='word_1_61' title='bbox 804 642 968 692; x_wconf 89' lang='lat' dir='ltr'><strong>planum</strong></span> <span class='ocrx_word' id='word_1_62' title='bbox 997 640 1040 678; x_wconf 87' lang='lat' dir='ltr'><strong>fit</strong></span> <span class='ocrx_word' id='word_1_63' title='bbox 1071 654 1116 678; x_wconf 93' lang='lat' dir='ltr'><strong>eo</strong></span> <span class='ocrx_word' id='word_1_64' title='bbox 1151 641 1373 697; x_wconf 84' lang='lat' dir='ltr'><strong>respexisse</strong></span> <span class='ocrx_word' id='word_1_65' title='bbox 1405 641 1649 677; x_wconf 86' lang='lat' dir='ltr'><strong>Germanum</strong></span> 
     </span>
     <span class='ocr_line' id='line_1_9' title="bbox 191 693 1648 765; baseline -0.001 -28"><span class='ocrx_word' id='word_1_66' title='bbox 191 697 457 751; x_wconf 83' lang='lat' dir='ltr'><strong>patriarcham</strong></span> <span class='ocrx_word' id='word_1_67' title='bbox 477 698 539 735; x_wconf 89' lang='lat' dir='ltr'><strong>GP</strong></span> <span class='ocrx_word' id='word_1_68' title='bbox 553 726 563 746; x_wconf 95' lang='lat'><strong>,</strong></span> <span class='ocrx_word' id='word_1_69' title='bbox 603 710 694 734; x_wconf 87' lang='lat' dir='ltr'><strong>cum</strong></span> <span class='ocrx_word' id='word_1_70' title='bbox 711 696 812 734; x_wconf 85' lang='lat' dir='ltr'><strong>dixit</strong></span> <span class='ocrx_word' id='word_1_71' title='bbox 835 698 945 765; x_wconf 85' lang='grc' dir='ltr'><strong><em>βῆμα</em></strong></span> <span class='ocrx_word' id='word_1_72' title='bbox 972 710 1057 735; x_wconf 88' lang='lat' dir='ltr'><strong>esse</strong></span> <span class='ocrx_word' id='word_1_73' title='bbox 1077 693 1233 749; x_wconf 83' lang='grc' dir='ltr'><strong><em>θρόνον</em></strong></span> <span class='ocrx_word' id='word_1_74' title='bbox 1252 695 1293 735; x_wconf 83' lang='grc' dir='ltr'><strong>ἐν</strong></span> <span class='ocrx_word' id='word_1_75' title='bbox 1318 697 1424 764; x_wconf 77' lang='grc' dir='ltr'><strong><em>ῷπερ</em></strong></span> <span class='ocrx_word' id='word_1_76' title='bbox 1444 695 1466 738; x_wconf 84' lang='grc' dir='ltr'><strong><em>ὁ</em></strong></span> <span class='ocrx_word' id='word_1_77' title='bbox 1486 697 1648 748; x_wconf 84' lang='grc' dir='ltr'><strong><em>παμβα-</em></strong></span> 
     </span>
     <span class='ocr_line' id='line_1_10' title="bbox 191 748 1648 807; baseline -0.005 -11"><span class='ocrx_word' id='word_1_78' title='bbox 191 752 322 802; x_wconf 79' lang='grc' dir='ltr'><strong><em>σιλεῦς</em></strong></span> <span class='ocrx_word' id='word_1_79' title='bbox 354 750 524 807; x_wconf 80' lang='grc' dir='ltr'><strong><em>Χριστὸς</em></strong></span> <span class='ocrx_word' id='word_1_80' title='bbox 552 749 808 805; x_wconf 82' lang='grc' dir='ltr'><strong><em>προκαθηται</em></strong></span> <span class='ocrx_word' id='word_1_81' title='bbox 841 750 938 805; x_wconf 72' lang='grc' dir='ltr'><strong><em>μετὰ</em></strong></span> <span class='ocrx_word' id='word_1_82' title='bbox 967 756 1047 793; x_wconf 81' lang='grc' dir='ltr'><strong>τῶν</strong></span> <span class='ocrx_word' id='word_1_83' title='bbox 1079 751 1207 793; x_wconf 73' lang='grc' dir='ltr'><strong><em>αὐτοῦ</em></strong></span> <span class='ocrx_word' id='word_1_84' title='bbox 1237 748 1491 803; x_wconf 79' lang='grc' dir='ltr'><strong><em>αποστόλων,</em></strong></span> <span class='ocrx_word' id='word_1_85' title='bbox 1533 759 1578 790; x_wconf 88' lang='lat' dir='ltr'><strong>ut</strong></span> <span class='ocrx_word' id='word_1_86' title='bbox 1609 759 1648 790; x_wconf 91' lang='lat' dir='ltr'><strong>et</strong></span> 
     </span>
     <span class='ocr_line' id='line_1_11' title="bbox 189 806 1647 876; baseline -0.002 -25"><span class='ocrx_word' id='word_1_87' title='bbox 189 812 431 864; x_wconf 89' lang='lat' dir='ltr'><strong>Symeonem</strong></span> <span class='ocrx_word' id='word_1_88' title='bbox 453 809 691 848; x_wconf 86' lang='lat' dir='ltr'><strong>Thessalon.</strong></span> <span class='ocrx_word' id='word_1_89' title='bbox 713 810 814 848; x_wconf 88' lang='lat' dir='ltr'><strong>libro</strong></span> <span class='ocrx_word' id='word_1_90' title='bbox 844 809 893 847; x_wconf 89' lang='lat' dir='ltr'><strong>de</strong></span> <span class='ocrx_word' id='word_1_91' title='bbox 912 810 1108 861; x_wconf 77' lang='lat' dir='ltr'><strong>Templo:</strong></span> <span class='ocrx_word' id='word_1_92' title='bbox 1138 810 1310 857; x_wconf 82' lang='grc' dir='ltr'><strong><em>καθίσας</em></strong></span> <span class='ocrx_word' id='word_1_93' title='bbox 1335 811 1389 849; x_wconf 83' lang='grc' dir='ltr'><strong>τῶ</strong></span> <span class='ocrx_word' id='word_1_94' title='bbox 1419 806 1647 876; x_wconf 76' lang='grc' dir='ltr'><strong><em>συνθρόνῳ,</em></strong></span> 
     </span>
     <span class='ocr_line' id='line_1_12' title="bbox 194 851 1649 934; baseline -0.003 -26"><span class='ocrx_word' id='word_1_95' title='bbox 194 867 264 909; x_wconf 78' lang='grc' dir='ltr'><strong>τόν</strong></span> <span class='ocrx_word' id='word_1_96' title='bbox 285 865 459 920; x_wconf 77' lang='grc' dir='ltr'><strong><em>Χριστόν</em></strong></span> <span class='ocrx_word' id='word_1_97' title='bbox 479 863 782 918; x_wconf 79' lang='grc' dir='ltr'><strong><em>ἐκμιμούμενος,</em></strong></span> <span class='ocrx_word' id='word_1_98' title='bbox 803 866 1101 934; x_wconf 80' lang='grc' dir='ltr'><strong><em>συγκαθέδρους</em></strong></span> <span class='ocrx_word' id='word_1_99' title='bbox 1119 865 1195 917; x_wconf 74' lang='grc' dir='ltr'><strong><em>ἔχει</em></strong></span> <span class='ocrx_word' id='word_1_100' title='bbox 1212 864 1279 906; x_wconf 86' lang='grc' dir='ltr'><strong><em>καὶ</em></strong></span> <span class='ocrx_word' id='word_1_101' title='bbox 1300 851 1395 913; x_wconf 67' lang='grc' dir='ltr'><strong>τοῦς</strong></span> <span class='ocrx_word' id='word_1_102' title='bbox 1417 861 1649 905; x_wconf 76' lang='grc' dir='ltr'><strong><em>συνεπισκό-</em></strong></span> 
     </span>
     <span class='ocr_line' id='line_1_13' title="bbox 195 918 1649 993; baseline -0.003 -28"><span class='ocrx_word' id='word_1_103' title='bbox 195 939 299 973; x_wconf 86' lang='grc' dir='ltr'><strong><em>πους</em></strong></span> <span class='ocrx_word' id='word_1_104' title='bbox 320 923 387 964; x_wconf 86' lang='grc' dir='ltr'><strong><em>καὶ</em></strong></span> <span class='ocrx_word' id='word_1_105' title='bbox 406 924 524 993; x_wconf 78' lang='grc' dir='ltr'><strong><em>ἱερεῖς</em></strong></span> <span class='ocrx_word' id='word_1_106' title='bbox 540 921 810 974; x_wconf 80' lang='grc' dir='ltr'><strong><em>μιμουμένους</em></strong></span> <span class='ocrx_word' id='word_1_107' title='bbox 827 938 922 970; x_wconf 85' lang='grc' dir='ltr'><strong><em>τους</em></strong></span> <span class='ocrx_word' id='word_1_108' title='bbox 942 918 1198 969; x_wconf 67' lang='grc' dir='ltr'><strong><em>ἀποστόλους</em></strong></span> <span class='ocrx_word' id='word_1_109' title='bbox 1258 928 1296 958; x_wconf 84' lang='lat' dir='ltr'><strong>et</strong></span> <span class='ocrx_word' id='word_1_110' title='bbox 1316 922 1417 959; x_wconf 85' lang='lat' dir='ltr'><strong>libro</strong></span> <span class='ocrx_word' id='word_1_111' title='bbox 1438 921 1487 959; x_wconf 83' lang='lat' dir='ltr'><strong>de</strong></span> <span class='ocrx_word' id='word_1_112' title='bbox 1505 921 1649 959; x_wconf 80' lang='lat' dir='ltr'><strong>Sacra-</strong></span> 
     </span>
     <span class='ocr_line' id='line_1_14' title="bbox 193 975 1650 1046; baseline -0.001 -27"><span class='ocrx_word' id='word_1_113' title='bbox 193 978 423 1031; x_wconf 75' lang='grc' dir='ltr'><strong>111811ΐί5εῆ</strong></span> <span class='ocrx_word' id='word_1_114' title='bbox 444 977 528 1019; x_wconf 79' lang='grc' dir='ltr'><strong>ἅνω</strong></span> <span class='ocrx_word' id='word_1_115' title='bbox 550 978 729 1044; x_wconf 82' lang='grc' dir='ltr'><strong><em>καθέδρα</em></strong></span> <span class='ocrx_word' id='word_1_116' title='bbox 752 978 826 1027; x_wconf 75' lang='grc' dir='ltr'><strong>τήν</strong></span> <span class='ocrx_word' id='word_1_117' title='bbox 844 975 1150 1046; x_wconf 75' lang='grc' dir='ltr'><strong><em>ὕπερουρᾶνιον</em></strong></span> <span class='ocrx_word' id='word_1_118' title='bbox 1158 979 1335 1018; x_wconf 87' lang='grc' dir='ltr'><strong><em>δείκνυσι</em></strong></span> <span class='ocrx_word' id='word_1_119' title='bbox 1354 977 1560 1030; x_wconf 83' lang='grc' dir='ltr'><strong><em>καθέδραν</em></strong></span> <span class='ocrx_word' id='word_1_120' title='bbox 1576 979 1650 1018; x_wconf 80' lang='grc' dir='ltr'><strong>τοῦ</strong></span> 
     </span>
     <span class='ocr_line' id='line_1_15' title="bbox 190 1030 1650 1089; baseline -0.003 -11.983"><span class='ocrx_word' id='word_1_121' title='bbox 190 1033 322 1089; x_wconf 80' lang='grc' dir='ltr'><strong><em>Ἰησοῦ</em></strong></span> <span class='ocrx_word' id='word_1_122' title='bbox 331 1066 341 1085; x_wconf 87' lang='grc'><em>,</em></span> <span class='ocrx_word' id='word_1_123' title='bbox 383 1036 428 1076; x_wconf 80' lang='grc' dir='ltr'><strong>αἱ</strong></span> <span class='ocrx_word' id='word_1_124' title='bbox 453 1032 530 1075; x_wconf 69' lang='lat' dir='ltr'><strong>v‘m&#39;</strong></span> <span class='ocrx_word' id='word_1_125' title='bbox 562 1051 689 1086; x_wconf 84' lang='grc' dir='ltr'><strong><em>αυτην</em></strong></span> <span class='ocrx_word' id='word_1_126' title='bbox 709 1033 751 1075; x_wconf 82' lang='grc' dir='ltr'><strong>δὲ</strong></span> <span class='ocrx_word' id='word_1_127' title='bbox 773 1036 970 1088; x_wconf 80' lang='grc' dir='ltr'><strong><em>βαθμίδες</em></strong></span> <span class='ocrx_word' id='word_1_128' title='bbox 987 1031 1060 1088; x_wconf 87' lang='grc' dir='ltr'><strong>τὴν</strong></span> <span class='ocrx_word' id='word_1_129' title='bbox 1079 1030 1248 1075; x_wconf 80' lang='grc' dir='ltr'><strong><em>ἕκαστον</em></strong></span> <span class='ocrx_word' id='word_1_130' title='bbox 1267 1037 1346 1074; x_wconf 81' lang='grc' dir='ltr'><strong>τῶν</strong></span> <span class='ocrx_word' id='word_1_131' title='bbox 1367 1035 1591 1087; x_wconf 71' lang='grc' dir='ltr'><strong><em>ἴεραρχοῖν’</em></strong></span> <span class='ocrx_word' id='word_1_132' title='bbox 1580 1031 1650 1073; x_wconf 81' lang='grc' dir='ltr'><strong><em>καὶ</em></strong></span> 
     </span>
     <span class='ocr_line' id='line_1_16' title="bbox 193 1087 1650 1146; baseline -0.003 -13"><span class='ocrx_word' id='word_1_133' title='bbox 193 1092 331 1146; x_wconf 80' lang='grc' dir='ltr'><strong><em>ἱερέων</em></strong></span> <span class='ocrx_word' id='word_1_134' title='bbox 358 1089 471 1141; x_wconf 74' lang='grc' dir='ltr'><strong><em>τάξιν</em></strong></span> <span class='ocrx_word' id='word_1_135' title='bbox 494 1106 534 1132; x_wconf 88' lang='grc' dir='ltr'><strong><em>τε</em></strong></span> <span class='ocrx_word' id='word_1_136' title='bbox 559 1090 628 1131; x_wconf 83' lang='grc' dir='ltr'><strong><em>καὶ</em></strong></span> <span class='ocrx_word' id='word_1_137' title='bbox 655 1088 872 1143; x_wconf 66' lang='grc' dir='ltr'><strong><em>ἀνάβασιν,</em></strong></span> <span class='ocrx_word' id='word_1_138' title='bbox 916 1091 1019 1132; x_wconf 75' lang='grc' dir='ltr'><strong><em>ἔνθα</em></strong></span> <span class='ocrx_word' id='word_1_139' title='bbox 1049 1089 1100 1143; x_wconf 86' lang='grc' dir='ltr'><strong>δη</strong></span> <span class='ocrx_word' id='word_1_140' title='bbox 1119 1089 1185 1131; x_wconf 86' lang='grc' dir='ltr'><strong><em>καὶ</em></strong></span> <span class='ocrx_word' id='word_1_141' title='bbox 1209 1087 1259 1130; x_wconf 86' lang='grc' dir='ltr'><strong>ου’</strong></span> <span class='ocrx_word' id='word_1_142' title='bbox 1276 1089 1395 1140; x_wconf 80' lang='grc' dir='ltr'><strong><em>θέμις</em></strong></span> <span class='ocrx_word' id='word_1_143' title='bbox 1412 1088 1501 1130; x_wconf 82' lang='grc' dir='ltr'><strong><em>τινοὶ</em></strong></span> <span class='ocrx_word' id='word_1_144' title='bbox 1519 1089 1650 1140; x_wconf 77' lang='grc' dir='ltr'><strong><em>ἕτερον</em></strong></span> 
     </span>
     <span class='ocr_line' id='line_1_17' title="bbox 192 1143 1649 1196; baseline -0.003 -8"><span class='ocrx_word' id='word_1_145' title='bbox 192 1151 382 1196; x_wconf 83' lang='grc' dir='ltr'><strong><em>καθίσαι,</em></strong></span> <span class='ocrx_word' id='word_1_146' title='bbox 425 1143 521 1187; x_wconf 80' lang='grc' dir='ltr'><strong><em>ου’δὲ</em></strong></span> <span class='ocrx_word' id='word_1_147' title='bbox 551 1163 634 1187; x_wconf 89' lang='grc' dir='ltr'><strong>των</strong></span> <span class='ocrx_word' id='word_1_148' title='bbox 665 1145 866 1187; x_wconf 85' lang='grc' dir='ltr'><strong><em>διακόνων</em></strong></span> <span class='ocrx_word' id='word_1_149' title='bbox 899 1143 1046 1187; x_wconf 72' lang='grc' dir='ltr'><strong><em>αὐτων.</em></strong></span> <span class='ocrx_word' id='word_1_150' title='bbox 1107 1145 1246 1184; x_wconf 89' lang='lat' dir='ltr'><strong>eadem</strong></span> <span class='ocrx_word' id='word_1_151' title='bbox 1274 1144 1394 1184; x_wconf 88' lang='lat' dir='ltr'><strong>habet</strong></span> <span class='ocrx_word' id='word_1_152' title='bbox 1412 1147 1500 1184; x_wconf 87' lang='lat' dir='ltr'><strong>aliis</strong></span> <span class='ocrx_word' id='word_1_153' title='bbox 1518 1146 1649 1183; x_wconf 84' lang='lat' dir='ltr'><strong>verbis</strong></span> 
     </span>
     <span class='ocr_line' id='line_1_18' title="bbox 192 1198 1649 1270; baseline -0.001 -27"><span class='ocrx_word' id='word_1_154' title='bbox 192 1206 295 1243; x_wconf 88' lang='lat' dir='ltr'><strong>libro</strong></span> <span class='ocrx_word' id='word_1_155' title='bbox 319 1204 367 1241; x_wconf 90' lang='lat' dir='ltr'><strong>de</strong></span> <span class='ocrx_word' id='word_1_156' title='bbox 388 1204 582 1254; x_wconf 82' lang='lat' dir='ltr'><strong>Templo:</strong></span> <span class='ocrx_word' id='word_1_157' title='bbox 625 1201 691 1243; x_wconf 89' lang='grc' dir='ltr'><strong><em>δια</em></strong></span> <span class='ocrx_word' id='word_1_158' title='bbox 721 1206 794 1243; x_wconf 83' lang='grc' dir='ltr'><strong>τοῦ</strong></span> <span class='ocrx_word' id='word_1_159' title='bbox 824 1204 936 1269; x_wconf 81' lang='grc' dir='ltr'><strong><em>ἱεροῦ</em></strong></span> <span class='ocrx_word' id='word_1_160' title='bbox 964 1199 1192 1255; x_wconf 78' lang='grc' dir='ltr'><strong><em>συνθρόνου</em></strong></span> <span class='ocrx_word' id='word_1_161' title='bbox 1213 1217 1283 1242; x_wconf 86' lang='grc' dir='ltr'><strong>τον</strong></span> <span class='ocrx_word' id='word_1_162' title='bbox 1308 1203 1365 1250; x_wconf 87' lang='grc' dir='ltr'><strong><em>εἰς</em></strong></span> <span class='ocrx_word' id='word_1_163' title='bbox 1385 1198 1585 1270; x_wconf 74' lang='grc' dir='ltr'><strong><em>οὔρανους</em></strong></span> <span class='ocrx_word' id='word_1_164' title='bbox 1605 1201 1649 1243; x_wconf 72' lang='grc' dir='ltr'><strong>ἐκ</strong></span> 
     </span>
     <span class='ocr_line' id='line_1_19' title="bbox 194 1255 1649 1327; baseline -0.002 -26"><span class='ocrx_word' id='word_1_165' title='bbox 194 1263 335 1310; x_wconf 78' lang='grc' dir='ltr'><strong><em>δεξιῶν</em></strong></span> <span class='ocrx_word' id='word_1_166' title='bbox 355 1263 427 1300; x_wconf 85' lang='grc' dir='ltr'><strong>τοῦ</strong></span> <span class='ocrx_word' id='word_1_167' title='bbox 447 1256 592 1311; x_wconf 75' lang='grc' dir='ltr'><strong><em>πατρὸς</em></strong></span> <span class='ocrx_word' id='word_1_168' title='bbox 614 1259 870 1311; x_wconf 83' lang='grc' dir='ltr'><strong><em>σαρκωθέντα</em></strong></span> <span class='ocrx_word' id='word_1_169' title='bbox 889 1255 1008 1312; x_wconf 82' lang='grc' dir='ltr'><strong><em>λόγον</em></strong></span> <span class='ocrx_word' id='word_1_170' title='bbox 1028 1256 1277 1327; x_wconf 80' lang='grc' dir='ltr'><strong><em>καθήμενον,</em></strong></span> <span class='ocrx_word' id='word_1_171' title='bbox 1308 1256 1374 1299; x_wconf 70' lang='grc' dir='ltr'><strong><em>διαὶ</em></strong></span> <span class='ocrx_word' id='word_1_172' title='bbox 1392 1257 1435 1299; x_wconf 81' lang='grc' dir='ltr'><strong>δὲ</strong></span> <span class='ocrx_word' id='word_1_173' title='bbox 1455 1261 1534 1298; x_wconf 75' lang='grc' dir='ltr'><strong>τῶν</strong></span> <span class='ocrx_word' id='word_1_174' title='bbox 1552 1272 1649 1298; x_wconf 61' lang='lat' dir='ltr'><strong>avvoc-</strong></span> 
     </span>
     <span class='ocr_line' id='line_1_20' title="bbox 193 1311 1649 1384; baseline -0.001 -28"><span class='ocrx_word' id='word_1_175' title='bbox 193 1319 367 1384; x_wconf 81' lang='grc' dir='ltr'><strong><em>βαθμων</em></strong></span> <span class='ocrx_word' id='word_1_176' title='bbox 392 1312 467 1367; x_wconf 76' lang='grc' dir='ltr'><strong>τὴν</strong></span> <span class='ocrx_word' id='word_1_177' title='bbox 495 1314 663 1355; x_wconf 76' lang='grc' dir='ltr'><strong><em>ἑκάστου</em></strong></span> <span class='ocrx_word' id='word_1_178' title='bbox 687 1318 768 1356; x_wconf 77' lang='grc' dir='ltr'><strong>τῶν</strong></span> <span class='ocrx_word' id='word_1_179' title='bbox 788 1314 1013 1370; x_wconf 82' lang='grc' dir='ltr'><strong><em>ἱερωμένων</em></strong></span> <span class='ocrx_word' id='word_1_180' title='bbox 1031 1311 1264 1370; x_wconf 68' lang='grc' dir='ltr'><strong><em>ἀνθρώπων</em></strong></span> <span class='ocrx_word' id='word_1_181' title='bbox 1283 1314 1351 1355; x_wconf 82' lang='grc' dir='ltr'><strong><em>καὶ</em></strong></span> <span class='ocrx_word' id='word_1_182' title='bbox 1372 1330 1452 1356; x_wconf 85' lang='grc' dir='ltr'><strong>των</strong></span> <span class='ocrx_word' id='word_1_183' title='bbox 1473 1311 1649 1369; x_wconf 75' lang='grc' dir='ltr'><strong><em>ἆγγὲλων</em></strong></span> 
     </span>
    </p>
   </div>
   <div class='ocr_carea' id='block_1_3' title="bbox 191 1367 1646 1478">
    <p class='ocr_par' dir='ltr' id='par_1_3' title="bbox 191 1367 1646 1478">
     <span class='ocr_line' id='line_1_21' title="bbox 191 1367 688 1422; baseline -0.008 -8"><span class='ocrx_word' id='word_1_184' title='bbox 191 1370 306 1422; x_wconf 82' lang='grc' dir='ltr'><strong><em>ταξιν</em></strong></span> <span class='ocrx_word' id='word_1_185' title='bbox 325 1387 365 1412; x_wconf 84' lang='grc' dir='ltr'><strong><em>τε</em></strong></span> <span class='ocrx_word' id='word_1_186' title='bbox 385 1371 452 1412; x_wconf 84' lang='grc' dir='ltr'><strong><em>καὶ</em></strong></span> <span class='ocrx_word' id='word_1_187' title='bbox 475 1367 688 1422; x_wconf 75' lang='grc' dir='ltr'><strong><em>οἷνάβασιν.</em></strong></span> 
     </span>
     <span class='ocr_line' id='line_1_22' title="bbox 306 1425 1646 1478; baseline -0.001 -14"><span class='ocrx_word' id='word_1_188' title='bbox 306 1430 375 1469; x_wconf 90' lang='grc'><strong>67.</strong></span> <span class='ocrx_word' id='word_1_189' title='bbox 432 1429 528 1464; x_wconf 85' lang='lat' dir='ltr'><strong>Dixi</strong></span> <span class='ocrx_word' id='word_1_190' title='bbox 554 1428 665 1465; x_wconf 86' lang='lat' dir='ltr'><strong>binos</strong></span> <span class='ocrx_word' id='word_1_191' title='bbox 685 1440 861 1465; x_wconf 87' lang='lat' dir='ltr'><strong>recessus</strong></span> <span class='ocrx_word' id='word_1_192' title='bbox 889 1439 959 1465; x_wconf 86' lang='lat' dir='ltr'><strong>seu</strong></span> <span class='ocrx_word' id='word_1_193' title='bbox 985 1427 1114 1478; x_wconf 88' lang='lat' dir='ltr'><strong>potius</strong></span> <span class='ocrx_word' id='word_1_194' title='bbox 1140 1425 1238 1466; x_wconf 90' lang='lat' dir='ltr'><strong>duas</strong></span> <span class='ocrx_word' id='word_1_195' title='bbox 1262 1425 1475 1465; x_wconf 84' lang='lat' dir='ltr'><strong>conchulas</strong></span> <span class='ocrx_word' id='word_1_196' title='bbox 1494 1426 1646 1475; x_wconf 87' lang='lat' dir='ltr'><strong>maiori,</strong></span> 
     </span>
    </p>
   </div>
   <div class='ocr_carea' id='block_1_4' title="bbox 193 1478 1648 1532">
    <p class='ocr_par' dir='ltr' id='par_1_4' title="bbox 193 1478 1648 1532">
     <span class='ocr_line' id='line_1_23' title="bbox 193 1478 1648 1532; baseline -0.003 -8"><span class='ocrx_word' id='word_1_197' title='bbox 193 1485 263 1524; x_wconf 89' lang='lat' dir='ltr'><strong>ubi</strong></span> <span class='ocrx_word' id='word_1_198' title='bbox 281 1485 408 1524; x_wconf 82' lang='lat' dir='ltr'><strong>stabat</strong></span> <span class='ocrx_word' id='word_1_199' title='bbox 428 1497 538 1522; x_wconf 87' lang='lat' dir='ltr'><strong>sacra</strong></span> <span class='ocrx_word' id='word_1_200' title='bbox 556 1497 707 1532; x_wconf 88' lang='lat' dir='ltr'><strong>mensa,</strong></span> <span class='ocrx_word' id='word_1_201' title='bbox 740 1483 944 1522; x_wconf 88' lang='lat' dir='ltr'><strong>adiunctas</strong></span> <span class='ocrx_word' id='word_1_202' title='bbox 963 1484 1107 1531; x_wconf 89' lang='lat' dir='ltr'><strong>fuisse,</strong></span> <span class='ocrx_word' id='word_1_203' title='bbox 1131 1478 1305 1521; x_wconf 51' lang='lat' dir='ltr'><strong>¹alteram</strong></span> <span class='ocrx_word' id='word_1_204' title='bbox 1330 1483 1382 1521; x_wconf 93' lang='lat' dir='ltr'><strong>ad</strong></span> <span class='ocrx_word' id='word_1_205' title='bbox 1406 1483 1589 1521; x_wconf 83' lang='lat' dir='ltr'><strong>dextram</strong></span> <span class='ocrx_word' id='word_1_206' title='bbox 1610 1489 1648 1520; x_wconf 89' lang='lat' dir='ltr'><strong>et</strong></span> 
     </span>
    </p>
   </div>
   <div class='ocr_carea' id='block_1_5' title="bbox 186 1539 1716 1593">
    <p class='ocr_par' dir='ltr' id='par_1_5' title="bbox 186 1539 1716 1593">
     <span class='ocr_line' id='line_1_24' title="bbox 186 1539 1716 1593; baseline -0.002 -14"><span class='ocrx_word' id='word_1_207' title='bbox 186 1543 511 1593; x_wconf 69' lang='lat' dir='ltr'><strong>septentrionem,</strong></span> <span class='ocrx_word' id='word_1_208' title='bbox 545 1541 709 1577; x_wconf 87' lang='lat' dir='ltr'><strong>alteram</strong></span> <span class='ocrx_word' id='word_1_209' title='bbox 724 1540 774 1576; x_wconf 84' lang='lat' dir='ltr'><strong>ad</strong></span> <span class='ocrx_word' id='word_1_210' title='bbox 793 1542 992 1577; x_wconf 80' lang='lat' dir='ltr'><strong>sinistram</strong></span> <span class='ocrx_word' id='word_1_211' title='bbox 1010 1547 1048 1577; x_wconf 89' lang='lat' dir='ltr'><strong>et</strong></span> <span class='ocrx_word' id='word_1_212' title='bbox 1069 1539 1119 1577; x_wconf 93' lang='lat' dir='ltr'><strong>ad</strong></span> <span class='ocrx_word' id='word_1_213' title='bbox 1139 1539 1350 1578; x_wconf 85' lang='lat' dir='ltr'><strong>meridiem</strong></span> <span class='ocrx_word' id='word_1_214' title='bbox 1373 1541 1520 1577; x_wconf 88' lang='lat' dir='ltr'><strong>altaris.</strong></span> <span class='ocrx_word' id='word_1_215' title='bbox 1551 1552 1649 1577; x_wconf 88' lang='lat' dir='ltr'><strong>con-</strong></span> <span class='ocrx_word' id='word_1_216' title='bbox 1704 1547 1716 1553; x_wconf 84' lang='grc'>·</span> 
     </span>
    </p>
   </div>
   <div class='ocr_carea' id='block_1_6' title="bbox 191 1595 1654 2883">
    <p class='ocr_par' dir='ltr' id='par_1_6' title="bbox 191 1595 1649 2365">
     <span class='ocr_line' id='line_1_25' title="bbox 192 1595 1648 1646; baseline -0.003 -10"><span class='ocrx_word' id='word_1_217' title='bbox 192 1597 330 1636; x_wconf 87' lang='lat' dir='ltr'><strong>chulas</strong></span> <span class='ocrx_word' id='word_1_218' title='bbox 359 1598 500 1634; x_wconf 88' lang='lat' dir='ltr'><strong>maiori</strong></span> <span class='ocrx_word' id='word_1_219' title='bbox 519 1595 723 1633; x_wconf 86' lang='lat' dir='ltr'><strong>adiunctas</strong></span> <span class='ocrx_word' id='word_1_220' title='bbox 748 1595 956 1643; x_wconf 88' lang='lat' dir='ltr'><strong>describit,</strong></span> <span class='ocrx_word' id='word_1_221' title='bbox 986 1597 1029 1632; x_wconf 90' lang='lat' dir='ltr'><strong>ni</strong></span> <span class='ocrx_word' id='word_1_222' title='bbox 1055 1596 1190 1644; x_wconf 81' lang='lat' dir='ltr'><strong>fallor,</strong></span> <span class='ocrx_word' id='word_1_223' title='bbox 1222 1597 1472 1634; x_wconf 77' lang='lat' dir='ltr'><strong>silentiarius</strong></span> <span class='ocrx_word' id='word_1_224' title='bbox 1495 1597 1517 1636; x_wconf 89' lang='lat'>1</span> <span class='ocrx_word' id='word_1_225' title='bbox 1545 1602 1648 1646; x_wconf 86' lang='lat' dir='ltr'><strong>part.</strong></span> 
     </span>
     <span class='ocr_line' id='line_1_26' title="bbox 191 1651 1648 1696; baseline -0.002 -4"><span class='ocrx_word' id='word_1_226' title='bbox 191 1667 233 1693; x_wconf 81' lang='lat' dir='ltr'><strong>v.</strong></span> <span class='ocrx_word' id='word_1_227' title='bbox 254 1655 350 1696; x_wconf 80' lang='lat'><strong>236.</strong></span> <span class='ocrx_word' id='word_1_228' title='bbox 408 1665 504 1689; x_wconf 88' lang='lat' dir='ltr'><strong>nam</strong></span> <span class='ocrx_word' id='word_1_229' title='bbox 534 1665 625 1689; x_wconf 91' lang='lat' dir='ltr'><strong>cum</strong></span> <span class='ocrx_word' id='word_1_230' title='bbox 646 1651 813 1689; x_wconf 85' lang='lat' dir='ltr'><strong>dixisset</strong></span> <span class='ocrx_word' id='word_1_231' title='bbox 833 1651 1008 1688; x_wconf 86' lang='lat' dir='ltr'><strong>mediam</strong></span> <span class='ocrx_word' id='word_1_232' title='bbox 1025 1665 1070 1689; x_wconf 86' lang='lat' dir='ltr'><strong>ac</strong></span> <span class='ocrx_word' id='word_1_233' title='bbox 1088 1654 1279 1689; x_wconf 86' lang='lat' dir='ltr'><strong>maiorem</strong></span> <span class='ocrx_word' id='word_1_234' title='bbox 1303 1651 1495 1690; x_wconf 88' lang='lat' dir='ltr'><strong>concham</strong></span> <span class='ocrx_word' id='word_1_235' title='bbox 1515 1664 1648 1689; x_wconf 89' lang='lat' dir='ltr'><strong>sacer-</strong></span> 
     </span>
     <span class='ocr_line' id='line_1_27' title="bbox 193 1707 1648 1756; baseline -0.001 -9"><span class='ocrx_word' id='word_1_236' title='bbox 193 1709 331 1748; x_wconf 90' lang='lat' dir='ltr'><strong>dotum</strong></span> <span class='ocrx_word' id='word_1_237' title='bbox 349 1709 571 1746; x_wconf 90' lang='lat' dir='ltr'><strong>subsellia</strong></span> <span class='ocrx_word' id='word_1_238' title='bbox 559 1722 601 1745; x_wconf 89' lang='grc'><strong>111</strong></span> <span class='ocrx_word' id='word_1_239' title='bbox 622 1709 758 1745; x_wconf 89' lang='lat' dir='ltr'><strong>orbem</strong></span> <span class='ocrx_word' id='word_1_240' title='bbox 777 1707 1043 1745; x_wconf 88' lang='lat' dir='ltr'><strong>circumducta</strong></span> <span class='ocrx_word' id='word_1_241' title='bbox 1062 1710 1262 1745; x_wconf 89' lang='lat' dir='ltr'><strong>continere</strong></span> <span class='ocrx_word' id='word_1_242' title='bbox 1275 1738 1284 1756; x_wconf 94' lang='lat'><strong>,</strong></span> <span class='ocrx_word' id='word_1_243' title='bbox 1324 1707 1435 1745; x_wconf 85' lang='lat' dir='ltr'><strong>addit</strong></span> <span class='ocrx_word' id='word_1_244' title='bbox 1455 1721 1544 1745; x_wconf 87' lang='lat' dir='ltr'><strong>eam</strong></span> <span class='ocrx_word' id='word_1_245' title='bbox 1573 1721 1648 1745; x_wconf 85' lang='lat' dir='ltr'><strong>ex-</strong></span> 
     </span>
     <span class='ocr_line' id='line_1_28' title="bbox 195 1763 1649 1830; baseline -0.002 -26"><span class='ocrx_word' id='word_1_246' title='bbox 195 1769 325 1818; x_wconf 88' lang='lat' dir='ltr'><strong>cipere</strong></span> <span class='ocrx_word' id='word_1_247' title='bbox 345 1764 414 1817; x_wconf 91' lang='lat' dir='ltr'><strong>(ad</strong></span> <span class='ocrx_word' id='word_1_248' title='bbox 430 1771 650 1830; x_wconf 43' lang='lat' dir='ltr'><strong>utrumque.</strong></span> <span class='ocrx_word' id='word_1_249' title='bbox 658 1778 801 1815; x_wconf 88' lang='lat' dir='ltr'><strong>nempe</strong></span> <span class='ocrx_word' id='word_1_250' title='bbox 825 1764 945 1814; x_wconf 91' lang='lat' dir='ltr'><strong>latus)</strong></span> <span class='ocrx_word' id='word_1_251' title='bbox 973 1764 1165 1801; x_wconf 87' lang='lat' dir='ltr'><strong>fornicem</strong></span> <span class='ocrx_word' id='word_1_252' title='bbox 1181 1765 1327 1813; x_wconf 88' lang='lat' dir='ltr'><strong>alium,</strong></span> <span class='ocrx_word' id='word_1_253' title='bbox 1366 1763 1509 1803; x_wconf 84' lang='lat' dir='ltr'><strong>validis</strong></span> <span class='ocrx_word' id='word_1_254' title='bbox 1539 1765 1649 1801; x_wconf 86' lang='lat' dir='ltr'><strong>inni-</strong></span> 
     </span>
     <span class='ocr_line' id='line_1_29' title="bbox 193 1817 1647 1873; baseline -0.002 -12"><span class='ocrx_word' id='word_1_255' title='bbox 193 1835 295 1861; x_wconf 85' lang='lat' dir='ltr'><strong>xum</strong></span> <span class='ocrx_word' id='word_1_256' title='bbox 315 1820 608 1868; x_wconf 87' lang='lat' dir='ltr'><strong>fundamentis,</strong></span> <span class='ocrx_word' id='word_1_257' title='bbox 639 1822 681 1857; x_wconf 91' lang='lat' dir='ltr'><strong>in</strong></span> <span class='ocrx_word' id='word_1_258' title='bbox 701 1822 781 1858; x_wconf 89' lang='lat' dir='ltr'><strong>ima</strong></span> <span class='ocrx_word' id='word_1_259' title='bbox 800 1817 962 1873; x_wconf 88' lang='lat' dir='ltr'><strong>quidem</strong></span> <span class='ocrx_word' id='word_1_260' title='bbox 983 1827 1093 1871; x_wconf 86' lang='lat' dir='ltr'><strong>parte</strong></span> <span class='ocrx_word' id='word_1_261' title='bbox 1114 1822 1156 1857; x_wconf 90' lang='lat' dir='ltr'><strong>iu</strong></span> <span class='ocrx_word' id='word_1_262' title='bbox 1177 1827 1302 1858; x_wconf 87' lang='lat' dir='ltr'><strong>rectas</strong></span> <span class='ocrx_word' id='word_1_263' title='bbox 1325 1819 1488 1858; x_wconf 90' lang='lat' dir='ltr'><strong>ductum</strong></span> <span class='ocrx_word' id='word_1_264' title='bbox 1506 1821 1647 1870; x_wconf 77' lang='lat' dir='ltr'><strong>lineas,</strong></span> 
     </span>
     <span class='ocr_line' id='line_1_30' title="bbox 194 1876 1649 1930; baseline -0.001 -14"><span class='ocrx_word' id='word_1_265' title='bbox 194 1892 363 1930; x_wconf 80' lang='lat' dir='ltr'><strong>superne</strong></span> <span class='ocrx_word' id='word_1_266' title='bbox 395 1890 488 1915; x_wconf 84' lang='lat' dir='ltr'><strong>vero</strong></span> <span class='ocrx_word' id='word_1_267' title='bbox 515 1878 570 1914; x_wconf 89' lang='lat' dir='ltr'><strong>ita</strong></span> <span class='ocrx_word' id='word_1_268' title='bbox 598 1878 797 1914; x_wconf 89' lang='lat' dir='ltr'><strong>sinuatum</strong></span> <span class='ocrx_word' id='word_1_269' title='bbox 825 1883 868 1914; x_wconf 91' lang='lat' dir='ltr'><strong>ut</strong></span> <span class='ocrx_word' id='word_1_270' title='bbox 890 1876 1060 1928; x_wconf 88' lang='lat' dir='ltr'><strong>cylindri</strong></span> <span class='ocrx_word' id='word_1_271' title='bbox 1079 1878 1277 1914; x_wconf 85' lang='lat' dir='ltr'><strong>semisecti</strong></span> <span class='ocrx_word' id='word_1_272' title='bbox 1294 1877 1466 1915; x_wconf 88' lang='lat' dir='ltr'><strong>formam</strong></span> <span class='ocrx_word' id='word_1_273' title='bbox 1489 1877 1649 1915; x_wconf 80' lang='lat' dir='ltr'><strong>referat.</strong></span> 
     </span>
     <span class='ocr_line' id='line_1_31' title="bbox 194 1933 1648 1985; baseline -0.002 -12"><span class='ocrx_word' id='word_1_274' title='bbox 194 1948 241 1973; x_wconf 91' lang='lat' dir='ltr'><strong>ea</strong></span> <span class='ocrx_word' id='word_1_275' title='bbox 262 1942 320 1972; x_wconf 92' lang='lat' dir='ltr'><strong>est</strong></span> <span class='ocrx_word' id='word_1_276' title='bbox 342 1935 448 1971; x_wconf 89' lang='lat' dir='ltr'><strong>euim</strong></span> <span class='ocrx_word' id='word_1_277' title='bbox 465 1935 663 1971; x_wconf 88' lang='lat' dir='ltr'><strong>minorum</strong></span> <span class='ocrx_word' id='word_1_278' title='bbox 683 1933 966 1971; x_wconf 89' lang='lat' dir='ltr'><strong>conchularum</strong></span> <span class='ocrx_word' id='word_1_279' title='bbox 984 1933 1122 1984; x_wconf 83' lang='lat' dir='ltr'><strong>figura,</strong></span> <span class='ocrx_word' id='word_1_280' title='bbox 1144 1946 1245 1985; x_wconf 89' lang='lat' dir='ltr'><strong>quae</strong></span> <span class='ocrx_word' id='word_1_281' title='bbox 1265 1947 1354 1971; x_wconf 88' lang='lat' dir='ltr'><strong>cum</strong></span> <span class='ocrx_word' id='word_1_282' title='bbox 1369 1935 1511 1971; x_wconf 88' lang='lat' dir='ltr'><strong>maiori</strong></span> <span class='ocrx_word' id='word_1_283' title='bbox 1529 1934 1648 1983; x_wconf 83' lang='lat' dir='ltr'><strong>longe</strong></span> 
     </span>
     <span class='ocr_line' id='line_1_32' title="bbox 193 1989 1646 2041; baseline -0.001 -12"><span class='ocrx_word' id='word_1_284' title='bbox 193 1992 407 2030; x_wconf 86' lang='lat' dir='ltr'><strong>strictiores</strong></span> <span class='ocrx_word' id='word_1_285' title='bbox 428 2003 451 2027; x_wconf 91' lang='lat' dir='ltr'><strong>a</strong></span> <span class='ocrx_word' id='word_1_286' title='bbox 471 1996 574 2027; x_wconf 87' lang='lat' dir='ltr'><strong>terra</strong></span> <span class='ocrx_word' id='word_1_287' title='bbox 594 1997 810 2040; x_wconf 84' lang='lat' dir='ltr'><strong>assurgant,</strong></span> <span class='ocrx_word' id='word_1_288' title='bbox 844 1989 1013 2041; x_wconf 88' lang='lat' dir='ltr'><strong>cylindri</strong></span> <span class='ocrx_word' id='word_1_289' title='bbox 1035 1991 1233 2027; x_wconf 87' lang='lat' dir='ltr'><strong>semisecti</strong></span> <span class='ocrx_word' id='word_1_290' title='bbox 1250 1991 1420 2027; x_wconf 87' lang='lat' dir='ltr'><strong>sormam</strong></span> <span class='ocrx_word' id='word_1_291' title='bbox 1440 1990 1646 2040; x_wconf 86' lang='lat' dir='ltr'><strong>effingunt,</strong></span> 
     </span>
     <span class='ocr_line' id='line_1_33' title="bbox 194 2044 1648 2097; baseline -0.001 -12"><span class='ocrx_word' id='word_1_292' title='bbox 194 2047 321 2086; x_wconf 89' lang='lat' dir='ltr'><strong>donec</strong></span> <span class='ocrx_word' id='word_1_293' title='bbox 349 2059 518 2097; x_wconf 90' lang='lat' dir='ltr'><strong>superne</strong></span> <span class='ocrx_word' id='word_1_294' title='bbox 545 2047 770 2094; x_wconf 72' lang='lat' dir='ltr'><strong>sinuentur-3</strong></span> <span class='ocrx_word' id='word_1_295' title='bbox 814 2058 934 2097; x_wconf 86' lang='lat' dir='ltr'><strong>quam</strong></span> <span class='ocrx_word' id='word_1_296' title='bbox 965 2047 1084 2082; x_wconf 86' lang='lat' dir='ltr'><strong>etiam</strong></span> <span class='ocrx_word' id='word_1_297' title='bbox 1112 2046 1280 2096; x_wconf 85' lang='lat' dir='ltr'><strong>figuram</strong></span> <span class='ocrx_word' id='word_1_298' title='bbox 1307 2048 1451 2084; x_wconf 88' lang='lat' dir='ltr'><strong>maiori</strong></span> <span class='ocrx_word' id='word_1_299' title='bbox 1473 2044 1648 2084; x_wconf 88' lang='lat' dir='ltr'><strong>conchae</strong></span> 
     </span>
     <span class='ocr_line' id='line_1_34' title="bbox 193 2102 1648 2152; baseline -0.001 -12"><span class='ocrx_word' id='word_1_300' title='bbox 193 2104 332 2141; x_wconf 83' lang='lat' dir='ltr'><strong>tribuit</strong></span> <span class='ocrx_word' id='word_1_301' title='bbox 349 2104 576 2152; x_wconf 85' lang='lat' dir='ltr'><strong>Procopius,</strong></span> <span class='ocrx_word' id='word_1_302' title='bbox 607 2103 698 2138; x_wconf 92' lang='lat' dir='ltr'><strong>licet</strong></span> <span class='ocrx_word' id='word_1_303' title='bbox 716 2103 858 2152; x_wconf 88' lang='lat' dir='ltr'><strong>potiori</strong></span> <span class='ocrx_word' id='word_1_304' title='bbox 876 2103 961 2138; x_wconf 87' lang='lat' dir='ltr'><strong>iure</strong></span> <span class='ocrx_word' id='word_1_305' title='bbox 979 2102 1197 2139; x_wconf 89' lang='lat' dir='ltr'><strong>minoribus</strong></span> <span class='ocrx_word' id='word_1_306' title='bbox 1215 2103 1285 2139; x_wconf 87' lang='lat' dir='ltr'><strong>illa</strong></span> <span class='ocrx_word' id='word_1_307' title='bbox 1305 2104 1523 2140; x_wconf 88' lang='lat' dir='ltr'><strong>conveniat.</strong></span> <span class='ocrx_word' id='word_1_308' title='bbox 1549 2114 1648 2140; x_wconf 81' lang='lat' dir='ltr'><strong>mox</strong></span> 
     </span>
     <span class='ocr_line' id='line_1_35' title="bbox 195 2156 1647 2209; baseline -0.001 -12"><span class='ocrx_word' id='word_1_309' title='bbox 195 2158 307 2197; x_wconf 84' lang='lat' dir='ltr'><strong>addit</strong></span> <span class='ocrx_word' id='word_1_310' title='bbox 325 2159 574 2196; x_wconf 88' lang='lat' dir='ltr'><strong>Silentiarius</strong></span> <span class='ocrx_word' id='word_1_311' title='bbox 599 2156 812 2206; x_wconf 86' lang='lat' dir='ltr'><strong>concham,</strong></span> <span class='ocrx_word' id='word_1_312' title='bbox 845 2158 1078 2194; x_wconf 86' lang='lat' dir='ltr'><strong>orientalem</strong></span> <span class='ocrx_word' id='word_1_313' title='bbox 1097 2171 1240 2209; x_wconf 87' lang='lat' dir='ltr'><strong>nempe</strong></span> <span class='ocrx_word' id='word_1_314' title='bbox 1255 2188 1264 2206; x_wconf 91' lang='lat'><strong>,</strong></span> <span class='ocrx_word' id='word_1_315' title='bbox 1295 2158 1407 2196; x_wconf 84' lang='lat' dir='ltr'><strong>binas</strong></span> <span class='ocrx_word' id='word_1_316' title='bbox 1429 2159 1527 2197; x_wconf 87' lang='lat' dir='ltr'><strong>alias</strong></span> <span class='ocrx_word' id='word_1_317' title='bbox 1549 2172 1647 2196; x_wconf 87' lang='lat' dir='ltr'><strong>con-</strong></span> 
     </span>
     <span class='ocr_line' id='line_1_36' title="bbox 196 2213 1646 2266; baseline -0.001 -13"><span class='ocrx_word' id='word_1_318' title='bbox 196 2214 290 2253; x_wconf 87' lang='lat' dir='ltr'><strong>chas</strong></span> <span class='ocrx_word' id='word_1_319' title='bbox 309 2215 494 2265; x_wconf 88' lang='lat' dir='ltr'><strong>utrinque</strong></span> <span class='ocrx_word' id='word_1_320' title='bbox 516 2213 763 2264; x_wconf 88' lang='lat' dir='ltr'><strong>protendere,</strong></span> <span class='ocrx_word' id='word_1_321' title='bbox 793 2227 929 2252; x_wconf 79' lang='lat' dir='ltr'><strong>versus</strong></span> <span class='ocrx_word' id='word_1_322' title='bbox 950 2213 1193 2251; x_wconf 85' lang='lat' dir='ltr'><strong>occidentem</strong></span> <span class='ocrx_word' id='word_1_323' title='bbox 1217 2214 1526 2266; x_wconf 86' lang='lat' dir='ltr'><strong>progredientes,</strong></span> <span class='ocrx_word' id='word_1_324' title='bbox 1554 2222 1646 2252; x_wconf 89' lang='lat' dir='ltr'><strong>tan-</strong></span> 
     </span>
     <span class='ocr_line' id='line_1_37' title="bbox 194 2268 1646 2323; baseline -0.001 -14"><span class='ocrx_word' id='word_1_325' title='bbox 194 2284 317 2323; x_wconf 86' lang='lat' dir='ltr'><strong>quam</strong></span> <span class='ocrx_word' id='word_1_326' title='bbox 333 2271 367 2307; x_wconf 89' lang='lat' dir='ltr'><strong>si</strong></span> <span class='ocrx_word' id='word_1_327' title='bbox 384 2270 500 2307; x_wconf 87' lang='lat' dir='ltr'><strong>ulnas</strong></span> <span class='ocrx_word' id='word_1_328' title='bbox 519 2282 609 2306; x_wconf 85' lang='lat' dir='ltr'><strong>suas</strong></span> <span class='ocrx_word' id='word_1_329' title='bbox 629 2268 880 2317; x_wconf 85' lang='lat' dir='ltr'><strong>extenderet,</strong></span> <span class='ocrx_word' id='word_1_330' title='bbox 921 2282 1000 2321; x_wconf 89' lang='lat' dir='ltr'><strong>quo</strong></span> <span class='ocrx_word' id='word_1_331' title='bbox 1021 2271 1170 2307; x_wconf 89' lang='lat' dir='ltr'><strong>clerum</strong></span> <span class='ocrx_word' id='word_1_332' title='bbox 1191 2284 1235 2308; x_wconf 91' lang='lat' dir='ltr'><strong>ac</strong></span> <span class='ocrx_word' id='word_1_333' title='bbox 1261 2278 1437 2310; x_wconf 86' lang='lat' dir='ltr'><strong>cantores</strong></span> <span class='ocrx_word' id='word_1_334' title='bbox 1458 2272 1646 2323; x_wconf 87' lang='lat' dir='ltr'><strong>excipiat.</strong></span> 
     </span>
     <span class='ocr_line' id='line_1_38' title="bbox 195 2324 1204 2376; baseline -0.001 -11"><span class='ocrx_word' id='word_1_335' title='bbox 195 2327 245 2365; x_wconf 84' lang='lat' dir='ltr'><strong>de</strong></span> <span class='ocrx_word' id='word_1_336' title='bbox 264 2326 482 2365; x_wconf 88' lang='lat' dir='ltr'><strong>minoribus</strong></span> <span class='ocrx_word' id='word_1_337' title='bbox 498 2327 619 2376; x_wconf 86' lang='lat' dir='ltr'><strong>igitur</strong></span> <span class='ocrx_word' id='word_1_338' title='bbox 640 2324 842 2363; x_wconf 90' lang='lat' dir='ltr'><strong>conchulis</strong></span> <span class='ocrx_word' id='word_1_339' title='bbox 859 2327 914 2363; x_wconf 88' lang='lat' dir='ltr'><strong>ita</strong></span> <span class='ocrx_word' id='word_1_340' title='bbox 933 2327 1204 2365; x_wconf 76' lang='lat' dir='ltr'><strong>silentiarius:</strong></span> 
     </span>
    </p>

    <p class='ocr_par' dir='ltr' id='par_1_7' title="bbox 357 2377 1443 2447">
     <span class='ocr_line' id='line_1_39' title="bbox 357 2377 1443 2447; baseline 0.003 -27"><span class='ocrx_word' id='word_1_341' title='bbox 357 2380 432 2433; x_wconf 77' lang='grc' dir='ltr'><strong>τήν</strong></span> <span class='ocrx_word' id='word_1_342' title='bbox 452 2379 494 2421; x_wconf 83' lang='grc' dir='ltr'><strong>δὲ</strong></span> <span class='ocrx_word' id='word_1_343' title='bbox 511 2377 594 2433; x_wconf 77' lang='grc' dir='ltr'><strong><em>μέτ’·</em></strong></span> <span class='ocrx_word' id='word_1_344' title='bbox 613 2380 806 2447; x_wconf 78' lang='grc' dir='ltr'><strong><em>ἐκδέχεται</em></strong></span> <span class='ocrx_word' id='word_1_345' title='bbox 822 2386 1023 2434; x_wconf 83' lang='grc' dir='ltr'><strong><em>κρατεροῖς</em></strong></span> <span class='ocrx_word' id='word_1_346' title='bbox 1042 2379 1213 2447; x_wconf 86' lang='grc' dir='ltr'><strong><em>αραρυῖα</em></strong></span> <span class='ocrx_word' id='word_1_347' title='bbox 1230 2383 1443 2434; x_wconf 82' lang='grc' dir='ltr'><strong><em>θεμείλοις,</em></strong></span> 
     </span>
    </p>

    <p class='ocr_par' dir='ltr' id='par_1_8' title="bbox 360 2432 1434 2505">
     <span class='ocr_line' id='line_1_40' title="bbox 360 2432 1434 2505; baseline 0 -26"><span class='ocrx_word' id='word_1_348' title='bbox 360 2437 400 2485; x_wconf 78' lang='grc' dir='ltr'><strong>ἐς</strong></span> <span class='ocrx_word' id='word_1_349' title='bbox 419 2433 539 2490; x_wconf 86' lang='grc' dir='ltr'><strong><em>βασιν</em></strong></span> <span class='ocrx_word' id='word_1_350' title='bbox 556 2432 855 2505; x_wconf 69' lang='grc' dir='ltr'><strong><em>εὐθύγραμμος,</em></strong></span> <span class='ocrx_word' id='word_1_351' title='bbox 885 2435 1039 2490; x_wconf 83' lang='grc' dir='ltr'><strong><em>υπερθε</em></strong></span> <span class='ocrx_word' id='word_1_352' title='bbox 1056 2437 1098 2479; x_wconf 80' lang='grc' dir='ltr'><strong>δὲ</strong></span> <span class='ocrx_word' id='word_1_353' title='bbox 1116 2435 1277 2487; x_wconf 76' lang='grc' dir='ltr'><strong><em>κύκλιος</em></strong></span> <span class='ocrx_word' id='word_1_354' title='bbox 1300 2437 1434 2487; x_wconf 67' lang='grc' dir='ltr'><strong><em>ἄντυξ,</em></strong></span> 
     </span>
    </p>

    <p class='ocr_par' dir='ltr' id='par_1_9' title="bbox 361 2492 1429 2548">
     <span class='ocr_line' id='line_1_41' title="bbox 361 2492 1429 2548; baseline 0 -14"><span class='ocrx_word' id='word_1_355' title='bbox 361 2506 556 2545; x_wconf 79' lang='grc' dir='ltr'><strong><em>σχημασιν</em></strong></span> <span class='ocrx_word' id='word_1_356' title='bbox 577 2508 625 2533; x_wconf 92' lang='grc' dir='ltr'><strong>ου</strong></span> <span class='ocrx_word' id='word_1_357' title='bbox 649 2495 820 2546; x_wconf 79' lang='grc' dir='ltr'><strong><em>σφαίυης</em></strong></span> <span class='ocrx_word' id='word_1_358' title='bbox 835 2495 1066 2548; x_wconf 79' lang='grc' dir='ltr'><strong><em>ἐναλίγκιος,</em></strong></span> <span class='ocrx_word' id='word_1_359' title='bbox 1096 2492 1195 2536; x_wconf 73' lang='grc' dir='ltr'><strong><em>ἄλλα</em></strong></span> <span class='ocrx_word' id='word_1_360' title='bbox 1214 2496 1429 2548; x_wconf 80' lang='grc' dir='ltr'><strong><em>κυλίνδρου</em></strong></span> 
     </span>
    </p>

    <p class='ocr_par' dir='ltr' id='par_1_10' title="bbox 193 2548 1654 2883">
     <span class='ocr_line' id='line_1_42' title="bbox 361 2548 796 2601; baseline 0 -12"><span class='ocrx_word' id='word_1_361' title='bbox 361 2548 503 2600; x_wconf 70' lang='grc' dir='ltr'><strong><em>ἄνδιχα</em></strong></span> <span class='ocrx_word' id='word_1_362' title='bbox 529 2549 796 2601; x_wconf 82' lang='grc' dir='ltr'><strong><em>τεμνομένοιο.</em></strong></span> 
     </span>
     <span class='ocr_line' id='line_1_43' title="bbox 193 2605 1645 2658; baseline -0.003 -12"><span class='ocrx_word' id='word_1_363' title='bbox 193 2605 338 2646; x_wconf 78' lang='lat' dir='ltr'><strong>harum</strong></span> <span class='ocrx_word' id='word_1_364' title='bbox 365 2605 648 2643; x_wconf 86' lang='lat' dir='ltr'><strong>conchularum</strong></span> <span class='ocrx_word' id='word_1_365' title='bbox 677 2607 859 2652; x_wconf 86' lang='lat' dir='ltr'><strong>alteram,</strong></span> <span class='ocrx_word' id='word_1_366' title='bbox 900 2618 1021 2658; x_wconf 89' lang='lat' dir='ltr'><strong>quam</strong></span> <span class='ocrx_word' id='word_1_367' title='bbox 1040 2605 1091 2643; x_wconf 91' lang='lat' dir='ltr'><strong>ad</strong></span> <span class='ocrx_word' id='word_1_368' title='bbox 1111 2606 1293 2644; x_wconf 87' lang='lat' dir='ltr'><strong>dextram</strong></span> <span class='ocrx_word' id='word_1_369' title='bbox 1313 2607 1450 2644; x_wconf 86' lang='lat' dir='ltr'><strong>statuit</strong></span> <span class='ocrx_word' id='word_1_370' title='bbox 1469 2605 1645 2657; x_wconf 83' lang='lat' dir='ltr'><strong>Symeon</strong></span> 
     </span>
     <span class='ocr_line' id='line_1_44' title="bbox 193 2658 1645 2715; baseline -0.001 -15"><span class='ocrx_word' id='word_1_371' title='bbox 193 2662 561 2702; x_wconf 87' lang='lat' dir='ltr'><strong>Thessalonicensis</strong></span> <span class='ocrx_word' id='word_1_372' title='bbox 575 2692 585 2710; x_wconf 89' lang='lat'><strong>,</strong></span> <span class='ocrx_word' id='word_1_373' title='bbox 615 2658 811 2712; x_wconf 81' lang='grc' dir='ltr'><strong><em>πρόθεσιν</em></strong></span> <span class='ocrx_word' id='word_1_374' title='bbox 830 2663 969 2699; x_wconf 87' lang='lat' dir='ltr'><strong>Graeci</strong></span> <span class='ocrx_word' id='word_1_375' title='bbox 990 2664 1204 2714; x_wconf 85' lang='lat' dir='ltr'><strong>appellant,</strong></span> <span class='ocrx_word' id='word_1_376' title='bbox 1236 2665 1350 2715; x_wconf 89' lang='lat' dir='ltr'><strong>quasi</strong></span> <span class='ocrx_word' id='word_1_377' title='bbox 1373 2662 1479 2701; x_wconf 82' lang='lat' dir='ltr'><strong>dicas</strong></span> <span class='ocrx_word' id='word_1_378' title='bbox 1492 2675 1645 2712; x_wconf 80' lang='lat' dir='ltr'><strong>propo-</strong></span> 
     </span>
     <span class='ocr_line' id='line_1_45' title="bbox 193 2720 1643 2772; baseline -0.001 -15"><span class='ocrx_word' id='word_1_379' title='bbox 193 2721 372 2758; x_wconf 62' lang='lat' dir='ltr'><strong>sinonem</strong></span> <span class='ocrx_word' id='word_1_380' title='bbox 393 2726 459 2755; x_wconf 88' lang='lat' dir='ltr'><strong>aut</strong></span> <span class='ocrx_word' id='word_1_381' title='bbox 471 2720 752 2769; x_wconf 74' lang='lat' dir='ltr'><strong>propositionis</strong></span> <span class='ocrx_word' id='word_1_382' title='bbox 771 2732 964 2764; x_wconf 76' lang='lat' dir='ltr'><strong>mensam,</strong></span> <span class='ocrx_word' id='word_1_383' title='bbox 1003 2732 1025 2756; x_wconf 88' lang='grc'><strong>8</strong></span> <span class='ocrx_word' id='word_1_384' title='bbox 1045 2721 1267 2757; x_wconf 87' lang='lat' dir='ltr'><strong>ceremonia</strong></span> <span class='ocrx_word' id='word_1_385' title='bbox 1291 2733 1392 2772; x_wconf 87' lang='lat' dir='ltr'><strong>quae</strong></span> <span class='ocrx_word' id='word_1_386' title='bbox 1418 2721 1460 2756; x_wconf 85' lang='lat' dir='ltr'><strong>iu</strong></span> <span class='ocrx_word' id='word_1_387' title='bbox 1482 2732 1528 2756; x_wconf 88' lang='lat' dir='ltr'><strong>ea</strong></span> <span class='ocrx_word' id='word_1_388' title='bbox 1548 2731 1643 2770; x_wconf 81' lang='lat' dir='ltr'><strong>per-</strong></span> 
     </span>
     <span class='ocr_line' id='line_1_46' title="bbox 194 2773 1641 2828; baseline -0.001 -15"><span class='ocrx_word' id='word_1_389' title='bbox 194 2778 324 2826; x_wconf 86' lang='lat' dir='ltr'><strong>agitur</strong></span> <span class='ocrx_word' id='word_1_390' title='bbox 338 2789 484 2813; x_wconf 89' lang='lat' dir='ltr'><strong>nomeu</strong></span> <span class='ocrx_word' id='word_1_391' title='bbox 499 2774 724 2813; x_wconf 88' lang='lat' dir='ltr'><strong>habentem.</strong></span> <span class='ocrx_word' id='word_1_392' title='bbox 781 2777 824 2813; x_wconf 88' lang='lat' dir='ltr'><strong>in</strong></span> <span class='ocrx_word' id='word_1_393' title='bbox 848 2788 893 2813; x_wconf 89' lang='lat' dir='ltr'><strong>ea</strong></span> <span class='ocrx_word' id='word_1_394' title='bbox 918 2788 1112 2828; x_wconf 89' lang='lat' dir='ltr'><strong>namque,</strong></span> <span class='ocrx_word' id='word_1_395' title='bbox 1157 2778 1212 2814; x_wconf 89' lang='lat' dir='ltr'><strong>ait</strong></span> <span class='ocrx_word' id='word_1_396' title='bbox 1228 2777 1419 2824; x_wconf 89' lang='lat' dir='ltr'><strong>Allatius,</strong></span> <span class='ocrx_word' id='word_1_397' title='bbox 1459 2773 1641 2814; x_wconf 85' lang='lat' dir='ltr'><strong>sacerdos</strong></span> 
     </span>
     <span class='ocr_line' id='line_1_47' title="bbox 193 2830 1654 2883; baseline 0 -14"><span class='ocrx_word' id='word_1_398' title='bbox 193 2839 285 2871; x_wconf 80' lang='lat' dir='ltr'><strong>aute</strong></span> <span class='ocrx_word' id='word_1_399' title='bbox 304 2834 490 2883; x_wconf 84' lang='lat' dir='ltr'><strong>missam,</strong></span> <span class='ocrx_word' id='word_1_400' title='bbox 522 2839 561 2870; x_wconf 90' lang='lat' dir='ltr'><strong>et</strong></span> <span class='ocrx_word' id='word_1_401' title='bbox 580 2844 659 2871; x_wconf 85' lang='lat' dir='ltr'><strong>una</strong></span> <span class='ocrx_word' id='word_1_402' title='bbox 678 2844 769 2870; x_wconf 87' lang='lat' dir='ltr'><strong>cum</strong></span> <span class='ocrx_word' id='word_1_403' title='bbox 788 2845 834 2872; x_wconf 91' lang='lat' dir='ltr'><strong>eo</strong></span> <span class='ocrx_word' id='word_1_404' title='bbox 850 2833 1132 2883; x_wconf 84' lang='lat' dir='ltr'><strong>ministrantes,</strong></span> <span class='ocrx_word' id='word_1_405' title='bbox 1163 2846 1224 2872; x_wconf 86' lang='lat' dir='ltr'><strong>res</strong></span> <span class='ocrx_word' id='word_1_406' title='bbox 1248 2846 1386 2872; x_wconf 85' lang='lat' dir='ltr'><strong>omnes</strong></span> <span class='ocrx_word' id='word_1_407' title='bbox 1414 2830 1466 2870; x_wconf 80' lang='lat' dir='ltr'><strong>ad</strong></span> <span class='ocrx_word' id='word_1_408' title='bbox 1485 2842 1654 2870; x_wconf 47' lang='lat' dir='ltr'><strong>sacrum*</strong></span> 
     </span>
    </p>
   </div>
  </div>
 </body>
</html>
