1890 3224
260 175 329 220 v22
618 173 974 219 NICEPHORUS
1009 171 1352 219 CPOLITANUS

207 289 240 326 D
265 285 399 344 ἄκρων
423 285 587 342 χειλέων
613 289 687 329 τοῦ
715 284 914 341 βασιλέως
943 283 1197 341 καθήπτετο·
1245 282 1329 330 εἶτα
1349 286 1416 332 καὶ
1439 284 1559 330 ἄλλον
1579 283 1711 330 ὀϊστὸν

264 355 459 410 ἐξέπεμψε
469 387 482 406 ,
520 355 588 397 καὶ
607 355 676 397 τὸν
693 359 850 412 σφῦρον
867 358 941 398 τοῦ
960 354 1084 405 ποδὸς
1107 355 1302 405 ε’πέξυσεν.
1370 354 1492 405 αὐτὸς
1522 355 1565 398 δὲ
1579 353 1712 412 ‘de-

264 428 393 472 κλειος
412 426 468 480 τῷ
485 423 596 480 ἵππῳ
620 421 728 480 ἐπῄει
740 454 754 474 ,
793 424 865 465 καί
879 440 941 473 τις
957 427 1036 466 τῶν
1065 422 1191 465 αὐτοῦ
1209 419 1445 480 δορυφόρων
1463 421 1713 480 προφθάσας

264 495 344 534 τῶν
361 489 482 543 ὤμων
506 488 695 543 Ῥυζάτου
717 492 820 549 ξίφει
842 491 1009 546 ἀπέτεμε
1018 523 1032 543 ,
1066 492 1134 533 καὶ
1154 490 1276 534 αὐτὸν
1295 488 1467 533 πεσόντα
1489 488 1509 532 ὅ
1525 491 1714 544 βασιλεὺς

267 556 523 613 κατηκόντισε
546 561 611 601 καὶ
632 559 756 609 εὐθὺς
775 559 847 614 τὴν
859 558 1001 602 τούτου
1015 560 1193 616 κεφαλὴν
1207 559 1386 613 ἀπέτεμε.
1411 559 1472 601 ε’πὶ
1494 559 1537 601 δὲ
1554 563 1604 615 τῇ
1625 560 1711 616 νίκῃ
1723 569 1747 606 5

266 625 394 683 ταύτῃ
406 628 639 683 προθυμίας
653 625 673 669 ὃ
687 625 978 682 τῶνῬωμαίων
988 628 1158 684 στρατὸς
1170 628 1377 683 πλησθείς,
1391 625 1634 681 αἰσθόμενος
1645 625 1718 681 τὴν

267 699 341 737 τοῦ
368 695 568 748 βασιλέως
601 696 850 753 παρρησίαν,
886 696 989 738 κατὰ
1018 698 1192 753 Περσῶν
1222 694 1397 753 ἐχώρουν
1424 692 1716 746 συντονώτατα,

269 764 337 805 καὶ
357 762 434 804 ἀνὰ
453 761 599 820 κράτος
619 762 868 819 ἡττηθέντας
888 765 1052 808 ἐδίωκον
1075 768 1142 807 καὶ
1166 768 1326 820 πλῆθος
1347 763 1478 808 αὐτῶν
1499 762 1601 805 πολὺ
1620 763 1720 806 ἀπέ·

267 847 437 873 κτειναν.

408 897 461 942 Οἱ
488 899 531 941 δὲ
551 901 725 956 Περσῶν
755 898 943 957 ἄρχοντες
971 900 1054 943 ἐπεὶ
1083 897 1342 954 διεγνώκεισαν
1374 897 1430 950 ὥς
1461 896 1482 941 ὅ
1513 902 1593 942 τῶν
1617 895 1719 941 Ῥω·
1731 907 1776 943 10

151 971 181 1007 P
205 973 249 1010 14
268 967 402 1021 μαίων
421 966 612 1021 βασιλεὺς
629 966 728 1024 ὑπὲρ
750 972 822 1023 τῆς
842 967 986 1011 ἑαυτοῦ
1010 969 1208 1017 πολιτείας
1224 973 1296 1023 τῆς
1315 969 1462 1018 οῗκείας
1482 968 1584 1021 ζωῆς
1603 983 1723 1010 κατε-

269 1033 448 1093 φρόνησε
458 1066 472 1087 ,
519 1035 622 1090 μετὰ
642 1034 810 1093 Σειρόου
831 1041 905 1078 τοῦ
925 1036 1016 1078 υἱοῦ
1031 1033 1223 1091 Χοσρόου
1249 1033 1511 1090 βουλεύονται
1528 1032 1723 1091 Χοσρόην

270 1103 434 1155 ἀνελεῖν,
468 1103 571 1158 με’γα
588 1105 677 1160 περὶ
694 1107 766 1158 τῆς
786 1105 932 1155 οῗκείας
949 1104 1148 1152 πολιτείας
1170 1101 1547 1160 καταφρονήσαντα.
1581 1106 1724 1145 τοῦτον

270 1166 342 1213 οὖν
374 1170 445 1227 ἐφ’
478 1168 534 1212 ἕνὶ
565 1175 645 1212 τῶν
675 1175 895 1224 βασιλικῶν
923 1172 1041 1213 οἷ’κων
1069 1170 1346 1223 κατέκλεισαν,
1385 1171 1452 1212 καὶ
1472 1169 1628 1227 τροφὴν
1649 1169 1723 1212 οὔκ

270 1239 456 1281 ἐδίδοσαν
464 1269 477 1289 ,
512 1236 752 1294 προῦθηκαν
775 1239 818 1279 δὲ
835 1238 989 1295 χρυσὸν
1010 1240 1077 1280 καὶ
1100 1237 1276 1295 ἄργυρον
1299 1239 1366 1280 καὶ
1387 1239 1504 1280 λίθον
1525 1242 1721 1289 πλεῖστον,
1734 1245 1778 1283 15

270 1306 450 1362 λέγοντες
465 1303 647 1348 ιετούτων
679 1304 855 1349 ἀπόλαυε
890 1305 950 1356 οἷς
976 1304 1202 1360 κατεμάνης
1219 1307 1286 1348 καὶ
1307 1305 1407 1362 ἅπερ
1426 1303 1638 1361 ἠγάπησας
1656 1307 1725 1348 καὶ

270 1372 533 1430 συνήγαγες.”
604 1375 671 1416 καὶ
693 1372 798 1417 οὕτω
819 1372 1067 1429 λιμώττοντα
1087 1372 1322 1425 ἐπελθόντες
1342 1373 1496 1417 ἀνεῖλον
1507 1405 1522 1426 ,
1557 1373 1728 1431 Σειρόην

271 1442 319 1485 δὲ
340 1442 410 1485 τὸν
431 1440 575 1485 τούτου
595 1442 684 1484 υἱὸν
700 1443 871 1497 βασιλέα
891 1445 1064 1500 Περσῶν
1084 1440 1376 1500 ἀνηγόρευσαν·
1419 1441 1464 1492 ὃς
1484 1442 1609 1493 εὐθὺς
1625 1441 1728 1498 πρὸς

265 1507 508 1567 ἸΙράκλειον
528 1508 879 1568 διαπρεσβεύεται,
926 1509 1041 1568 δῶρά
1072 1527 1114 1553 τε
1149 1511 1370 1565 ἐξέπεμψεν
1397 1508 1452 1561 ὥς
1481 1512 1727 1553 σπείσασθαι

273 1578 397 1636 αὗτῷ.
463 1576 610 1635 γράφει
632 1580 676 1620 δὲ
698 1579 800 1635 πρὸς
823 1579 944 1621 αὐτὸν
964 1578 1160 1621 ἑνοῦσθαί
1177 1595 1218 1620 τε
1242 1576 1432 1632 ἀλλήλαις
1452 1578 1526 1628 τὰς
1545 1576 1620 1621 ὑπ’
1649 1577 1782 1622 oab-20

221 1652 253 1689 Β
275 1650 355 1688 τῶν
383 1647 583 1695 πολιτείας
609 1648 678 1688 καὶ
707 1644 866 1703 εἰρήνην
893 1645 1006 1702 παρὰ
1035 1650 1135 1687 θεοῦ
1167 1644 1442 1697 ἀσπάζεσθαι,
1479 1643 1534 1695 ὥς
1556 1644 1726 1700 ἑκάστην

272 1713 374 1772 παρΞ
398 1712 544 1768 ἑαυτὴν
563 1711 785 1769 ἡσυχάζειν.
831 1709 865 1773 ᾧ
885 1713 1107 1771 ἀντέγραφε
1128 1714 1195 1755 καὶ
1209 1711 1470 1771 ιΗράκλειος,
1503 1713 1638 1756 τέκνον
1658 1714 1728 1756 τὸν

363 1822 391 1856 2
413 1818 456 1856 τὰ
482 1817 654 1864 σφυρὸνῖ
833 1821 857 1855 3
875 1819 939 1854 καί
958 1819 1148 1867 Petavius,
1185 1814 1216 1864 ἥ
1235 1819 1266 1853 Ρ
1463 1819 1488 1856 4
1506 1817 1575 1855 τὸν
1598 1814 1731 1864 niuoso?

366 1867 412 1902 13
437 1863 580 1901 ἀνελεῖν
598 1863 669 1900 τὸν
690 1861 785 1911 ’ὑπὲρ
811 1864 946 1901 ἑαυτοῦ
965 1866 1063 1911 rije?
1224 1865 1268 1900 14
1289 1862 1359 1900 ἐνῒ
1512 1868 1556 1903 19
1579 1867 1730 1902 σπείσα-

364 1913 457 1947 σθαι
478 1911 659 1958 Petavius,
682 1912 879 1946 πείσεσθαι
898 1911 927 1946 Ρ
1064 1913 1112 1947 20
1130 1906 1298 1956 ἀλλήλοις
1319 1911 1350 1945 P

276 2001 403 2038 emisso
434 2002 566 2048 spiculo
598 2014 726 2037 summa
757 2001 977 2048 imperatoris
1007 2002 1100 2037 labia
1129 2001 1354 2048 perstrinxit3
1387 2001 1470 2036 inde
1503 1999 1571 2036 alio
1595 2000 1730 2037 directo

275 2049 380 2083 imum
403 2049 500 2094 pedis
518 2048 623 2083 talum
646 2049 805 2083 detersit.
852 2048 1035 2083 Heraclius
1060 2060 1148 2093 equo
1172 2048 1209 2081 in
1233 2059 1308 2082 eum
1326 2047 1524 2089 invehitur3
1547 2058 1621 2080 cum
1648 2058 1690 2081 ue
1709 2060 1730 2082 e

275 2095 508 2140 praetorianis
530 2095 670 2139 quidam
687 2094 803 2138 gladio
823 2095 977 2129 Rusatae
999 2094 1175 2128 humerum
1191 2097 1418 2138 amputasset,
1442 2093 1620 2126 cadentem
1664 2104 1730 2128 unc

275 2140 466 2186 imperator
489 2140 600 2174 iaculo
625 2141 779 2184 confixit,
803 2152 844 2174 ac
867 2140 1013 2174 subinde
1037 2144 1142 2184 caput
1164 2138 1348 2184 praecidit.
1395 2138 1461 2172 hac
1483 2137 1632 2172 victoria
1654 2139 1731 2173 Ro-

275 2186 370 2220 mani
392 2186 578 2220 alacriores
601 2186 709 2229 facti,
735 2192 770 2219 et
787 2185 1007 2230 imperatoris
1032 2183 1177 2219 audacia
1201 2183 1414 2227 confirmati,
1450 2195 1573 2228 magno
1597 2183 1731 2229 impetu

275 2231 314 2265 in
336 2232 461 2266 Persas
483 2231 618 2265 irruere
642 2236 678 2264 et
698 2231 853 2265 funditus
875 2231 1080 2277 profligatos
1103 2229 1348 2274 fugientesque
1370 2229 1547 2275 persequi,
1570 2229 1728 2264 innume-

275 2288 335 2312 ros
360 2289 478 2311 eorum
498 2276 711 2310 interficere.

367 2323 455 2357 Post
477 2322 564 2356 haec
581 2322 765 2355 Persarum
786 2321 983 2367 principes,
1018 2320 1079 2355 ubi
1097 2320 1329 2355 Romanorum
1350 2319 1594 2366 imperatorem
1616 2320 1730 2356 vidis-

129 2379 163 2403 a.
187 2369 255 2406 628
278 2371 356 2402 sent
378 2380 442 2413 pro
465 2368 594 2402 tuendo
615 2367 761 2413 imperio
781 2379 826 2401 ne
844 2366 937 2401 vitae
954 2366 1091 2411 quidem
1109 2378 1193 2400 suae
1208 2376 1364 2412 parcere,
1389 2367 1432 2400 de
1449 2366 1615 2400 Chosrois
1630 2378 1729 2410 nece,

279 2414 340 2458 qui
371 2413 554 2459 imperium
585 2423 683 2447 suum
716 2414 802 2446 adeo
836 2417 1090 2457 contemneret,
1126 2424 1201 2446 cum
1223 2412 1326 2446 Siroe
1357 2412 1431 2446 eius
1455 2412 1526 2445 filio
1551 2412 1731 2447 consilium

279 2459 442 2504 capiunt3
464 2471 565 2504 quem
588 2460 721 2493 demum
742 2458 780 2491 in
802 2469 870 2492 una
889 2471 932 2493 ex
955 2458 1062 2502 regiis
1082 2456 1226 2492 aedibus
1246 2457 1463 2500 concludunt,
1487 2461 1523 2492 et
1541 2458 1618 2492 cibo
1638 2457 1731 2492 omni

278 2506 455 2539 subtracto
493 2505 569 2538 auri
601 2510 637 2538 et
659 2503 796 2548 argenti
820 2516 860 2537 ac
882 2504 1074 2548 lapillorum
1097 2504 1167 2538 vim
1196 2503 1374 2537 maximam
1397 2514 1511 2536 coram
1535 2515 1576 2537 eo
1599 2515 1731 2550 propo-

278 2555 366 2583 nunt
379 2576 388 2594 ,
416 2557 520 2595 atque
544 2551 587 2584 iis
610 2549 753 2584 vocibus
777 2548 944 2584 insultant
966 2547 1107 2584 “fruere
1125 2550 1168 2584 iis
1187 2550 1344 2593 agedum,
1368 2560 1511 2593 quorum
1529 2549 1651 2584 insana
1669 2560 1730 2584 cu·-

277 2594 397 2640 pidine
421 2595 598 2639 flagrasti,
638 2606 795 2640 quaeque
823 2596 945 2629 amasti
969 2600 1153 2641 tantopere
1181 2601 1286 2639 atque
1310 2591 1518 2638 collegisti.”
1563 2595 1615 2630 ita
1638 2596 1732 2630 fame

280 2646 438 2674 enectum
461 2647 634 2686 postremo
656 2641 829 2676 irruentes
852 2641 1079 2676 interficiunt.
1104 2647 1175 2675 tum
1199 2640 1326 2674 Siroen
1350 2640 1424 2674 eius
1448 2640 1524 2676 loco
1547 2641 1731 2676 Persarum

280 2697 399 2731 regem
424 2686 660 2732 pronuntiant.
708 2687 768 2740 qui
790 2686 906 2721 statim
931 2687 1055 2732 legatis
1080 2687 1124 2722 ad
1149 2685 1346 2720 Heraclium
1379 2685 1493 2720 missis
1519 2698 1660 2722 munera
1685 2685 1732 2721 ad

283 2743 360 2767 eum
392 2731 593 2779 placandum
628 2731 763 2767 obtuht.
811 2733 946 2767 addidit
978 2733 1121 2779 insuper
1145 2731 1285 2776 literas,
1319 2731 1445 2776 quibus
1467 2732 1671 2768 hortabatur
1690 2734 1734 2765 ut

281 2779 382 2812 ambo
405 2778 554 2813 invicem
579 2778 728 2825 imperia
747 2778 999 2823 coniungerent
1026 2785 1063 2814 et
1088 2789 1254 2813 concessa
1277 2789 1299 2812 a
1325 2779 1389 2812 deo
1411 2789 1499 2823 pace
1521 2780 1732 2820 fruerentur,

283 2835 326 2859 ea
347 2823 425 2870 lege
448 2829 489 2860 ut
513 2829 695 2871 utrumque
720 2824 793 2860 suis
815 2835 855 2860 se
876 2825 1001 2861 finibus
1025 2824 1232 2861 contineret.
1279 2824 1325 2859 ad
1353 2823 1442 2859 haec
1469 2824 1653 2861 Heraclius
1673 2833 1734 2858 re—
