1890 3224
409 173 484 216 DE
516 171 902 216 EXPEDITIONE
934 170 1160 218 PERSICA
1193 172 1312 219 ACR.
1347 173 1422 219 [Π.
1578 176 1640 222 35

403 288 470 329 καὶ
493 287 565 342 τὴν
583 287 625 329 ἓν
645 285 783 338 αὐτοῖς
800 287 1006 343 ἐκπλαγεὶς
1025 287 1234 344 ἀτολμίαν,

404 355 564 409 βλέπων
583 373 625 398 τε
646 356 793 412 πικρὰς
816 357 982 406 ἐλπίδας
1003 357 1104 414 παρ’
1131 359 1287 410 ἓλπίδα,

406 423 526 466 πάλιν
548 424 648 480 πρὸς
666 422 775 478 ἡμᾶς
791 423 1058 482 ἄντανήρχετο
1080 425 1233 485 δρόμῳ,

406 494 472 534 καὶ
492 492 551 546 μὴ
575 491 760 548 φυλάξας
779 492 848 534 τὸν
869 492 1002 548 λόγον,
1032 493 1101 535 τὸν
1124 495 1196 537 σὸν
1215 493 1333 551 λόγον

291 569 371 608 170
406 561 563 614 ἕτοιμον
581 558 729 617 εὗρῶν,
764 561 885 611 ὀξέως
905 559 1094 613 ἐσώζετο·

406 628 534 678 οὕτως
553 627 733 679 ἅπαντας
754 631 819 671 καὶ
840 630 1054 687 τρέχοντας
1072 632 1275 689 προσδὲχῃ

405 699 471 738 καὶ
489 697 547 751 μὴ
572 698 786 755 τρέχοντας
802 699 858 748 εἷς
876 698 922 740 τὸ
944 697 1082 750 σώζειν
1107 700 1248 757 ἐκδέχῃ

405 766 551 815 ἐκεῖνος
569 764 664 819 ἡμῖν
684 771 817 808 πᾶσαν
836 766 1120 823 ἦκριβωμένως

403 837 483 875 τῶν
502 832 726 890 βαρβάρων
745 835 869 884 ἐξεῖπε
892 834 966 888 τὴν
987 834 1202 888 ἄταλμιάν,

289 905 368 944 175
403 902 474 942 καί
488 917 565 942 που
588 901 663 943 σὺν
684 901 821 951 αὐτοῖς
843 907 927 951 τοῖς
943 900 1078 957 λόγοις
1097 902 1296 957 ἐπηύξατο

401 967 506 1010 οὕτω
529 969 597 1011 διὰ
617 969 756 1019 τέλους
775 969 871 1020 τοὺς
887 970 1089 1020 ἐναντίους
1107 972 1266 1023 βλέπειν

402 1036 458 1087 ὡς
478 1039 575 1079 εἰσὶν
596 1036 687 1094 ἄρτι
708 1036 853 1088 πάντες
871 1038 1120 1093 ἐπτοημένοι.

450 1103 500 1148 Ὁ
516 1103 730 1164 βάρβαρος
748 1107 791 1148 δὲ
808 1111 1017 1161 πανταχοῦ
1035 1103 1298 1159 κλονούμενος

402 1172 530 1215 δεινόν
549 1191 587 1216 τι
604 1168 758 1228 τολμᾶν
777 1175 818 1216 ἐκ
837 1176 933 1228 βίας
948 1173 1204 1228 βουλεύεται·
1221 1217 1228 1223 ,

286 1243 367 1282 180
404 1240 484 1284 οῗδε
503 1242 580 1300 γὰρ
602 1241 658 1292 ὥς
674 1243 727 1285 τὰ
744 1243 875 1284 πολλὰ
895 1245 960 1285 καὶ
983 1245 1214 1300 περίστασις

401 1310 453 1351 τὰ
476 1310 585 1352 δεινὰ
605 1312 748 1353 τίκτειν
764 1312 806 1352 ἐκ
825 1312 940 1361 δέους
956 1310 1231 1365 βουλεύματα.

401 1380 467 1420 καὶ
492 1378 543 1433 δὴ
564 1379 658 1421 κατ’
685 1379 806 1422 αὗτόν
827 1383 900 1434 τῆς
920 1377 1095 1435 ἀνάγκης
1117 1379 1187 1421 τὸν
1206 1377 1353 1436 χρόνον

401 1446 511 1503 ὥραν
530 1445 736 1503 φυλάξας,
773 1446 828 1497 ὥς
846 1447 999 1499 ἔδοξεν,
1034 1447 1215 1498 εὔθετον,

402 1513 466 1557 ὅτε
489 1514 706 1570 προκύψας
723 1516 766 1557 ἐκ
785 1514 950 1569 βάθους
966 1513 1176 1573 ἑωσφόρος

286 1581 364 1624 185
399 1581 552 1639 πρόεισι
573 1584 759 1640 λαμπρὸς
778 1583 943 1639 ἅγγελος
959 1588 1032 1638 τῆς
1051 1582 1206 1640 ἡμέρας
1214 1615 1228 1635 ,

401 1653 457 1700 εἷς
473 1658 578 1708 τρεῖς
597 1653 671 1706 μὲν
695 1653 787 1710 ἱστᾷ
805 1651 874 1694 τὸν
890 1652 1065 1708 στρατὸν
1085 1652 1316 1708 διαιρέσεις,

399 1718 686 1776 ἀντιπρόσωπα
705 1724 762 1777 τῷ
781 1722 910 1762 δοκεῖν
928 1720 979 1761 τὰ
999 1718 1188 1775 τάγματα

398 1794 486 1836 ταῖς
504 1794 595 1836 σαῖς
615 1786 790 1844 φάλαγξι
807 1788 882 1829 σὺν
903 1786 1009 1844 δόλῳ
1026 1786 1263 1841 ποιούμενος
1272 1819 1286 1838 ,

399 1855 472 1909 τὴν
493 1855 657 1911 ἐκλογὴν
679 1855 722 1897 δὲ
744 1859 820 1897 σοῦ
840 1859 1016 1911 στρατοῦ
1036 1853 1296 1911 συναρμόσας

286 1928 366 1967 190
400 1922 574 1979 ἔκρυψεν
596 1922 745 1973 αὐτοὺς
760 1927 841 1965 τῶν
861 1921 1080 1980 φαράγγων
1099 1924 1140 1965 ἓν
1161 1923 1272 1983 μέσῳ
1281 1954 1297 1974 ,

399 1990 508 2041 ὅπως
527 1992 683 2035 ἐκείνων
702 1992 944 2049 ε’κραγέντων
967 1992 1010 2034 ἐκ
1030 1989 1194 2046 βάθους

273 2132 340 2168 170
360 2130 495 2177 ἔτυμον
515 2133 546 2169 P

182 2255 293 2289 animo
319 2261 459 2302 stupens
483 2257 716 2301 observasset,
757 2258 877 2294 videns
903 2261 974 2292 tam
1000 2257 1141 2302 exiguas
1164 2256 1211 2291 ibi
1235 2267 1313 2302 spes
1337 2266 1412 2289 esse
1437 2255 1523 2290 citra
1548 2267 1642 2301 spem

181 2313 298 2335 rursus
323 2302 367 2335 ad
390 2314 452 2336 nos
476 2314 514 2337 se
536 2304 667 2349 recepit
690 2316 861 2350 propere3
891 2309 926 2338 et
941 2315 1015 2337 cum
1030 2316 1125 2338 suam
1140 2314 1206 2337 non
1221 2306 1392 2336 servasset
1406 2301 1504 2336 fidem
1517 2327 1528 2344 ‚
1550 2307 1644 2336 tuam

182 2348 286 2391 (170)
305 2353 489 2393 promptam
505 2350 676 2383 inveniens
690 2356 845 2384 servatus
862 2355 915 2383 est
929 2349 1031 2384 illico.
1077 2350 1127 2383 sic
1143 2360 1256 2382 omnes
1270 2353 1487 2382 accurrentes
1503 2348 1644 2392 excipis,

183 2404 251 2426 non
267 2401 485 2427 accurrentes
500 2394 545 2428 ad
560 2396 701 2428 salutem
717 2401 909 2441 exspectas.
954 2396 1012 2429 ille
1036 2395 1133 2429 nobis
1157 2406 1285 2428 omnem
1308 2393 1500 2427 accuratius
1518 2394 1645 2427 barba-

182 2449 299 2472 rorum
313 2440 482 2472 enarravit
496 2440 691 2474 socordiam.
741 2442 844 2486 (175)
867 2452 907 2474 ac
922 2441 1036 2475 forsan
1051 2440 1162 2475 medio
1177 2440 1210 2473 in
1226 2451 1380 2473 sermone
1395 2443 1553 2484 precatus
1570 2444 1642 2473 est:

184 2483 311 2517 utinam
324 2484 372 2517 ita
386 2497 519 2530 semper
534 2485 682 2519 inimicos
697 2486 849 2528 videam,
883 2490 921 2520 ut
942 2491 1020 2520 sunt
1035 2498 1123 2520 nunc
1139 2497 1254 2520 omnes
1270 2485 1316 2518 issi
1332 2485 1560 2518 consternati!
1607 2489 1645 2517 at

184 2528 350 2563 barbarus
379 2530 414 2563 in
444 2542 572 2564 summa
600 2543 711 2565 rerum
742 2532 966 2577 trepidatione
994 2532 1074 2576 quid
1100 2532 1205 2565 triste*
1226 2530 1334 2564 animo
1365 2530 1472 2564 moliri
1496 2530 1642 2574 cogitur.

186 2575 290 2618 (180)
311 2575 399 2609 solet
412 2576 497 2610 enim
507 2604 518 2621 ‚
550 2584 587 2610 ut
601 2589 703 2622 saepe
718 2578 776 2620 fit,
803 2589 927 2622 urgens
941 2578 1128 2611 necessitas
1145 2587 1266 2620 magna
1279 2586 1400 2620 parere
1414 2576 1503 2609 inter
1518 2581 1642 2608 metum

187 2619 338 2656 consilia.
384 2621 450 2655 iam
468 2634 555 2656 -vero
577 2622 726 2657 instante
749 2622 960 2657 necessitatis
983 2628 1159 2668 tempore,
1196 2627 1299 2666 atque
1324 2622 1408 2654 hora
1433 2625 1640 2666 exspectata,

188 2675 277 2709 quae
291 2665 366 2699 visa
381 2671 436 2700 est
450 2668 681 2713 opportunior,
698 2669 830 2714 quando
846 2679 1020 2712 emergens
1036 2680 1056 2701 e
1071 2667 1238 2712 profundo
1251 2666 1390 2700 Lucifer
1406 2667 1511 2711 (185)
1528 2665 1642 2710 prodit

188 2710 383 2754 splendidus
398 2713 534 2746 nuntius
549 2713 628 2756 diei,
644 2714 677 2747 in
693 2719 764 2749 tres
780 2714 913 2759 quidem
930 2718 1044 2758 partes
1059 2713 1181 2746 dividit
1194 2712 1389 2754 exercitum,
1407 2712 1457 2745 ita
1471 2717 1510 2744 ut
1523 2713 1640 2744 fronte

190 2755 368 2800 oppositae
382 2757 578 2792 viderentur
593 2759 685 2798 acies
698 2760 766 2794 tuis
780 2760 1019 2805 phalangibus;
1042 2758 1132 2803 quod
1148 2759 1273 2791 factum
1291 2757 1381 2791 dolo.
1403 2769 1424 2791 a
1439 2760 1513 2790 toto
1529 2760 1640 2789 autem

189 2801 341 2836 exercitu
363 2801 515 2838 delectos
537 2803 659 2839 milites
686 2806 788 2851 (190)
809 2806 983 2840 anfractus
1004 2804 1094 2838 inter
1120 2802 1246 2838 medios
1267 2802 1474 2846 occultavit,
1503 2806 1542 2834 ut
1556 2801 1639 2846 ipsis
