<?xml version="1.0" encoding="UTF-8"?>
<!DOCTYPE html PUBLIC "-//W3C//DTD XHTML 1.0 Transitional//EN"
    "http://www.w3.org/TR/xhtml1/DTD/xhtml1-transitional.dtd">
<html xmlns="http://www.w3.org/1999/xhtml" xml:lang="en" lang="en">
 <head>
  <title>
</title>
<meta http-equiv="Content-Type" content="text/html;charset=utf-8" />
  <meta name='ocr-system' content='tesseract 3.04.00' />
  <meta name='ocr-capabilities' content='ocr_page ocr_carea ocr_par ocr_line ocrx_word'/>
</head>
<body>
  <div class='ocr_page' id='page_1' title='image "./corpusscriptorum42niebuoft/corpusscriptorum42niebuoft_0395.png"; bbox 0 0 1890 3224; ppageno 0'>
   <div class='ocr_carea' id='block_1_1' title="bbox 762 179 1658 231">
    <p class='ocr_par' dir='ltr' id='par_1_1' title="bbox 762 179 1658 231">
     <span class='ocr_line' id='line_1_1' title="bbox 762 179 1658 231; baseline -0.006 0"><span class='ocrx_word' id='word_1_1' title='bbox 762 187 1034 231; x_wconf 83' lang='lat' dir='ltr'><strong>ACROASIN</strong></span> <span class='ocrx_word' id='word_1_2' title='bbox 1068 186 1102 229; x_wconf 90' lang='grc' dir='ltr'><strong>Ι.</strong></span> <span class='ocrx_word' id='word_1_3' title='bbox 1547 179 1658 227; x_wconf 84' lang='grc'>,147</span> 
     </span>
    </p>
   </div>
   <div class='ocr_carea' id='block_1_2' title="bbox 199 292 1665 1032">
    <p class='ocr_par' dir='ltr' id='par_1_2' title="bbox 201 292 1660 637">
     <span class='ocr_line' id='line_1_2' title="bbox 203 292 1659 364; baseline -0.008 -23"><span class='ocrx_word' id='word_1_4' title='bbox 203 307 430 354; x_wconf 85' lang='lat' dir='ltr'>spurcarent</span> <span class='ocrx_word' id='word_1_5' title='bbox 457 301 604 353; x_wconf 65' lang='lat' dir='ltr'>sputis-⁸,</span> <span class='ocrx_word' id='word_1_6' title='bbox 651 299 878 338; x_wconf 75' lang='lat' dir='ltr'>Mei-dasem</span> <span class='ocrx_word' id='word_1_7' title='bbox 904 300 989 337; x_wconf 79' lang='lat' dir='ltr'>eius</span> <span class='ocrx_word' id='word_1_8' title='bbox 1023 298 1170 346; x_wconf 82' lang='lat' dir='ltr'>filium,</span> <span class='ocrx_word' id='word_1_9' title='bbox 1211 308 1332 364; x_wconf 80' lang='lat' dir='ltr'>quem</span> <span class='ocrx_word' id='word_1_10' title='bbox 1364 292 1559 334; x_wconf 82' lang='lat' dir='ltr'>chosroes</span> <span class='ocrx_word' id='word_1_11' title='bbox 1588 306 1659 344; x_wconf 85' lang='lat' dir='ltr'>pro</span> 
     </span>
     <span class='ocr_line' id='line_1_3' title="bbox 203 355 1659 409; baseline -0.007 -13"><span class='ocrx_word' id='word_1_12' title='bbox 203 361 317 397; x_wconf 88' lang='lat' dir='ltr'>Siroa</span> <span class='ocrx_word' id='word_1_13' title='bbox 345 360 387 395; x_wconf 91' lang='lat' dir='ltr'>iu</span> <span class='ocrx_word' id='word_1_14' title='bbox 415 371 551 409; x_wconf 86' lang='lat' dir='ltr'>regem</span> <span class='ocrx_word' id='word_1_15' title='bbox 579 360 756 396; x_wconf 85' lang='lat' dir='ltr'>coronari</span> <span class='ocrx_word' id='word_1_16' title='bbox 782 358 984 405; x_wconf 79' lang='lat' dir='ltr'>voluerat,</span> <span class='ocrx_word' id='word_1_17' title='bbox 1025 355 1192 393; x_wconf 86' lang='lat' dir='ltr'>interfici</span> <span class='ocrx_word' id='word_1_18' title='bbox 1219 355 1402 402; x_wconf 85' lang='lat' dir='ltr'>iussisse,</span> <span class='ocrx_word' id='word_1_19' title='bbox 1442 362 1659 402; x_wconf 88' lang='lat' dir='ltr'>omnesque</span> 
     </span>
     <span class='ocr_line' id='line_1_4' title="bbox 203 405 1660 468; baseline -0.003 -15"><span class='ocrx_word' id='word_1_20' title='bbox 203 417 376 468; x_wconf 84' lang='lat' dir='ltr'>reliquos</span> <span class='ocrx_word' id='word_1_21' title='bbox 398 417 483 453; x_wconf 89' lang='lat' dir='ltr'>eius</span> <span class='ocrx_word' id='word_1_22' title='bbox 502 416 649 453; x_wconf 88' lang='lat' dir='ltr'>liberos</span> <span class='ocrx_word' id='word_1_23' title='bbox 670 429 691 452; x_wconf 91' lang='lat' dir='ltr'>e</span> <span class='ocrx_word' id='word_1_24' title='bbox 712 414 847 453; x_wconf 88' lang='lat' dir='ltr'>medio</span> <span class='ocrx_word' id='word_1_25' title='bbox 870 414 958 451; x_wconf 84' lang='lat' dir='ltr'>tolli</span> <span class='ocrx_word' id='word_1_26' title='bbox 981 411 1207 450; x_wconf 84' lang='lat' dir='ltr'><strong>mandasse.</strong></span> <span class='ocrx_word' id='word_1_27' title='bbox 1265 410 1310 452; x_wconf 79' lang='grc' dir='ltr'>ἐν</span> <span class='ocrx_word' id='word_1_28' title='bbox 1342 409 1460 451; x_wconf 82' lang='grc' dir='ltr'><strong><em>πέντε</em></strong></span> <span class='ocrx_word' id='word_1_29' title='bbox 1490 406 1534 449; x_wconf 79' lang='grc' dir='ltr'>δὲ</span> <span class='ocrx_word' id='word_1_30' title='bbox 1560 405 1660 460; x_wconf 78' lang='grc' dir='ltr'>ἦμέ-</span> 
     </span>
     <span class='ocr_line' id='line_1_5' title="bbox 203 461 1658 526; baseline -0.006 -14"><span class='ocrx_word' id='word_1_31' title='bbox 203 488 294 526; x_wconf 83' lang='grc' dir='ltr'><strong><em>ραις</em></strong></span> <span class='ocrx_word' id='word_1_32' title='bbox 309 475 427 513; x_wconf 81' lang='grc' dir='ltr'><strong><em>τοῦτο</em></strong></span> <span class='ocrx_word' id='word_1_33' title='bbox 446 469 706 523; x_wconf 78' lang='grc' dir='ltr'><strong><em>ποιήσαντες,</em></strong></span> <span class='ocrx_word' id='word_1_34' title='bbox 737 471 937 513; x_wconf 78' lang='grc' dir='ltr'><strong><em>ἐκέλευσεν</em></strong></span> <span class='ocrx_word' id='word_1_35' title='bbox 966 486 986 511; x_wconf 95' lang='grc' dir='ltr'><strong>ο</strong></span> <span class='ocrx_word' id='word_1_36' title='bbox 1011 465 1158 521; x_wconf 84' lang='grc' dir='ltr'><strong><em>Σιροης</em></strong></span> <span class='ocrx_word' id='word_1_37' title='bbox 1176 471 1320 510; x_wconf 82' lang='grc' dir='ltr'><strong><em>τοῦτον</em></strong></span> <span class='ocrx_word' id='word_1_38' title='bbox 1339 464 1468 516; x_wconf 75' lang='grc' dir='ltr'><em>τόξοις</em></span> <span class='ocrx_word' id='word_1_39' title='bbox 1490 461 1658 514; x_wconf 80' lang='grc' dir='ltr'><strong><em>ανελεῖν,</em></strong></span> 
     </span>
     <span class='ocr_line' id='line_1_6' title="bbox 202 517 1661 582; baseline -0.006 -12"><span class='ocrx_word' id='word_1_40' title='bbox 202 529 271 570; x_wconf 83' lang='grc' dir='ltr'>καὶ</span> <span class='ocrx_word' id='word_1_41' title='bbox 301 544 428 578; x_wconf 85' lang='grc' dir='ltr'><strong><em>ουτως</em></strong></span> <span class='ocrx_word' id='word_1_42' title='bbox 452 544 552 569; x_wconf 82' lang='grc' dir='ltr'><strong>κατα</strong></span> <span class='ocrx_word' id='word_1_43' title='bbox 582 525 727 582; x_wconf 77' lang='grc' dir='ltr'><strong><em>μικρὸν</em></strong></span> <span class='ocrx_word' id='word_1_44' title='bbox 755 528 800 570; x_wconf 79' lang='grc' dir='ltr'>ἐν</span> <span class='ocrx_word' id='word_1_45' title='bbox 822 528 971 575; x_wconf 79' lang='grc' dir='ltr'><strong><em>δείνοις</em></strong></span> <span class='ocrx_word' id='word_1_46' title='bbox 998 526 1204 580; x_wconf 81' lang='grc' dir='ltr'><strong><em>παρέδωκε</em></strong></span> <span class='ocrx_word' id='word_1_47' title='bbox 1231 523 1306 578; x_wconf 74' lang='grc' dir='ltr'>τήν</span> <span class='ocrx_word' id='word_1_48' title='bbox 1330 519 1515 577; x_wconf 74' lang='grc' dir='ltr'><strong><em>πονηρὰν</em></strong></span> <span class='ocrx_word' id='word_1_49' title='bbox 1534 517 1661 562; x_wconf 70' lang='grc' dir='ltr'><strong><em>αὐτοῦ</em></strong></span> 
     </span>
     <span class='ocr_line' id='line_1_7' title="bbox 201 595 356 637; baseline 0.007 -12"><span class='ocrx_word' id='word_1_50' title='bbox 201 595 264 637; x_wconf 81' lang='grc' dir='ltr'>ψυ</span> <span class='ocrx_word' id='word_1_51' title='bbox 318 602 356 626; x_wconf 89' lang='grc' dir='ltr'>ν.</span> 
     </span>
    </p>

    <p class='ocr_par' dir='ltr' id='par_1_3' title="bbox 199 583 1665 1032">
     <span class='ocr_line' id='line_1_8' title="bbox 265 583 1665 690; baseline -0.007 -9"><span class='ocrx_word' id='word_1_52' title='bbox 265 583 386 683; x_wconf 71' lang='grc' dir='ltr'><strong>χή65.</strong></span> <span class='ocrx_word' id='word_1_53' title='bbox 444 643 664 679; x_wconf 86' lang='lat' dir='ltr'>Homerum</span> <span class='ocrx_word' id='word_1_54' title='bbox 685 648 822 679; x_wconf 92' lang='lat' dir='ltr'>monet</span> <span class='ocrx_word' id='word_1_55' title='bbox 841 653 892 677; x_wconf 89' lang='lat' dir='ltr'>ne</span> <span class='ocrx_word' id='word_1_56' title='bbox 911 640 1125 677; x_wconf 79' lang='lat' dir='ltr'>Herculem</span> <span class='ocrx_word' id='word_1_57' title='bbox 1145 639 1194 677; x_wconf 94' lang='lat' dir='ltr'>ob</span> <span class='ocrx_word' id='word_1_58' title='bbox 1213 638 1414 690; x_wconf 87' lang='lat' dir='ltr'>praeclara</span> <span class='ocrx_word' id='word_1_59' title='bbox 1434 642 1544 687; x_wconf 90' lang='lat' dir='ltr'>gesta</span> <span class='ocrx_word' id='word_1_60' title='bbox 1561 635 1665 672; x_wconf 86' lang='lat' dir='ltr'>inter</span> 
     </span>
     <span class='ocr_line' id='line_1_9' title="bbox 203 691 1664 747; baseline -0.007 -10"><span class='ocrx_word' id='word_1_61' title='bbox 203 699 297 737; x_wconf 91' lang='lat' dir='ltr'>deos</span> <span class='ocrx_word' id='word_1_62' title='bbox 327 705 554 747; x_wconf 84' lang='lat' dir='ltr'>recenseat,</span> <span class='ocrx_word' id='word_1_63' title='bbox 584 711 635 735; x_wconf 90' lang='lat' dir='ltr'>ne</span> <span class='ocrx_word' id='word_1_64' title='bbox 669 697 860 735; x_wconf 78' lang='lat' dir='ltr'>ridiculus</span> <span class='ocrx_word' id='word_1_65' title='bbox 889 696 1045 745; x_wconf 79' lang='lat' dir='ltr'>audiat,</span> <span class='ocrx_word' id='word_1_66' title='bbox 1077 704 1116 734; x_wconf 90' lang='lat' dir='ltr'>et</span> <span class='ocrx_word' id='word_1_67' title='bbox 1139 691 1393 742; x_wconf 70' lang='grc' dir='ltr'><strong><em>ἀποθεώσεις</em></strong></span> <span class='ocrx_word' id='word_1_68' title='bbox 1412 706 1510 747; x_wconf 91' lang='lat' dir='ltr'>quas</span> <span class='ocrx_word' id='word_1_69' title='bbox 1531 696 1664 728; x_wconf 84' lang='lat' dir='ltr'>narrat</span> 
     </span>
     <span class='ocr_line' id='line_1_10' title="bbox 201 749 1662 806; baseline -0.006 -13"><span class='ocrx_word' id='word_1_70' title='bbox 201 757 406 794; x_wconf 83' lang='lat' dir='ltr'>vilescant.</span> <span class='ocrx_word' id='word_1_71' title='bbox 466 767 511 792; x_wconf 88' lang='lat' dir='ltr'>ac</span> <span class='ocrx_word' id='word_1_72' title='bbox 526 756 569 791; x_wconf 90' lang='lat' dir='ltr'>ni</span> <span class='ocrx_word' id='word_1_73' title='bbox 587 755 705 792; x_wconf 89' lang='lat' dir='ltr'>fallor</span> <span class='ocrx_word' id='word_1_74' title='bbox 725 755 884 806; x_wconf 88' lang='lat' dir='ltr'>respicit</span> <span class='ocrx_word' id='word_1_75' title='bbox 905 753 956 791; x_wconf 88' lang='lat' dir='ltr'>ad</span> <span class='ocrx_word' id='word_1_76' title='bbox 977 755 1111 791; x_wconf 88' lang='lat' dir='ltr'>locum</span> <span class='ocrx_word' id='word_1_77' title='bbox 1130 752 1344 804; x_wconf 85' lang='lat' dir='ltr'>Odysseae,</span> <span class='ocrx_word' id='word_1_78' title='bbox 1374 753 1417 788; x_wconf 90' lang='lat' dir='ltr'>in</span> <span class='ocrx_word' id='word_1_79' title='bbox 1439 762 1519 802; x_wconf 91' lang='lat' dir='ltr'>quo</span> <span class='ocrx_word' id='word_1_80' title='bbox 1539 749 1662 799; x_wconf 86' lang='lat' dir='ltr'>Ulys-</span> 
     </span>
     <span class='ocr_line' id='line_1_11' title="bbox 201 807 1663 862; baseline -0.001 -12"><span class='ocrx_word' id='word_1_81' title='bbox 201 826 288 851; x_wconf 86' lang='lat' dir='ltr'>sem</span> <span class='ocrx_word' id='word_1_82' title='bbox 308 813 364 848; x_wconf 91' lang='lat' dir='ltr'>ait</span> <span class='ocrx_word' id='word_1_83' title='bbox 381 813 582 849; x_wconf 86' lang='lat' dir='ltr'>invenisse</span> <span class='ocrx_word' id='word_1_84' title='bbox 607 810 715 862; x_wconf 83' lang='lat' dir='ltr'>apud</span> <span class='ocrx_word' id='word_1_85' title='bbox 736 812 886 848; x_wconf 88' lang='lat' dir='ltr'>inferos</span> <span class='ocrx_word' id='word_1_86' title='bbox 906 811 1087 848; x_wconf 81' lang='lat' dir='ltr'>Herculis</span> <span class='ocrx_word' id='word_1_87' title='bbox 1107 809 1261 847; x_wconf 89' lang='lat' dir='ltr'>idolum</span> <span class='ocrx_word' id='word_1_88' title='bbox 1274 838 1285 857; x_wconf 92' lang='lat'>‚</span> <span class='ocrx_word' id='word_1_89' title='bbox 1320 810 1367 848; x_wconf 88' lang='lat'>11</span> <span class='ocrx_word' id='word_1_90' title='bbox 1400 807 1496 848; x_wconf 84' lang='lat'><strong>600·</strong></span> <span class='ocrx_word' id='word_1_91' title='bbox 1556 811 1663 842; x_wconf 68' lang='lat'><strong>0818-</strong></span> 
     </span>
     <span class='ocr_line' id='line_1_12' title="bbox 202 862 1663 918; baseline -0.006 -12"><span class='ocrx_word' id='word_1_92' title='bbox 202 882 290 906; x_wconf 86' lang='lat' dir='ltr'>rum</span> <span class='ocrx_word' id='word_1_93' title='bbox 318 867 367 905; x_wconf 92' lang='lat' dir='ltr'>de</span> <span class='ocrx_word' id='word_1_94' title='bbox 393 881 504 905; x_wconf 89' lang='lat' dir='ltr'>more</span> <span class='ocrx_word' id='word_1_95' title='bbox 522 866 665 905; x_wconf 90' lang='lat' dir='ltr'>ludens</span> <span class='ocrx_word' id='word_1_96' title='bbox 682 872 799 918; x_wconf 68' lang='lat' dir='ltr'>poeta</span> <span class='ocrx_word' id='word_1_97' title='bbox 822 869 864 904; x_wconf 90' lang='lat' dir='ltr'>in</span> <span class='ocrx_word' id='word_1_98' title='bbox 883 868 1067 915; x_wconf 83' lang='lat' dir='ltr'>vocibus,</span> <span class='ocrx_word' id='word_1_99' title='bbox 1098 867 1148 905; x_wconf 94' lang='lat' dir='ltr'>ob</span> <span class='ocrx_word' id='word_1_100' title='bbox 1170 863 1473 904; x_wconf 85' lang='lat' dir='ltr'>similitudinem</span> <span class='ocrx_word' id='word_1_101' title='bbox 1488 862 1663 900; x_wconf 89' lang='lat' dir='ltr'>nominis</span> 
     </span>
     <span class='ocr_line' id='line_1_13' title="bbox 201 918 1662 975; baseline -0.005 -13"><span class='ocrx_word' id='word_1_102' title='bbox 201 925 374 963; x_wconf 88' lang='lat' dir='ltr'>Heraclii</span> <span class='ocrx_word' id='word_1_103' title='bbox 404 938 495 961; x_wconf 92' lang='lat' dir='ltr'>cum</span> <span class='ocrx_word' id='word_1_104' title='bbox 523 925 716 972; x_wconf 87' lang='lat' dir='ltr'>Hercule,</span> <span class='ocrx_word' id='word_1_105' title='bbox 762 924 1011 975; x_wconf 86' lang='lat' dir='ltr'>imperatoris</span> <span class='ocrx_word' id='word_1_106' title='bbox 1048 930 1159 974; x_wconf 85' lang='lat' dir='ltr'>gesta</span> <span class='ocrx_word' id='word_1_107' title='bbox 1187 924 1307 972; x_wconf 87' lang='lat' dir='ltr'>longe</span> <span class='ocrx_word' id='word_1_108' title='bbox 1334 918 1593 972; x_wconf 86' lang='lat' dir='ltr'>praeferenda</span> <span class='ocrx_word' id='word_1_109' title='bbox 1622 925 1662 955; x_wconf 92' lang='lat' dir='ltr'>et</span> 
     </span>
     <span class='ocr_line' id='line_1_14' title="bbox 199 978 1662 1032; baseline -0.005 -13"><span class='ocrx_word' id='word_1_110' title='bbox 199 982 498 1019; x_wconf 79' lang='lat' dir='ltr'>iimnortalitate</span> <span class='ocrx_word' id='word_1_111' title='bbox 525 979 644 1019; x_wconf 81' lang='lat' dir='ltr'>valde</span> <span class='ocrx_word' id='word_1_112' title='bbox 670 979 853 1031; x_wconf 78' lang='lat' dir='ltr'>digniora</span> <span class='ocrx_word' id='word_1_113' title='bbox 877 993 963 1018; x_wconf 90' lang='lat' dir='ltr'>esse</span> <span class='ocrx_word' id='word_1_114' title='bbox 987 992 1108 1032; x_wconf 88' lang='lat' dir='ltr'>quam</span> <span class='ocrx_word' id='word_1_115' title='bbox 1129 980 1311 1017; x_wconf 85' lang='lat' dir='ltr'>Herculis</span> <span class='ocrx_word' id='word_1_116' title='bbox 1331 978 1547 1016; x_wconf 88' lang='lat' dir='ltr'>certamina</span> <span class='ocrx_word' id='word_1_117' title='bbox 1565 988 1662 1014; x_wconf 89' lang='lat' dir='ltr'>cou-</span> 
     </span>
    </p>
   </div>
   <div class='ocr_carea' id='block_1_3' title="bbox 198 1037 1662 1145">
    <p class='ocr_par' dir='ltr' id='par_1_4' title="bbox 198 1037 1662 1145">
     <span class='ocr_line' id='line_1_15' title="bbox 198 1037 1662 1145; baseline -0.005 -11"><span class='ocrx_word' id='word_1_118' title='bbox 198 1037 383 1135; x_wconf 49' lang='grc' dir='ltr'>ἵειΙόΗέἸ-</span> <span class='ocrx_word' id='word_1_119' title='bbox 441 1106 535 1144; x_wconf 87' lang='lat' dir='ltr'>prae</span> <span class='ocrx_word' id='word_1_120' title='bbox 565 1093 704 1131; x_wconf 86' lang='lat' dir='ltr'>ceteris</span> <span class='ocrx_word' id='word_1_121' title='bbox 731 1093 881 1144; x_wconf 70' lang='lat' dir='ltr'>poetis,</span> <span class='ocrx_word' id='word_1_122' title='bbox 924 1093 994 1145; x_wconf 89' lang='lat' dir='ltr'>qui</span> <span class='ocrx_word' id='word_1_123' title='bbox 1018 1092 1202 1130; x_wconf 84' lang='lat' dir='ltr'>Herculis</span> <span class='ocrx_word' id='word_1_124' title='bbox 1232 1091 1389 1129; x_wconf 87' lang='lat' dir='ltr'>labores</span> <span class='ocrx_word' id='word_1_125' title='bbox 1422 1088 1662 1139; x_wconf 87' lang='lat' dir='ltr'>describunt,</span> 
     </span>
    </p>
   </div>
   <div class='ocr_carea' id='block_1_4' title="bbox 198 1148 1664 1823">
    <p class='ocr_par' dir='ltr' id='par_1_5' title="bbox 201 1148 1663 1311">
     <span class='ocr_line' id='line_1_16' title="bbox 203 1148 1663 1200; baseline -0.004 -10"><span class='ocrx_word' id='word_1_126' title='bbox 203 1148 469 1190; x_wconf 90' lang='lat' dir='ltr'>consulendus</span> <span class='ocrx_word' id='word_1_127' title='bbox 487 1152 694 1188; x_wconf 84' lang='lat' dir='ltr'>Lucretius</span> <span class='ocrx_word' id='word_1_128' title='bbox 715 1149 785 1186; x_wconf 69' lang='lat' dir='ltr'>lib.</span> <span class='ocrx_word' id='word_1_129' title='bbox 806 1151 832 1191; x_wconf 88' lang='lat'><strong><em>5</em></strong></span> <span class='ocrx_word' id='word_1_130' title='bbox 851 1151 894 1187; x_wconf 86' lang='lat' dir='ltr'>in</span> <span class='ocrx_word' id='word_1_131' title='bbox 901 1150 1037 1200; x_wconf 79' lang='lat' dir='ltr'>princ.</span> <span class='ocrx_word' id='word_1_132' title='bbox 1062 1150 1127 1187; x_wconf 88' lang='lat' dir='ltr'>cui</span> <span class='ocrx_word' id='word_1_133' title='bbox 1147 1148 1244 1186; x_wconf 91' lang='lat' dir='ltr'>deus</span> <span class='ocrx_word' id='word_1_134' title='bbox 1263 1149 1334 1185; x_wconf 92' lang='lat' dir='ltr'>ille</span> <span class='ocrx_word' id='word_1_135' title='bbox 1354 1154 1434 1196; x_wconf 86' lang='lat' dir='ltr'>est,</span> <span class='ocrx_word' id='word_1_136' title='bbox 1464 1148 1554 1199; x_wconf 90' lang='lat' dir='ltr'>qui,</span> <span class='ocrx_word' id='word_1_137' title='bbox 1584 1159 1663 1199; x_wconf 88' lang='lat' dir='ltr'>qua</span> 
     </span>
     <span class='ocr_line' id='line_1_17' title="bbox 203 1203 1663 1258; baseline -0.003 -13"><span class='ocrx_word' id='word_1_138' title='bbox 203 1209 355 1245; x_wconf 86' lang='lat' dir='ltr'>ratione</span> <span class='ocrx_word' id='word_1_139' title='bbox 377 1207 533 1244; x_wconf 90' lang='lat' dir='ltr'>animus</span> <span class='ocrx_word' id='word_1_140' title='bbox 549 1207 710 1257; x_wconf 86' lang='lat' dir='ltr'>purgari</span> <span class='ocrx_word' id='word_1_141' title='bbox 727 1207 852 1257; x_wconf 87' lang='lat' dir='ltr'>possit</span> <span class='ocrx_word' id='word_1_142' title='bbox 872 1219 895 1243; x_wconf 85' lang='lat' dir='ltr'>a</span> <span class='ocrx_word' id='word_1_143' title='bbox 915 1207 1022 1244; x_wconf 81' lang='lat' dir='ltr'>vitiis</span> <span class='ocrx_word' id='word_1_144' title='bbox 1033 1235 1044 1255; x_wconf 95' lang='lat'>,</span> <span class='ocrx_word' id='word_1_145' title='bbox 1072 1218 1154 1244; x_wconf 89' lang='lat' dir='ltr'>non</span> <span class='ocrx_word' id='word_1_146' title='bbox 1172 1203 1372 1258; x_wconf 91' lang='lat' dir='ltr'>quomodo</span> <span class='ocrx_word' id='word_1_147' title='bbox 1386 1212 1491 1242; x_wconf 89' lang='lat' dir='ltr'>terra</span> <span class='ocrx_word' id='word_1_148' title='bbox 1508 1216 1531 1241; x_wconf 87' lang='lat' dir='ltr'>a</span> <span class='ocrx_word' id='word_1_149' title='bbox 1545 1217 1663 1242; x_wconf 89' lang='lat' dir='ltr'>mon-</span> 
     </span>
     <span class='ocr_line' id='line_1_18' title="bbox 201 1262 728 1311; baseline -0.008 -8"><span class='ocrx_word' id='word_1_150' title='bbox 201 1266 291 1303; x_wconf 81' lang='lat' dir='ltr'>stris</span> <span class='ocrx_word' id='word_1_151' title='bbox 315 1264 504 1311; x_wconf 82' lang='lat' dir='ltr'>liberari,</span> <span class='ocrx_word' id='word_1_152' title='bbox 537 1262 728 1300; x_wconf 84' lang='lat' dir='ltr'>docuerit.</span> 
     </span>
    </p>

    <p class='ocr_par' dir='ltr' id='par_1_6' title="bbox 199 1315 1664 1540">
     <span class='ocr_line' id='line_1_19' title="bbox 313 1315 1662 1370; baseline -0.004 -10"><span class='ocrx_word' id='word_1_153' title='bbox 313 1321 383 1362; x_wconf 89' lang='lat'>68.</span> <span class='ocrx_word' id='word_1_154' title='bbox 442 1331 583 1370; x_wconf 87' lang='lat' dir='ltr'>aprum</span> <span class='ocrx_word' id='word_1_155' title='bbox 598 1321 641 1356; x_wconf 88' lang='lat' dir='ltr'>in</span> <span class='ocrx_word' id='word_1_156' title='bbox 658 1325 794 1356; x_wconf 87' lang='lat' dir='ltr'>monte</span> <span class='ocrx_word' id='word_1_157' title='bbox 810 1315 1058 1369; x_wconf 84' lang='lat' dir='ltr'>Erymantho</span> <span class='ocrx_word' id='word_1_158' title='bbox 1075 1315 1270 1354; x_wconf 86' lang='lat' dir='ltr'>Arcadiae</span> <span class='ocrx_word' id='word_1_159' title='bbox 1287 1323 1441 1365; x_wconf 89' lang='lat' dir='ltr'>natum,</span> <span class='ocrx_word' id='word_1_160' title='bbox 1466 1318 1536 1369; x_wconf 89' lang='lat' dir='ltr'>qui</span> <span class='ocrx_word' id='word_1_161' title='bbox 1551 1316 1662 1355; x_wconf 92' lang='lat' dir='ltr'>Pho-</span> 
     </span>
     <span class='ocr_line' id='line_1_20' title="bbox 201 1372 1663 1427; baseline -0.002 -12"><span class='ocrx_word' id='word_1_162' title='bbox 201 1376 301 1415; x_wconf 90' lang='lat' dir='ltr'>cidis</span> <span class='ocrx_word' id='word_1_163' title='bbox 319 1388 460 1427; x_wconf 87' lang='lat' dir='ltr'>agrum</span> <span class='ocrx_word' id='word_1_164' title='bbox 482 1376 681 1425; x_wconf 85' lang='lat' dir='ltr'>vastabat,</span> <span class='ocrx_word' id='word_1_165' title='bbox 712 1377 890 1413; x_wconf 84' lang='lat' dir='ltr'>vinctum</span> <span class='ocrx_word' id='word_1_166' title='bbox 910 1373 961 1411; x_wconf 90' lang='lat' dir='ltr'>ad</span> <span class='ocrx_word' id='word_1_167' title='bbox 977 1372 1247 1425; x_wconf 82' lang='lat' dir='ltr'>Eurystheum</span> <span class='ocrx_word' id='word_1_168' title='bbox 1269 1372 1437 1411; x_wconf 83' lang='lat' dir='ltr'>deduxit</span> <span class='ocrx_word' id='word_1_169' title='bbox 1458 1375 1663 1423; x_wconf 87' lang='lat' dir='ltr'>Hercules,</span> 
     </span>
     <span class='ocr_line' id='line_1_21' title="bbox 200 1428 1664 1472; baseline -0.002 -1"><span class='ocrx_word' id='word_1_170' title='bbox 200 1441 241 1472; x_wconf 89' lang='lat' dir='ltr'>et</span> <span class='ocrx_word' id='word_1_171' title='bbox 266 1435 444 1471; x_wconf 86' lang='lat' dir='ltr'>Leonem</span> <span class='ocrx_word' id='word_1_172' title='bbox 470 1434 690 1470; x_wconf 84' lang='lat' dir='ltr'>Nemaeum</span> <span class='ocrx_word' id='word_1_173' title='bbox 713 1433 893 1470; x_wconf 91' lang='lat' dir='ltr'>omnium</span> <span class='ocrx_word' id='word_1_174' title='bbox 914 1438 1092 1468; x_wconf 86' lang='lat' dir='ltr'>armenta</span> <span class='ocrx_word' id='word_1_175' title='bbox 1114 1431 1218 1467; x_wconf 89' lang='lat' dir='ltr'>inter</span> <span class='ocrx_word' id='word_1_176' title='bbox 1236 1428 1468 1468; x_wconf 82' lang='lat' dir='ltr'>Phliuntem</span> <span class='ocrx_word' id='word_1_177' title='bbox 1486 1437 1526 1468; x_wconf 93' lang='lat' dir='ltr'>et</span> <span class='ocrx_word' id='word_1_178' title='bbox 1544 1431 1664 1468; x_wconf 88' lang='lat' dir='ltr'>Cleo-</span> 
     </span>
     <span class='ocr_line' id='line_1_22' title="bbox 199 1486 1444 1540; baseline -0.004 -11"><span class='ocrx_word' id='word_1_179' title='bbox 199 1503 273 1529; x_wconf 87' lang='lat' dir='ltr'>nos</span> <span class='ocrx_word' id='word_1_180' title='bbox 293 1489 554 1527; x_wconf 85' lang='lat' dir='ltr'>dilaniantem</span> <span class='ocrx_word' id='word_1_181' title='bbox 571 1488 690 1527; x_wconf 84' lang='lat' dir='ltr'>nudis</span> <span class='ocrx_word' id='word_1_182' title='bbox 706 1489 890 1526; x_wconf 85' lang='lat' dir='ltr'>manibus</span> <span class='ocrx_word' id='word_1_183' title='bbox 913 1486 1203 1540; x_wconf 89' lang='lat' dir='ltr'>apprehensum</span> <span class='ocrx_word' id='word_1_184' title='bbox 1223 1486 1444 1525; x_wconf 76' lang='lat' dir='ltr'>suffocavit.</span> 
     </span>
    </p>

    <p class='ocr_par' dir='ltr' id='par_1_7' title="bbox 198 1542 1663 1766">
     <span class='ocr_line' id='line_1_23' title="bbox 312 1542 1662 1596; baseline -0.003 -12"><span class='ocrx_word' id='word_1_185' title='bbox 312 1548 382 1588; x_wconf 92' lang='lat'>70.</span> <span class='ocrx_word' id='word_1_186' title='bbox 441 1547 674 1583; x_wconf 89' lang='lat' dir='ltr'>Heraclium</span> <span class='ocrx_word' id='word_1_187' title='bbox 697 1545 861 1582; x_wconf 90' lang='lat' dir='ltr'>Herculi</span> <span class='ocrx_word' id='word_1_188' title='bbox 884 1546 1154 1596; x_wconf 86' lang='lat' dir='ltr'>praelaturus,</span> <span class='ocrx_word' id='word_1_189' title='bbox 1185 1557 1287 1596; x_wconf 88' lang='lat' dir='ltr'>quae</span> <span class='ocrx_word' id='word_1_190' title='bbox 1307 1542 1356 1581; x_wconf 89' lang='lat' dir='ltr'>de</span> <span class='ocrx_word' id='word_1_191' title='bbox 1373 1544 1544 1581; x_wconf 83' lang='lat' dir='ltr'>Hercule</span> <span class='ocrx_word' id='word_1_192' title='bbox 1566 1556 1662 1581; x_wconf 89' lang='lat' dir='ltr'>nar-</span> 
     </span>
     <span class='ocr_line' id='line_1_24' title="bbox 201 1598 1663 1655; baseline -0.003 -14"><span class='ocrx_word' id='word_1_193' title='bbox 201 1610 355 1651; x_wconf 88' lang='lat' dir='ltr'>rantur,</span> <span class='ocrx_word' id='word_1_194' title='bbox 387 1603 551 1654; x_wconf 89' lang='lat' dir='ltr'>eiusque</span> <span class='ocrx_word' id='word_1_195' title='bbox 581 1598 859 1655; x_wconf 77' lang='grc' dir='ltr'><strong><em>κοσμορύστου</em></strong></span> <span class='ocrx_word' id='word_1_196' title='bbox 886 1602 1070 1649; x_wconf 79' lang='lat' dir='ltr'>titulum,</span> <span class='ocrx_word' id='word_1_197' title='bbox 1099 1601 1330 1651; x_wconf 88' lang='lat' dir='ltr'>imperatori</span> <span class='ocrx_word' id='word_1_198' title='bbox 1348 1601 1494 1638; x_wconf 92' lang='lat' dir='ltr'>melius</span> <span class='ocrx_word' id='word_1_199' title='bbox 1516 1613 1663 1638; x_wconf 81' lang='lat' dir='ltr'>conve-</span> 
     </span>
     <span class='ocr_line' id='line_1_25' title="bbox 198 1655 1662 1710; baseline -0.001 -13"><span class='ocrx_word' id='word_1_200' title='bbox 198 1662 284 1698; x_wconf 88' lang='lat' dir='ltr'>nire</span> <span class='ocrx_word' id='word_1_201' title='bbox 309 1657 504 1708; x_wconf 86' lang='lat' dir='ltr'>ostendit,</span> <span class='ocrx_word' id='word_1_202' title='bbox 535 1660 677 1697; x_wconf 85' lang='lat' dir='ltr'>Persas</span> <span class='ocrx_word' id='word_1_203' title='bbox 707 1670 925 1710; x_wconf 87' lang='lat' dir='ltr'>eorumque</span> <span class='ocrx_word' id='word_1_204' title='bbox 957 1670 1093 1709; x_wconf 86' lang='lat' dir='ltr'>regem</span> <span class='ocrx_word' id='word_1_205' title='bbox 1122 1655 1342 1695; x_wconf 83' lang='lat' dir='ltr'>Chosroam</span> <span class='ocrx_word' id='word_1_206' title='bbox 1371 1658 1558 1695; x_wconf 87' lang='lat' dir='ltr'>monstris</span> <span class='ocrx_word' id='word_1_207' title='bbox 1579 1664 1662 1695; x_wconf 88' lang='lat' dir='ltr'>toto</span> 
     </span>
     <span class='ocr_line' id='line_1_26' title="bbox 199 1715 1414 1766; baseline -0.002 -12"><span class='ocrx_word' id='word_1_208' title='bbox 199 1717 286 1754; x_wconf 88' lang='lat' dir='ltr'>orbi</span> <span class='ocrx_word' id='word_1_209' title='bbox 304 1723 499 1753; x_wconf 87' lang='lat' dir='ltr'>terrarum</span> <span class='ocrx_word' id='word_1_210' title='bbox 519 1716 800 1753; x_wconf 86' lang='lat' dir='ltr'>infensissimis</span> <span class='ocrx_word' id='word_1_211' title='bbox 820 1728 893 1766; x_wconf 91' lang='lat' dir='ltr'>per</span> <span class='ocrx_word' id='word_1_212' title='bbox 913 1715 1148 1765; x_wconf 84' lang='lat' dir='ltr'>allegoriam</span> <span class='ocrx_word' id='word_1_213' title='bbox 1168 1726 1414 1765; x_wconf 87' lang='lat' dir='ltr'>comparans.</span> 
     </span>
    </p>

    <p class='ocr_par' dir='ltr' id='par_1_8' title="bbox 311 1767 1664 1823">
     <span class='ocr_line' id='line_1_27' title="bbox 311 1767 1664 1823; baseline -0.002 -13"><span class='ocrx_word' id='word_1_214' title='bbox 311 1773 381 1814; x_wconf 91' lang='lat'>71.</span> <span class='ocrx_word' id='word_1_215' title='bbox 438 1771 646 1809; x_wconf 88' lang='lat' dir='ltr'>Persidem</span> <span class='ocrx_word' id='word_1_216' title='bbox 672 1784 764 1809; x_wconf 88' lang='lat' dir='ltr'>cum</span> <span class='ocrx_word' id='word_1_217' title='bbox 790 1772 928 1809; x_wconf 85' lang='lat' dir='ltr'>inferis</span> <span class='ocrx_word' id='word_1_218' title='bbox 956 1771 1128 1819; x_wconf 87' lang='lat' dir='ltr'>confert,</span> <span class='ocrx_word' id='word_1_219' title='bbox 1166 1769 1219 1807; x_wconf 90' lang='lat' dir='ltr'>ad</span> <span class='ocrx_word' id='word_1_220' title='bbox 1247 1783 1348 1823; x_wconf 86' lang='lat' dir='ltr'>quos</span> <span class='ocrx_word' id='word_1_221' title='bbox 1375 1770 1568 1808; x_wconf 89' lang='lat' dir='ltr'>Hercules</span> <span class='ocrx_word' id='word_1_222' title='bbox 1588 1767 1664 1807; x_wconf 89' lang='lat' dir='ltr'>de-</span> 
     </span>
    </p>
   </div>
   <div class='ocr_carea' id='block_1_5' title="bbox 199 1827 1663 1934">
    <p class='ocr_par' dir='ltr' id='par_1_9' title="bbox 199 1827 1663 1934">
     <span class='ocr_line' id='line_1_28' title="bbox 199 1827 559 1867; baseline -0.008 0"><span class='ocrx_word' id='word_1_223' title='bbox 199 1827 399 1867; x_wconf 84' lang='lat' dir='ltr'>scendisse</span> <span class='ocrx_word' id='word_1_224' title='bbox 420 1829 559 1865; x_wconf 83' lang='lat' dir='ltr'>fertur.</span> 
     </span>
     <span class='ocr_line' id='line_1_29' title="bbox 313 1882 1663 1934; baseline -0.002 -12"><span class='ocrx_word' id='word_1_225' title='bbox 313 1888 382 1927; x_wconf 80' lang='lat'>72.</span> <span class='ocrx_word' id='word_1_226' title='bbox 436 1885 652 1922; x_wconf 85' lang='lat' dir='ltr'>Cerberum</span> <span class='ocrx_word' id='word_1_227' title='bbox 684 1896 825 1921; x_wconf 88' lang='lat' dir='ltr'>canem</span> <span class='ocrx_word' id='word_1_228' title='bbox 858 1883 907 1920; x_wconf 85' lang='lat' dir='ltr'>ab</span> <span class='ocrx_word' id='word_1_229' title='bbox 938 1882 1076 1920; x_wconf 89' lang='lat' dir='ltr'>inferis</span> <span class='ocrx_word' id='word_1_230' title='bbox 1107 1882 1292 1920; x_wconf 88' lang='lat' dir='ltr'>abactum</span> <span class='ocrx_word' id='word_1_231' title='bbox 1315 1895 1389 1934; x_wconf 85' lang='lat' dir='ltr'>per</span> <span class='ocrx_word' id='word_1_232' title='bbox 1414 1883 1663 1920; x_wconf 82' lang='lat' dir='ltr'>Troezenem</span> 
     </span>
    </p>
   </div>
   <div class='ocr_carea' id='block_1_6' title="bbox 200 1939 1661 2048">
    <p class='ocr_par' dir='ltr' id='par_1_10' title="bbox 200 1939 1661 2048">
     <span class='ocr_line' id='line_1_30' title="bbox 200 1939 1119 1994; baseline -0.003 -15"><span class='ocrx_word' id='word_1_233' title='bbox 200 1940 253 1980; x_wconf 87' lang='lat' dir='ltr'>ad</span> <span class='ocrx_word' id='word_1_234' title='bbox 270 1939 541 1994; x_wconf 87' lang='lat' dir='ltr'>Eurystheum</span> <span class='ocrx_word' id='word_1_235' title='bbox 558 1953 686 1992; x_wconf 91' lang='lat' dir='ltr'>usque</span> <span class='ocrx_word' id='word_1_236' title='bbox 706 1939 895 1992; x_wconf 81' lang='lat' dir='ltr'>perduxit</span> <span class='ocrx_word' id='word_1_237' title='bbox 914 1940 1119 1977; x_wconf 88' lang='lat' dir='ltr'>Hercules.</span> 
     </span>
     <span class='ocr_line' id='line_1_31' title="bbox 310 1992 1661 2048; baseline -0.005 -10"><span class='ocrx_word' id='word_1_238' title='bbox 310 2001 380 2040; x_wconf 85' lang='lat'>73.</span> <span class='ocrx_word' id='word_1_239' title='bbox 440 1996 490 2036; x_wconf 88' lang='lat' dir='ltr'>de</span> <span class='ocrx_word' id='word_1_240' title='bbox 518 1996 733 2035; x_wconf 90' lang='lat' dir='ltr'>Alcestidis</span> <span class='ocrx_word' id='word_1_241' title='bbox 762 1998 933 2048; x_wconf 84' lang='lat' dir='ltr'>pietate,</span> <span class='ocrx_word' id='word_1_242' title='bbox 964 2009 1066 2048; x_wconf 88' lang='lat' dir='ltr'>quae</span> <span class='ocrx_word' id='word_1_243' title='bbox 1085 1996 1173 2033; x_wconf 91' lang='lat' dir='ltr'>loco</span> <span class='ocrx_word' id='word_1_244' title='bbox 1196 1995 1258 2032; x_wconf 80' lang='lat' dir='ltr'>sui</span> <span class='ocrx_word' id='word_1_245' title='bbox 1280 1995 1363 2032; x_wconf 77' lang='lat' dir='ltr'>vivi</span> <span class='ocrx_word' id='word_1_246' title='bbox 1377 1992 1540 2032; x_wconf 89' lang='lat' dir='ltr'>Admeti</span> <span class='ocrx_word' id='word_1_247' title='bbox 1559 1995 1661 2032; x_wconf 78' lang='lat' dir='ltr'>mori</span> 
     </span>
    </p>
   </div>
   <div class='ocr_carea' id='block_1_7' title="bbox 199 2050 1660 2106">
    <p class='ocr_par' dir='ltr' id='par_1_11' title="bbox 199 2050 1660 2106">
     <span class='ocr_line' id='line_1_32' title="bbox 199 2050 1660 2106; baseline -0.003 -13"><span class='ocrx_word' id='word_1_248' title='bbox 199 2055 322 2106; x_wconf 88' lang='lat' dir='ltr'>elegit</span> <span class='ocrx_word' id='word_1_249' title='bbox 349 2061 389 2092; x_wconf 90' lang='lat' dir='ltr'>et</span> <span class='ocrx_word' id='word_1_250' title='bbox 417 2055 466 2092; x_wconf 87' lang='lat' dir='ltr'>ab</span> <span class='ocrx_word' id='word_1_251' title='bbox 497 2055 668 2092; x_wconf 87' lang='lat' dir='ltr'>Hercule</span> <span class='ocrx_word' id='word_1_252' title='bbox 698 2055 742 2091; x_wconf 91' lang='lat' dir='ltr'>in</span> <span class='ocrx_word' id='word_1_253' title='bbox 768 2055 894 2091; x_wconf 84' lang='lat' dir='ltr'>vitam</span> <span class='ocrx_word' id='word_1_254' title='bbox 924 2060 984 2090; x_wconf 90' lang='lat' dir='ltr'>est</span> <span class='ocrx_word' id='word_1_255' title='bbox 1009 2059 1191 2090; x_wconf 82' lang='lat' dir='ltr'>revocata</span> <span class='ocrx_word' id='word_1_256' title='bbox 1212 2058 1251 2090; x_wconf 88' lang='lat' dir='ltr'>et</span> <span class='ocrx_word' id='word_1_257' title='bbox 1270 2050 1444 2089; x_wconf 90' lang='lat' dir='ltr'>Admeto</span> <span class='ocrx_word' id='word_1_258' title='bbox 1466 2052 1660 2100; x_wconf 85' lang='lat' dir='ltr'>restituta,</span> 
     </span>
    </p>
   </div>
   <div class='ocr_carea' id='block_1_8' title="bbox 199 2107 1663 2219">
    <p class='ocr_par' dir='ltr' id='par_1_12' title="bbox 199 2107 1663 2219">
     <span class='ocr_line' id='line_1_33' title="bbox 199 2107 1400 2163; baseline -0.004 -14"><span class='ocrx_word' id='word_1_259' title='bbox 199 2118 356 2163; x_wconf 84' lang='lat' dir='ltr'>praeter</span> <span class='ocrx_word' id='word_1_260' title='bbox 372 2110 606 2163; x_wconf 86' lang='lat' dir='ltr'>Euripidem</span> <span class='ocrx_word' id='word_1_261' title='bbox 624 2108 892 2162; x_wconf 85' lang='lat' dir='ltr'>Palaephatus</span> <span class='ocrx_word' id='word_1_262' title='bbox 915 2109 964 2148; x_wconf 84' lang='lat' dir='ltr'>de</span> <span class='ocrx_word' id='word_1_263' title='bbox 985 2109 1134 2146; x_wconf 82' lang='lat' dir='ltr'>inered.</span> <span class='ocrx_word' id='word_1_264' title='bbox 1158 2108 1250 2145; x_wconf 73' lang='lat' dir='ltr'>hist.</span> <span class='ocrx_word' id='word_1_265' title='bbox 1274 2122 1309 2145; x_wconf 86' lang='lat' dir='ltr'>e.</span> <span class='ocrx_word' id='word_1_266' title='bbox 1330 2107 1400 2149; x_wconf 85' lang='lat'>41.</span> 
     </span>
     <span class='ocr_line' id='line_1_34' title="bbox 311 2164 1663 2219; baseline -0.006 -11"><span class='ocrx_word' id='word_1_267' title='bbox 311 2167 381 2210; x_wconf 78' lang='lat'>74.</span> <span class='ocrx_word' id='word_1_268' title='bbox 438 2167 652 2206; x_wconf 88' lang='lat' dir='ltr'>draconem</span> <span class='ocrx_word' id='word_1_269' title='bbox 688 2168 924 2219; x_wconf 79' lang='lat' dir='ltr'>pervigilem</span> <span class='ocrx_word' id='word_1_270' title='bbox 955 2173 1115 2203; x_wconf 89' lang='lat' dir='ltr'>centum</span> <span class='ocrx_word' id='word_1_271' title='bbox 1147 2165 1394 2202; x_wconf 86' lang='lat' dir='ltr'>attollentem</span> <span class='ocrx_word' id='word_1_272' title='bbox 1422 2164 1573 2214; x_wconf 88' lang='lat' dir='ltr'>capita,</span> <span class='ocrx_word' id='word_1_273' title='bbox 1617 2169 1663 2200; x_wconf 88' lang='lat' dir='ltr'>ut</span> 
     </span>
    </p>
   </div>
   <div class='ocr_carea' id='block_1_9' title="bbox 197 2219 1662 2897">
    <p class='ocr_par' dir='ltr' id='par_1_13' title="bbox 197 2219 1662 2318">
     <span class='ocr_line' id='line_1_35' title="bbox 199 2219 1662 2277; baseline -0.002 -17"><span class='ocrx_word' id='word_1_274' title='bbox 199 2237 320 2261; x_wconf 87' lang='lat' dir='ltr'>aurea</span> <span class='ocrx_word' id='word_1_275' title='bbox 353 2223 622 2277; x_wconf 80' lang='lat' dir='ltr'>Hesperidum</span> <span class='ocrx_word' id='word_1_276' title='bbox 644 2222 923 2276; x_wconf 84' lang='lat' dir='ltr'>Nympharum</span> <span class='ocrx_word' id='word_1_277' title='bbox 953 2234 1074 2275; x_wconf 86' lang='lat' dir='ltr'>poma</span> <span class='ocrx_word' id='word_1_278' title='bbox 1107 2219 1340 2270; x_wconf 83' lang='lat' dir='ltr'>custodiret,</span> <span class='ocrx_word' id='word_1_279' title='bbox 1379 2220 1570 2258; x_wconf 84' lang='lat' dir='ltr'>Hercules</span> <span class='ocrx_word' id='word_1_280' title='bbox 1595 2220 1662 2257; x_wconf 87' lang='lat' dir='ltr'>in·-</span> 
     </span>
     <span class='ocr_line' id='line_1_36' title="bbox 197 2282 369 2318; baseline 0 0"><span class='ocrx_word' id='word_1_281' title='bbox 197 2282 369 2318; x_wconf 80' lang='lat' dir='ltr'>teremit.</span> 
     </span>
    </p>

    <p class='ocr_par' dir='ltr' id='par_1_14' title="bbox 200 2333 1660 2489">
     <span class='ocr_line' id='line_1_37' title="bbox 311 2333 1660 2389; baseline -0.005 -12"><span class='ocrx_word' id='word_1_282' title='bbox 311 2336 381 2379; x_wconf 87' lang='lat'>75.</span> <span class='ocrx_word' id='word_1_283' title='bbox 438 2336 549 2375; x_wconf 88' lang='lat' dir='ltr'>idem</span> <span class='ocrx_word' id='word_1_284' title='bbox 573 2339 746 2375; x_wconf 81' lang='lat' dir='ltr'>Lernam</span> <span class='ocrx_word' id='word_1_285' title='bbox 776 2335 865 2389; x_wconf 69' lang='lat'>[2]‚</span> <span class='ocrx_word' id='word_1_286' title='bbox 905 2343 1128 2374; x_wconf 87' lang='lat' dir='ltr'>monstrum</span> <span class='ocrx_word' id='word_1_287' title='bbox 1151 2333 1421 2383; x_wconf 89' lang='lat' dir='ltr'>horrendum,</span> <span class='ocrx_word' id='word_1_288' title='bbox 1460 2334 1524 2371; x_wconf 91' lang='lat' dir='ltr'>cui</span> <span class='ocrx_word' id='word_1_289' title='bbox 1544 2333 1660 2384; x_wconf 87' lang='lat' dir='ltr'>plura</span> 
     </span>
     <span class='ocr_line' id='line_1_38' title="bbox 200 2391 1659 2447; baseline -0.001 -17"><span class='ocrx_word' id='word_1_290' title='bbox 200 2400 313 2431; x_wconf 89' lang='lat' dir='ltr'>erant</span> <span class='ocrx_word' id='word_1_291' title='bbox 341 2395 464 2444; x_wconf 91' lang='lat' dir='ltr'>colla,</span> <span class='ocrx_word' id='word_1_292' title='bbox 494 2407 598 2447; x_wconf 90' lang='lat' dir='ltr'>quae</span> <span class='ocrx_word' id='word_1_293' title='bbox 625 2400 785 2432; x_wconf 81' lang='lat' dir='ltr'>exsecta</span> <span class='ocrx_word' id='word_1_294' title='bbox 806 2394 1134 2442; x_wconf 86' lang='lat' dir='ltr'>renascebantur,</span> <span class='ocrx_word' id='word_1_295' title='bbox 1174 2393 1280 2430; x_wconf 87' lang='lat' dir='ltr'>ferro</span> <span class='ocrx_word' id='word_1_296' title='bbox 1310 2398 1351 2429; x_wconf 89' lang='lat' dir='ltr'>et</span> <span class='ocrx_word' id='word_1_297' title='bbox 1377 2392 1471 2443; x_wconf 87' lang='lat' dir='ltr'>igne</span> <span class='ocrx_word' id='word_1_298' title='bbox 1500 2391 1659 2442; x_wconf 88' lang='lat' dir='ltr'>penitus</span> 
     </span>
     <span class='ocr_line' id='line_1_39' title="bbox 200 2450 384 2489; baseline 0.011 -2"><span class='ocrx_word' id='word_1_299' title='bbox 200 2450 384 2489; x_wconf 91' lang='lat' dir='ltr'>confecit.</span> 
     </span>
    </p>

    <p class='ocr_par' dir='ltr' id='par_1_15' title="bbox 200 2503 1659 2615">
     <span class='ocr_line' id='line_1_40' title="bbox 310 2503 1659 2558; baseline -0.005 -11"><span class='ocrx_word' id='word_1_300' title='bbox 310 2509 380 2549; x_wconf 88' lang='lat'>76.</span> <span class='ocrx_word' id='word_1_301' title='bbox 437 2505 547 2545; x_wconf 90' lang='lat' dir='ltr'>idem</span> <span class='ocrx_word' id='word_1_302' title='bbox 573 2507 728 2558; x_wconf 88' lang='lat' dir='ltr'>Augiae</span> <span class='ocrx_word' id='word_1_303' title='bbox 755 2506 956 2545; x_wconf 85' lang='lat' dir='ltr'>stabulum</span> <span class='ocrx_word' id='word_1_304' title='bbox 976 2518 1080 2558; x_wconf 89' lang='lat' dir='ltr'>pene</span> <span class='ocrx_word' id='word_1_305' title='bbox 1100 2506 1342 2543; x_wconf 83' lang='lat' dir='ltr'>immensum</span> <span class='ocrx_word' id='word_1_306' title='bbox 1360 2510 1400 2542; x_wconf 90' lang='lat' dir='ltr'>et</span> <span class='ocrx_word' id='word_1_307' title='bbox 1415 2504 1509 2542; x_wconf 90' lang='lat' dir='ltr'>fimo</span> <span class='ocrx_word' id='word_1_308' title='bbox 1533 2503 1659 2541; x_wconf 88' lang='lat' dir='ltr'>refer-</span> 
     </span>
     <span class='ocr_line' id='line_1_41' title="bbox 200 2562 801 2615; baseline -0.002 -14"><span class='ocrx_word' id='word_1_309' title='bbox 200 2562 399 2601; x_wconf 83' lang='lat' dir='ltr'>tissimum</span> <span class='ocrx_word' id='word_1_310' title='bbox 418 2577 498 2602; x_wconf 90' lang='lat' dir='ltr'>uno</span> <span class='ocrx_word' id='word_1_311' title='bbox 520 2563 584 2601; x_wconf 77' lang='lat' dir='ltr'>die</span> <span class='ocrx_word' id='word_1_312' title='bbox 603 2565 801 2615; x_wconf 80' lang='lat' dir='ltr'>purgavit.</span> 
     </span>
    </p>

    <p class='ocr_par' dir='ltr' id='par_1_16' title="bbox 310 2619 822 2670">
     <span class='ocr_line' id='line_1_42' title="bbox 310 2619 822 2670; baseline -0.002 -9"><span class='ocrx_word' id='word_1_313' title='bbox 310 2621 380 2661; x_wconf 84' lang='lat'>77·</span> <span class='ocrx_word' id='word_1_314' title='bbox 437 2619 530 2658; x_wconf 85' lang='lat' dir='ltr'>vide</span> <span class='ocrx_word' id='word_1_315' title='bbox 551 2634 676 2670; x_wconf 77' lang='lat' dir='ltr'>supra</span> <span class='ocrx_word' id='word_1_316' title='bbox 697 2633 736 2658; x_wconf 81' lang='lat' dir='ltr'>v.</span> <span class='ocrx_word' id='word_1_317' title='bbox 755 2621 822 2660; x_wconf 86' lang='lat'>68·</span> 
     </span>
    </p>

    <p class='ocr_par' dir='ltr' id='par_1_17' title="bbox 198 2670 1659 2897">
     <span class='ocr_line' id='line_1_43' title="bbox 313 2670 1659 2726; baseline -0.007 -10"><span class='ocrx_word' id='word_1_318' title='bbox 313 2678 384 2718; x_wconf 87' lang='grc'>78</span> <span class='ocrx_word' id='word_1_319' title='bbox 438 2675 559 2715; x_wconf 89' lang='lat' dir='ltr'>hosce</span> <span class='ocrx_word' id='word_1_320' title='bbox 606 2676 705 2714; x_wconf 90' lang='lat' dir='ltr'>duos</span> <span class='ocrx_word' id='word_1_321' title='bbox 754 2675 928 2713; x_wconf 87' lang='lat' dir='ltr'>senarios</span> <span class='ocrx_word' id='word_1_322' title='bbox 969 2674 1151 2726; x_wconf 89' lang='lat' dir='ltr'>paullum</span> <span class='ocrx_word' id='word_1_323' title='bbox 1191 2674 1421 2710; x_wconf 82' lang='lat' dir='ltr'>immutatos</span> <span class='ocrx_word' id='word_1_324' title='bbox 1454 2670 1579 2709; x_wconf 85' lang='lat' dir='ltr'>habes</span> <span class='ocrx_word' id='word_1_325' title='bbox 1614 2670 1659 2706; x_wconf 86' lang='lat' dir='ltr'>in</span> 
     </span>
     <span class='ocr_line' id='line_1_44' title="bbox 199 2725 1657 2784; baseline -0.002 -16"><span class='ocrx_word' id='word_1_326' title='bbox 199 2730 339 2769; x_wconf 85' lang='lat' dir='ltr'>Poe&#39;m.</span> <span class='ocrx_word' id='word_1_327' title='bbox 362 2732 411 2769; x_wconf 85' lang='lat' dir='ltr'>de</span> <span class='ocrx_word' id='word_1_328' title='bbox 427 2733 652 2770; x_wconf 77' lang='lat' dir='ltr'>Resurrect.</span> <span class='ocrx_word' id='word_1_329' title='bbox 678 2746 717 2771; x_wconf 81' lang='lat' dir='ltr'>v.</span> <span class='ocrx_word' id='word_1_330' title='bbox 743 2733 824 2772; x_wconf 90' lang='grc'>106</span> <span class='ocrx_word' id='word_1_331' title='bbox 847 2737 886 2769; x_wconf 86' lang='lat' dir='ltr'>et</span> <span class='ocrx_word' id='word_1_332' title='bbox 911 2732 1006 2772; x_wconf 89' lang='lat'>107.</span> <span class='ocrx_word' id='word_1_333' title='bbox 1062 2728 1327 2783; x_wconf 81' lang='grc' dir='ltr'><strong><em>προέρχεσθαι</em></strong></span> <span class='ocrx_word' id='word_1_334' title='bbox 1357 2731 1415 2784; x_wconf 76' lang='grc' dir='ltr'>τῷ</span> <span class='ocrx_word' id='word_1_335' title='bbox 1445 2725 1657 2780; x_wconf 76' lang='grc' dir='ltr'><em>πράγματι,</em></span> 
     </span>
     <span class='ocr_line' id='line_1_45' title="bbox 199 2783 1657 2839; baseline -0.004 -15"><span class='ocrx_word' id='word_1_336' title='bbox 199 2789 243 2824; x_wconf 84' lang='lat' dir='ltr'>ni</span> <span class='ocrx_word' id='word_1_337' title='bbox 262 2788 401 2838; x_wconf 87' lang='lat' dir='ltr'>fallor,</span> <span class='ocrx_word' id='word_1_338' title='bbox 432 2797 491 2828; x_wconf 91' lang='lat' dir='ltr'>est</span> <span class='ocrx_word' id='word_1_339' title='bbox 508 2803 705 2827; x_wconf 73' lang='lat' dir='ltr'>summum</span> <span class='ocrx_word' id='word_1_340' title='bbox 722 2802 822 2838; x_wconf 79' lang='lat' dir='ltr'>opus</span> <span class='ocrx_word' id='word_1_341' title='bbox 839 2787 1011 2839; x_wconf 73' lang='lat' dir='ltr'>aggredi</span> <span class='ocrx_word' id='word_1_342' title='bbox 1026 2789 1091 2826; x_wconf 81' lang='lat' dir='ltr'>vel</span> <span class='ocrx_word' id='word_1_343' title='bbox 1107 2798 1306 2825; x_wconf 88' lang='lat' dir='ltr'>summam</span> <span class='ocrx_word' id='word_1_344' title='bbox 1325 2786 1455 2837; x_wconf 88' lang='lat' dir='ltr'>operis</span> <span class='ocrx_word' id='word_1_345' title='bbox 1474 2783 1657 2834; x_wconf 84' lang='lat' dir='ltr'>implere.</span> 
     </span>
     <span class='ocr_line' id='line_1_46' title="bbox 198 2844 1656 2897; baseline -0.004 -16"><span class='ocrx_word' id='word_1_346' title='bbox 198 2845 334 2897; x_wconf 84' lang='lat' dir='ltr'>itaque</span> <span class='ocrx_word' id='word_1_347' title='bbox 352 2848 470 2897; x_wconf 67' lang='lat' dir='ltr'>poeta</span> <span class='ocrx_word' id='word_1_348' title='bbox 491 2844 587 2884; x_wconf 85' lang='lat' dir='ltr'>dicit</span> <span class='ocrx_word' id='word_1_349' title='bbox 601 2846 814 2883; x_wconf 87' lang='lat' dir='ltr'>Herculem</span> <span class='ocrx_word' id='word_1_350' title='bbox 831 2856 931 2896; x_wconf 83' lang='lat' dir='ltr'>opus</span> <span class='ocrx_word' id='word_1_351' title='bbox 947 2855 1264 2891; x_wconf 88' lang='lat' dir='ltr'>consummasse,</span> <span class='ocrx_word' id='word_1_352' title='bbox 1295 2855 1386 2880; x_wconf 85' lang='lat' dir='ltr'>cum</span> <span class='ocrx_word' id='word_1_353' title='bbox 1401 2852 1520 2878; x_wconf 86' lang='lat' dir='ltr'>aurea</span> <span class='ocrx_word' id='word_1_354' title='bbox 1537 2849 1656 2890; x_wconf 83' lang='lat' dir='ltr'>poma</span> 
     </span>
    </p>
   </div>
  </div>
 </body>
</html>
