1890 3224
369 187 446 230 DE
477 188 659 233 REBUS
690 189 839 234 Posr
860 172 1179 237 mmmmm
1210 189 1419 237 GEsTls.
1552 195 1616 242 65

164 298 275 344 λάὸα
298 302 366 344 καὶ
395 301 470 353 τὰς
487 300 709 354 Κυκλάδας
727 302 875 360 νήσους
894 306 1091 356 οἰκοῦντες
1111 302 1159 350 οὗ
1178 307 1428 364 προσιέμενοι
1450 307 1497 352 τὸ
1520 310 1618 352 δυσ-

164 371 326 425 σέβημα
351 370 453 427 πρὸς
480 371 550 413 τὸν
579 373 749 425 βασιλέα
779 371 1127 427 διαστασιάζουσι,
1169 377 1236 417 καὶ
1266 376 1618 421 πλεΐστονόττόλον

168 438 434 495 ἀθροίσαντες
461 441 634 494 Κοσμᾶν
662 440 839 495 τοῦνομα
861 441 1115 500 ἐφ’,ἕαυτοΐς
1129 442 1400 497 βασιλεύουσι.
1468 451 1548 489 τῶν
1573 448 1618 489 δὲ

167 509 258 564 περὶ
286 507 408 565 αὐτὸν
437 506 644 564 ἀρχόντων
671 526 732 559 τις
749 509 1008 566 Ἀγαλλιανὸς
1035 511 1162 567 ὄνομα
1173 544 1187 564 ,
1219 517 1347 555 ταῦτα
1366 513 1620 569 θεασάμενος

133 577 235 620 5καὶ
260 580 332 630 τῆς
357 577 557 632 σωτηρίας
582 576 706 619 αὖτοῦ
735 578 951 635 ἀπογνούς,
987 579 1062 624 σὺν
1091 585 1143 639 τῇ
1175 583 1374 641 πανοπλίᾳ
1395 580 1537 626 ἑαυτὸν
1558 587 1618 643 τῷ

163 647 286 700 βυθῷ
319 644 537 700 παρέδωκε.
605 647 778 701 Κοσμᾶς
809 648 854 690 δὲ
883 650 952 691 καὶ
987 646 1118 706 ἕτερός
1145 667 1207 701 τις
1235 650 1441 708 Στέφανος
1466 655 1617 708 συλλη--Α

165 712 337 769 φθέντες
355 712 429 763 τὰς
448 713 629 770 κεφαλὰς
649 714 959 772 ἀπετμήθησαν.

302 806 374 861 Τῷ
404 804 447 845 δὲ
474 804 731 864 ἐπιγενομένῳ
762 807 874 864 θέρει
907 805 1027 851 πάλιν
1058 808 1200 851 ἱππικὰ
1233 807 1514 867 στρατεύματα
1536 814 1615 854 τῶν

139 916 145 923 ,
165 873 413 928 Σαρακηνῶν
440 876 606 916 πλεῖστα
629 878 702 930 τῆς
719 872 938 930 Ῥωμαίων
967 876 1098 934 ἀρχῆς
1124 877 1339 930 κατέθεον,
1370 873 1427 921 ὧν
1446 877 1616 934 ἡγοῦντο

111 939 328 996 ῙΟἈμέρας
354 942 422 982 καὶ
454 943 629 992 Μανίας
658 942 942 998 ὀνομαζόμενοι
968 947 1220 1002 Σαρακηνοί·
1252 948 1321 988 καὶ
1348 945 1616 1001 καταλαμβάέ-

161 1025 275 1051 νουσι
301 1008 402 1064 πρὸς
427 1008 501 1063 τὴν
531 1012 881 1067 προκαθεζομένην
902 1017 975 1068 τῆς
994 1015 1194 1064 Βιθυνίας
1210 1013 1326 1057 πόλιν
1345 1017 1522 1057 Νίκαιαν
1540 1033 1616 1058 κα-

160 1076 378 1131 λουμένην·
414 1077 482 1118 ἕπί
506 1094 595 1120 τινα
623 1077 771 1136 χρόνον
799 1084 871 1136 τῆς
890 1082 1121 1139 πολιορκίας
1146 1080 1326 1136 ἐχόμενοι
1346 1083 1459 1134 τέλος
1482 1082 1618 1141 ἄπρα-

162 1161 249 1187 κτοι
270 1144 562 1198 ἀπεπέμποντο.

296 1235 422 1278 Μετὰ
444 1236 632 1279 δὲταῦτα
653 1235 675 1279 ὅ
700 1238 893 1291 βασιλεὺς
916 1239 1098 1296 ἀθροίζει
1121 1243 1305 1283 πλεῖστον
1327 1239 1427 1283 λαὸν
1445 1245 1517 1295 τῆς
1539 1240 1618 1283 πό-

107 1308 150 1345 15
162 1307 261 1353 λεως
278 1305 368 1360 περὶ
389 1304 441 1346 τὰ
461 1306 670 1358 βασίλεια,
711 1307 779 1348 καὶ
798 1310 993 1362 συγκαλεῖ
1009 1306 1078 1364 τὸν
1099 1305 1187 1350 τότε
1209 1312 1283 1363 τῆς
1303 1307 1456 1358 πόλεως
1480 1309 1617 1366 ἀρχιε-

161 1373 234 1428 ρέα
253 1373 295 1412 Γ
290 1370 462 1429 ερμανόν
470 1405 485 1424 ,
530 1375 595 1415 καὶ
619 1372 864 1431 συγγράφειν
894 1366 1007 1418 κατὰ.
1024 1380 1096 1430 τῆς
1118 1377 1394 1433 καθαιρέσεως
1410 1381 1491 1419 τῶν
1510 1375 1615 1420 εἰκό-

158 1457 238 1483 νων
265 1444 345 1483 τῶν
375 1438 498 1496 ἆγίων
526 1441 756 1497 ἠνάγκαζεν.
825 1441 847 1486 ὅ
879 1444 924 1486 δὲ
953 1451 1175 1501 παρῃτεῖτο·
1201 1446 1269 1487 καὶ
1297 1437 1371 1500 τὴν
1396 1443 1614 1502 ἱερωσύνην

159 1508 381 1567 ἀπέβαλεν,
417 1510 541 1565 λέγων
569 1508 626 1560 ὥς
653 1510 746 1553 ἄνευ
773 1513 1047 1568 οἶκουμενικῆς
1066 1511 1240 1556 συνόδου
1263 1512 1464 1571 ἔγγραφον
1482 1515 1615 1556 πίστιν

159 1576 233 1618 οὐκ
251 1578 473 1630 ε’κτίθεμαι.
540 1579 694 1621 ε’κεῖθεν
724 1579 787 1621 ε’πὶ
818 1579 888 1621 τὸν
910 1580 1104 1638 πατρικὸν
1127 1579 1235 1623 οἶκον
1257 1579 1465 1636 γενόμενος
1487 1582 1612 1625 αὐτοῦ

104 1644 228 1687 2οτὸν
247 1649 320 1701 τῆς
343 1647 446 1700 ζωῆς
472 1645 666 1699 βιοτεύων
688 1648 878 1691 διετέλεσε
892 1647 1055 1705 χρόνον.
1121 1648 1212 1702 μετ’
1239 1649 1362 1691 αὐτὸν
1387 1651 1431 1692 δὲ
1451 1667 1614 1707 προχει-

158 1714 332 1769 ρίζονται
369 1713 555 1770 ἀρχιερέα
590 1713 851 1757 Ἀναστάσιον
877 1715 1065 1772 κληρικὸν
1094 1722 1167 1770 τῆς
1195 1715 1372 1772 μεγάλης
1401 1719 1615 1772 ἐκκλησίας

156 1780 419 1837 τυγχάνοντα.
485 1783 528 1832 ἐξ
551 1783 698 1824 ἐκείνου
716 1784 848 1824 τοίνυν
867 1786 1008 1826 πολλοὶ
1024 1788 1104 1826 τῶν
1127 1783 1410 1837 εὐσεβούντων,
1444 1784 1531 1828 ὅσοι
1555 1790 1613 1845 τῷ

250 1934 293 1968 11
316 1931 567 1978 καθεζομένην
589 1934 640 1970 P:
664 1946 744 1970 corr
760 1933 941 1972 Petavius.
1079 1936 1124 1973 12
1146 1934 1209 1972 καὶ
1226 1929 1319 1973 gul?
1453 1938 1497 1973 16
1513 1932 1610 1973 ὕπο-

246 1976 403 2024 γροὶφειν
422 1979 602 2015 Petavius.

157 2116 276 2153 cladas
296 2117 518 2163 habitabant,
546 2118 671 2164 dogma
690 2117 832 2164 impium
854 2120 1009 2154 execrati
1030 2119 1075 2154 ab
1097 2118 1308 2165 imperatore
1330 2119 1514 2164 deficiunt,
1537 2132 1611 2156 ma-

156 2164 319 2208 ximaque
348 2163 459 2217 classe
489 2170 688 2215 comparata
714 2166 873 2200 Cosmam
897 2165 964 2200 sibi
988 2165 1230 2212 imperatorem
1252 2166 1473 2219 praeficiunt.
1520 2167 1614 2220 q¹¹.⁰d

157 2210 239 2243 dum
270 2208 470 2253 Agalhanus
493 2210 632 2256 quidam
667 2223 710 2246 ex
737 2210 830 2246 illius
862 2211 1007 2246 ducibus
1040 2211 1303 2256 animadvertlt,
1332 2211 1435 2258 plane
1463 2212 1506 2246 de
1537 2223 1613 2246 ems

1636 820 1735 856 1³38

158 2254 282 2289 salute*
299 2255 508 2300 desperans,
544 2262 584 2292 ut
617 2262 693 2292 erat
720 2263 893 2302 armatus,
931 2270 971 2292 se
1001 2256 1038 2291 in
1066 2257 1276 2303 profundum
1310 2257 1414 2292 maris
1444 2257 1613 2302 immittit.
1646 2307 1648 2309 K

157 2300 302 2335 cosmas
319 2311 389 2334 una
406 2311 482 2351 cum
503 2301 681 2348 Stephano
704 2303 945 2350 comprehensi
967 2308 1004 2338 et
1024 2303 1141 2349 capite
1161 2302 1313 2338 truncati
1335 2308 1429 2338 sunt.

246 2369 334 2403 Inde
364 2372 502 2404 aestate
531 2371 694 2415 sequenti
713 2382 850 2406 rursum
875 2372 1129 2407 Saracenorum
1159 2371 1295 2417 equites
1317 2371 1355 2405 in
1379 2371 1614 2406 Romanorum

155 2414 246 2448 fines
267 2414 499 2448 incursionem
519 2415 675 2460 faciunt,
706 2416 832 2452 Amera
865 2423 902 2452 et
928 2417 1050 2452 Μανία
1082 2417 1241 2452 ducibus.
1289 2417 1351 2461 qui
1375 2418 1420 2451 ad
1445 2417 1612 2452 Nicaeam

156 2460 346 2504 Bithyniae
367 2460 584 2506 metropolim
605 2461 731 2507 positis
754 2463 899 2507 castris,
931 2463 1110 2509 aliquanto
1141 2469 1300 2508 tempore
1325 2462 1511 2498 obsidione
1530 2467 1611 2498 ten-

157 2511 245 2551 tata,
268 2518 309 2541 re
330 2506 464 2542 infecta
486 2508 622 2542 demum
640 2507 778 2543 reversi
799 2514 892 2543 sunt.

246 2573 335 2609 Post
357 2574 445 2610 haec
466 2574 658 2621 imperator
679 2576 815 2620 ingenti
833 2575 960 2611 civium
976 2588 1119 2612 numero
1142 2576 1180 2610 in
1199 2575 1363 2622 palatium
1382 2575 1525 2610 collecto
1543 2586 1613 2610 una

159 2622 197 2653 et
219 2620 428 2655 Germanum
451 2622 682 2675 patriarcham
705 2623 872 2656 advocat:
898 2627 970 2656 tum
987 2624 1080 2670 apud
1098 2634 1174 2658 eum
1192 2622 1429 2656 vehementius
1446 2621 1556 2656 instat
1572 2626 1612 2655 ut

159 2666 204 2699 de
228 2666 336 2699 sacris
360 2666 569 2710 imagmibus
594 2667 794 2703 evertendis
816 2667 982 2713 scriptum
1006 2669 1145 2714 aliquod
1168 2668 1314 2702 faceret.
1361 2669 1453 2713 quod
1474 2667 1533 2701 ille
1551 2678 1610 2700 re-

156 2710 245 2754 nuit,
272 2716 309 2745 et
330 2711 533 2757 episcopatu
557 2714 676 2748 cessit.
722 2710 860 2759 “neque
883 2711 996 2750 enim’'
1016 2714 1131 2759 inquit
1152 2710 1252 2749 “sine
1274 2714 1448 2759 generalis
1471 2711 1611 2747 concilii

156 2756 366 2791 auctoritate
389 2757 492 2791 ullum
513 2758 694 2804 religionis
718 2760 843 2804 dogma
865 2759 997 2805 scripto
1021 2756 1232 2795 committo-'⁹
1278 2771 1362 2804 ergo
1387 2771 1463 2804 cum
1484 2771 1523 2793 se
1546 2769 1612 2802 pa-

155 2806 290 2836 ternam
311 2802 349 2836 in
370 2803 504 2837 domum
526 2806 742 2851 recepisset,
765 2805 837 2840 illic
858 2805 1029 2851 reliquum
1049 2805 1146 2840 vitae
1173 2810 1308 2851 tempus
1332 2805 1462 2850 exegit.
1492 2803 1611 2857 ‘huius

155 2847 193 2882 in
219 2847 333 2882 locum·
354 2849 562 2887 Anastasius
587 2851 832 2898 substituitur,
869 2851 1040 2889 ecclesiae
1070 2862 1217 2898 magnae
1239 2850 1397 2888 clericus.
1445 2851 1611 2899 demceps

211 2900 360 2946 Niceph.
390 2902 505 2938 const.
1310 2900 1334 2939 5

1632 2714 1668 2740 a.
1691 2704 1762 2752 730
