1890 3224
254 201 346 248 124
447 202 674 257 QUERCII
708 203 782 244 DE
807 202 988 244 BELLO
1020 202 1184 244 AVAR.
1209 202 1491 246 MONITUM.

249 327 338 351 rum
356 313 423 351 lib.
449 311 498 361 4,
534 314 712 350 Aeneam
731 312 923 361 Silvium,
963 312 1031 364 qui
1057 318 1193 363 postea
1215 311 1291 349 fuit
1310 312 1403 349 Pius
1421 313 1473 350 11.
1502 312 1698 363 pontifex,

250 371 360 408 ,Hast-
386 370 433 407 de
455 370 540 406 Sec.
558 375 668 419 part.
683 368 827 414 Asiae,
848 369 1025 420 aliosque
1044 369 1171 419 gentis
1187 368 1387 405 feritatem
1405 367 1700 406 crudelitatem-

253 440 329 478 que
352 432 575 463 enarrantes
595 437 754 477 unaque
775 425 895 463 simul
915 431 1186 462 exsecrantes:
1214 437 1288 461 nos
1313 425 1431 472 enim,
1461 431 1504 461 ut
1521 423 1587 461 hic
1609 431 1700 462 tan-

253 490 339 519 tum
357 481 405 519 de
422 480 593 519 secunda
613 483 848 519 Hunnorum
868 482 1082 532 irruptione
1102 481 1221 519 verba
1242 481 1446 527 faciamus,
1477 487 1611 518 monet
1630 482 1700 517 Pi-

253 536 338 576 sida
353 567 363 586 ,
403 540 473 589 qui
500 535 744 575 horrendum
769 538 947 586 facinus,
987 536 1096 589 quod
1123 550 1225 574 almo
1249 535 1394 574 Christi
1417 539 1497 578 626
1518 535 1566 573 de
1586 550 1701 574 ever-

254 592 374 632 tenda
392 594 506 644 cpoli
527 594 677 632 Abares
697 595 829 632 animo
849 600 1129 645 conceperant,
1167 594 1371 631 versiculis
1392 606 1474 630 non
1495 593 1703 642 inelegan-

255 651 359 688 tibus
387 649 584 688 describit.
670 663 809 688 verum
841 663 932 687 cum
966 663 1011 687 ea
1046 651 1200 698 omnia,
1251 662 1352 701 quae
1389 661 1495 686 nunc
1538 644 1704 685 dicenda

256 712 387 744 essent
407 705 456 744 de
473 706 682 755 Abaribus,
705 705 978 745 commodius·
967 720 1010 743 m
1027 708 1129 744 notis
1148 705 1199 743 ad
1217 707 1393 757 singulos
1413 717 1549 743 versus
1568 705 1704 742 referri

254 764 427 814 possint,
458 775 481 800 a
503 776 794 814 supervacaneo
819 776 936 814 opere
955 761 1019 800 hic
1038 761 1317 801 abstinendum
1334 761 1528 798 ducimus.
1585 762 1705 811 igitur

255 820 433 857 Abarum
469 821 666 870 originem
696 820 868 858 breviter
899 818 1094 857 indicasse
1120 818 1310 863 sufficiat3
1353 829 1398 853 ac
1426 817 1550 868 siquis
1576 815 1706 853 adhuc

256 876 371 926 plura
396 877 504 926 cupit
534 874 757 922 addiscere,
802 874 918 912 adeat
937 875 1134 911 Francisci
1160 874 1270 911 Foris
1293 871 1498 911 Otrokocsi
1527 873 1707 924 Origine-5

256 933 537 982 IIzmgaric-as,
559 944 637 984 quo
656 933 698 968 in
719 932 819 968 libro
835 933 1071 968 Hunnorum
1089 931 1344 982 Abarumque
1358 942 1421 967 res
1440 941 1595 967 summa
1615 941 1707 966 eru-

258 987 417 1025 ditionis
445 989 557 1039 copia
575 993 872 1039 pertractantur.

371 1041 483 1090 Quod
501 1050 634 1081 autem
652 1043 703 1081 ad
719 1056 905 1095 praesens
925 1046 1067 1093 poema
1088 1049 1258 1093 spectat,
1298 1043 1438 1093 Sergio
1462 1039 1708 1094 patriarchae

260 1112 345 1137 esse
362 1100 594 1151 inscriptum
611 1100 727 1137 facile
749 1099 1010 1150 dignoscitur:
1046 1111 1219 1151 namque
1241 1100 1278 1136 ei
1302 1101 1435 1136 statim
1455 1100 1497 1135 in
1517 1099 1709 1149 principio

260 1154 336 1193 hoc
356 1154 550 1207 quidquid
569 1163 627 1194 est
641 1157 787 1194 laboris
802 1156 863 1193 sui
882 1154 995 1192 offert
1004 1153 1151 1204 Pisida,
1178 1169 1216 1193 ν.
1233 1157 1297 1203 12,
1329 1167 1374 1192 ac
1398 1153 1540 1192 deinde
1562 1156 1711 1205 passim

259 1213 392 1263 ipsum
421 1210 659 1264 adloquitur.
716 1213 814 1249 belli
835 1218 967 1248 autem
988 1224 1186 1249 summam
1206 1210 1348 1248 ducem
1365 1212 1488 1249 fuisse
1509 1209 1712 1262 deiparam

261 1269 455 1318 virginem
480 1275 592 1319 patet
612 1281 663 1305 ex
679 1268 776 1318 ipsis
791 1268 929 1318 primis
946 1267 1125 1304 versibus
1145 1268 1313 1318 aliisque
1333 1268 1442 1316 operi
1462 1268 1711 1304 intertextis:

228 1352 233 1361 ,
261 1325 346 1361 eius
376 1325 483 1360 enim
511 1333 588 1373 ope
623 1335 715 1360 vere
742 1323 875 1373 Gpolis
906 1327 965 1358 est
995 1323 1042 1358 ab
1070 1321 1246 1358 hostium
1276 1322 1500 1358 incursione
1534 1322 1712 1369 liberata,

262 1386 307 1416 ut
335 1391 472 1416 omnes
503 1380 710 1430 scriptores
730 1379 940 1430 Byzantini
971 1390 1050 1414 una
1084 1378 1203 1415 simul
1233 1390 1324 1414 cum
1344 1376 1482 1415 Pisida
1508 1383 1712 1426 testantur,

263 1435 332 1487 qui
351 1448 439 1472 eam
454 1435 583 1472 solam
603 1441 736 1472 contra
753 1435 904 1472 Abares
922 1432 1176 1471 dimicantem
1196 1441 1476 1485 repraesentat.
1533 1432 1604 1472 sed
1620 1435 1714 1472 Ser—

223 1537 226 1540 *
265 1492 377 1542 gium
397 1504 553 1543 quoque
571 1493 704 1543 ips-um
722 1498 767 1528 ut
778 1491 908 1528 alium
933 1490 1030 1528 belli
1057 1489 1199 1528 ducem
1224 1491 1605 1542 praestantissimum
1624 1491 1716 1528 ubi-

267 1560 345 1598 que
365 1546 635 1595 commendat,
674 1546 745 1586 sed
772 1549 842 1599 qui
861 1545 1054 1584 secundas
1072 1553 1206 1597 ageret
1227 1554 1377 1598 partes,
1412 1559 1487 1584 nec
1504 1548 1581 1584 nisi
1599 1559 1716 1598 prece

267 1609 307 1640 et
324 1603 497 1642 lacrimis
515 1610 721 1654 pugnaret,
753 1610 792 1640 et
807 1603 970 1653 virginis
993 1601 1176 1653 deiparae
1195 1609 1296 1639 -nutu
1317 1615 1391 1653 ope
1412 1609 1452 1640 et
1469 1604 1630 1640 consilio
1651 1610 1716 1640 to-

268 1667 351 1696 tam
372 1672 457 1696 rem
474 1660 688 1697 militarem
706 1658 1010 1706 administraret,
1041 1671 1079 1695 ν.
1103 1660 1199 1700 280.
1255 1659 1377 1709 igitur
1394 1671 1417 1696 a
1435 1660 1628 1710 principio
1644 1672 1717 1697 us—

270 1728 347 1767 que
369 1714 421 1752 ad
443 1729 482 1753 ν.
507 1715 586 1757 125
610 1716 787 1753 Abarum
804 1716 936 1766 origo,
971 1715 1047 1751 feri
1069 1727 1199 1752 mores
1227 1722 1265 1752 et
1280 1713 1441 1752 fraudes
1465 1722 1717 1752 enarrantur:

268 1778 362 1808 tunc
382 1770 520 1808 Pisida
534 1772 686 1809 bellum
703 1773 835 1822 ipsum
854 1771 1068 1808 Abaricum
1087 1769 1313 1819 exorditur,
1357 1778 1395 1808 et
1419 1771 1524 1808 facta
1550 1770 1601 1808 ad
1621 1771 1719 1809 Ser-

271 1829 384 1877 gium
399 1828 648 1865 invocatione
666 1828 838 1865 multum
859 1828 900 1863 in
921 1828 1004 1864 eius
1022 1825 1161 1864 laudes
1177 1828 1370 1875 excurrit,
1402 1826 1536 1864 dicens
1553 1841 1592 1864 ν.
1615 1829 1718 1868 130:

273 1878 308 1922 οὗ
327 1878 460 1922 πάντα
475 1881 671 1936 πράττων.
727 1895 802 1919 nec
822 1895 917 1919 sane
941 1883 1139 1920 immerito
1155 1883 1329 1919 multum
1344 1881 1423 1919 'hac
1447 1884 1490 1920 in
1516 1896 1558 1920 re
1580 1883 1720 1933 Sergio

271 1939 473 1976 tribuisset
508 1945 642 1977 noster
670 1939 886 1990 Georgius,
931 1939 967 1975 si
992 1937 1159 1976 modum
1185 1951 1341 1976 servare
1362 1945 1520 1976 nosset:
1570 1946 1722 1976 constat

272 1996 381 2031 enim
399 1995 530 2045 Sergii
557 1994 758 2032 custodiae
786 2007 865 2032 una
894 2007 985 2031 cum
1012 1994 1104 2033 filiis
1127 1995 1266 2032 urbem
1292 1993 1607 2032 ommnendatam
1625 1996 1721 2032 reli-

276 2052 408 2102 quisse
431 2051 659 2089 Heraclium
678 2052 956 2102 imperatorem
983 2057 1069 2088 tum
1093 2063 1184 2088 cum
1210 2058 1343 2088 contra
1363 2049 1579 2088 chosroam
1601 2050 1721 2088 dimi-

275 2114 431 2144 caturus
448 2105 648 2155 discessit3
691 2108 802 2145 cuius
831 2107 888 2144 rei
908 2107 1018 2144 testis
1048 2113 1107 2144 est
1133 2113 1287 2158 praeter
1312 2113 1459 2144 ceteros
1477 2105 1722 2158 Nicephorus

277 2161 498 2214 patriarcha
513 2165 555 2200 in
573 2165 744 2201 Historia
758 2177 805 2214 p.
833 2163 900 2203 11.
957 2163 1161 2200 Heraclius
1174 2191 1185 2210 ,
1212 2164 1357 2200 >Persis
1379 2169 1418 2200 et
1435 2163 1631 2201 Abaribus
1652 2176 1723 2201 eo-

279 2218 372 2256 dem
387 2225 563 2270 tempore
582 2219 857 2256 infestantibus
870 2247 880 2266 ,
923 2231 1013 2255 cum
1035 2219 1155 2256 simul
1176 2225 1214 2255 et
1232 2219 1338 2256 fame
1360 2226 1397 2256 et
1414 2219 1641 2270 pestilentia
1660 2233 1723 2257 res

215 2276 217 2278 ’
277 2275 434 2325 publica
453 2282 708 2326 premeretur,
729 2277 1003 2342 προσεκαλεῖτο
1019 2270 1189 2342 Σέργιόν
1204 2289 1246 2314 τε
1263 2272 1333 2315 τόν
1351 2277 1422 2327 τῆς
1438 2272 1591 2322 πόλεως
1603 2273 1725 2328 πρόε-

278 2332 398 2382 δρον,
435 2330 492 2370 ἔτι
512 2344 552 2370 τε
573 2329 640 2370 καὶ
657 2328 848 2382 ἄρχοντας
866 2328 934 2369 καὶ
953 2327 996 2369 τὸ
1018 2327 1156 2371 λοιπὸν
1174 2346 1244 2370 του
1269 2333 1371 2371 λαοῦ
1388 2329 1522 2382 μέρος,
1557 2332 1725 2400 παρατί-

278 2390 395 2427 θεται
415 2382 553 2433 αὐτοῖς
571 2401 665 2434 τους
686 2387 844 2434 παῖδας,
873 2384 940 2425 καὶ
958 2388 1100 2426 Βοῖνον
1119 2401 1190 2428 τον
1212 2387 1420 2440 πατρίκιοι)
1439 2386 1635 2440 ἐγχειρίζει
1653 2402 1725 2435 τας

279 2445 361 2481 τῶν
379 2439 618 2494 πραγμάτων
638 2438 862 2494 διοικήσεις.
922 2448 962 2478 at
983 2441 1130 2491 Pisida,
1153 2442 1259 2495 quod
1279 2442 1440 2496 quidem
1454 2443 1628 2499 plurium
1649 2456 1724 2494 ope

281 2504 319 2534 et
338 2499 479 2535 virtute
498 2499 721 2536 confectum
739 2499 837 2546 fuit,
878 2504 1004 2535 totum
1023 2498 1065 2535 id
1088 2501 1212 2537 voluit
1234 2498 1285 2537 ad
1302 2500 1430 2549 Sergii
1451 2499 1639 2549 pietatem
1661 2512 1725 2536 re-

281 2554 404 2602 ferre,
442 2561 486 2591 ut
508 2554 779 2593 tantummodo
798 2567 844 2592 eo
864 2562 1046 2605 gemente
1063 2562 1109 2592 et
1127 2556 1278 2606 virgine
1297 2554 1457 2606 deipara
1481 2561 1725 2606 protegente,

281 2610 399 2647 nullis
431 2623 523 2648 vero
553 2610 736 2649 humanis
758 2611 905 2649 viribus
922 2609 1186 2650 adnitentibus
1200 2641 1210 2660 ,
1251 2619 1287 2650 et
1309 2611 1446 2649 urbem
1471 2618 1663 2650 servatam
1687 2617 1725 2647 et

283 2673 434 2717 partam
455 2668 658 2706 victoriam
676 2681 758 2707 esse
774 2674 984 2706 constaret.
