1890 3224
614 163 871 205 PERSICAE
904 162 1174 205 ACROASIN
1207 161 1261 204 11.
1536 125 1539 130 ⁴
1570 159 1660 204 107

323 273 418 315 253.
477 271 655 310 labarum
687 280 783 325 puto
812 274 1057 324 intelligere,
1086 273 1257 309 militare
1290 270 1486 309 vexillum
1520 282 1662 306 mono-

210 340 428 384 grammate
454 322 575 394 Χ
608 333 858 382 distinctum,
890 332 999 386 quod
1024 334 1072 370 ab
1096 332 1279 370 omnibus
1305 331 1388 368 fere
1412 330 1662 380 imperatori-

210 393 284 430 bus
303 400 392 444 post
410 394 709 432 Constantinum
726 395 917 444 Magnum
928 423 938 441 ,
964 394 1033 445 qui
1049 391 1152 429 illud
1169 392 1342 439 invexit,
1372 397 1569 428 retentum
1586 396 1659 427 est.

210 450 279 486 ifle
319 451 427 486 enim
468 453 620 503 primus
654 451 952 501 imperatorium
982 450 1179 487 vexillum
1205 447 1256 485 ad
1286 448 1410 485 crucis
1439 446 1657 498 exemplar,

210 506 287 543 sibi
313 507 476 545 caelitus
499 515 701 545 ostensum
714 536 723 554 ,
754 508 796 543 in
814 519 930 543 verae
951 507 1075 543 crucis
1093 506 1263 542 formam
1280 504 1556 551 commutavit,
1585 500 1659 539 ad—

210 561 292 599 dito
324 561 468 600 Christi
492 566 653 602 nomine
667 593 678 611 ,
709 562 861 600 duobus
887 564 1047 600 Graecis
1070 562 1276 599 elementis
1297 573 1507 611 expresso,
1539 565 1582 596 ut
1601 565 1660 595 est

208 617 315 669 apud
338 621 555 657 Eusebium
575 623 617 657 in
638 622 722 657 eius
741 621 821 656 vita
844 618 913 656 lib.
942 623 959 658 1
986 633 1019 655 c.
1043 618 1111 660 25.
1170 617 1277 670 quod
1297 618 1457 667 signum
1478 628 1567 653 cum
1589 613 1661 652 de-

207 674 457 713 formidasset
475 678 622 728 impius
642 677 817 713 Iulianus
840 683 878 713 et
901 675 1147 726 abrogasset,
1178 681 1276 712 teste
1293 674 1514 712 Sozomeno
1538 671 1564 712 5
1596 674 1660 718 16,

208 733 342 768 statim
384 735 637 771 restituerunt
675 734 884 770 Gratianus
920 738 958 769 et
990 732 1312 779 Valentinianus,
1360 736 1404 766 ut
1434 735 1569 766 auctor
1602 733 1662 764 est

207 788 251 825 S.
270 788 501 827 Ambrosius
521 789 591 827 lib.
612 793 640 831 2
663 789 711 827 de
733 789 831 826 Fide
850 788 1035 836 subfin.;
1066 801 1192 839 eoque
1210 786 1353 824 deinde
1376 792 1467 823 sunt
1486 786 1549 823 usi
1568 784 1662 834 plu-

160 864 162 867 >
209 857 270 881 res
301 845 370 881 alii
401 847 682 896 imperatores,
713 846 856 897 quibus
879 852 982 882 certe
1003 843 1270 882 accensendus
1290 842 1510 880 Heraclius.
1567 838 1660 877 vide

207 901 437 952 Da-Cang.
464 902 512 939 de
531 903 607 954 inf
631 904 722 939 aevi
737 903 921 938 numism.
946 914 980 938 e.
1002 904 1071 942 20.

317 959 415 998 256.
472 959 514 994 in
531 972 593 996 ms
611 965 694 995 erat
711 957 787 998 ἐπί.
818 959 1022 995 Heraclius
1043 971 1064 993 e
1084 956 1219 993 Cilicia
1241 954 1454 1006 profectus,
1475 966 1520 990 ac
1535 953 1660 990 Tauri

205 1014 309 1064 iugis
339 1016 553 1065 superatis,
583 1016 625 1051 in
652 1016 860 1052 Ponticam
886 1015 1131 1065 provinciam
1159 1012 1339 1058 intravit,
1368 1017 1412 1047 ut
1441 1016 1577 1060 postea
1608 1021 1660 1044 ex

204 1071 392 1106 Armenia
423 1072 466 1107 in
494 1069 720 1118 Persidem,
752 1072 785 1107 si
811 1072 866 1107 ita
895 1083 956 1108 res
986 1070 1225 1120 postularet,
1256 1070 1514 1116 irrumperet3
1551 1063 1660 1116 quod

204 1124 368 1176 quidem
390 1127 430 1161 in
453 1123 626 1161 secunda
647 1125 902 1174 expeditione
923 1128 960 1160 ei
979 1127 1150 1160 feliciter
1167 1125 1313 1158 evenit.
1359 1123 1534 1172 primum
1552 1121 1659 1157 enim

203 1181 376 1229 bellum,
409 1179 458 1217 de
481 1193 559 1232 quo
581 1178 648 1216 hic
662 1193 791 1217 sermo
819 1186 900 1227 est,
934 1192 1058 1230 prope
1078 1179 1265 1215 Ponticae
1282 1179 1453 1227 regionis
1469 1178 1659 1214 terminos

204 1251 277 1274 nec
299 1237 439 1288 procul
464 1250 486 1274 a
507 1238 632 1274 Tauri
653 1236 852 1273 montibus
870 1241 1002 1272 actum
1022 1241 1094 1273 est.

315 1296 413 1333 260.
471 1291 590 1330 huius
616 1293 904 1343 strategematis
934 1292 1078 1330 similia
1101 1291 1287 1342 exempla
1309 1288 1457 1328 videsis
1475 1289 1515 1324 in
1532 1289 1659 1325 Fron-

204 1351 285 1387 tino
311 1350 334 1389 1
365 1352 393 1390 2
423 1355 462 1386 et
490 1351 515 1390 3
548 1350 615 1389 11.

316 1407 412 1446 262.
470 1406 559 1457 lege
578 1406 756 1459 αἰνετῆς,
789 1404 897 1457 quod
912 1405 1029 1443 metri
1049 1405 1146 1442 ratio
1167 1404 1361 1455 postulat,
1391 1400 1660 1454 πλαστουργία

203 1469 262 1500 est
279 1461 416 1509 fictio,
446 1475 524 1515 qua
554 1464 677 1500 utitur
706 1463 869 1500 solerter
902 1461 987 1499 dux
1017 1468 1100 1498 tam
1131 1462 1200 1499 ubi
1230 1458 1428 1497 cavendus
1448 1471 1570 1510 qnam
1589 1457 1658 1494 ubi

202 1518 485 1570 opprimendus
508 1518 633 1556 hostis
655 1526 735 1567 est,
765 1525 809 1555 ut
833 1520 887 1555 ait
909 1520 1120 1556 Frontinus
1142 1520 1184 1554 in
1201 1516 1335 1567 praef
1367 1515 1540 1565 Strateg.

314 1573 409 1616 264.
467 1577 523 1612 ita
552 1576 684 1613 forsan
713 1588 831 1612 suum
860 1576 934 1612 iter
965 1573 1195 1611 conficiebat
1227 1572 1457 1619 Heraclius,
1487 1577 1531 1607 ut
1553 1569 1658 1620 figu-

203 1645 308 1680 ram,
339 1643 441 1683 quae
465 1628 576 1680 τάξις
594 1631 839 1684 πεπλεγμένη
858 1632 906 1668 ab
926 1631 1093 1668 Aeliano
1114 1644 1147 1667 c.
1164 1629 1219 1671 48
1236 1635 1421 1675 vocatur,
1452 1626 1656 1677 exprime—

201 1696 274 1726 ret.
334 1701 425 1725 cum
452 1690 561 1726 enim
589 1701 636 1725 ea
668 1694 772 1725 esset
798 1685 1028 1724 huiusmodi
1047 1693 1092 1723 ut
1111 1685 1298 1738 spiralem
1315 1686 1464 1721 lineam
1481 1683 1659 1729 referret,

202 1751 320 1796 atque
349 1746 405 1781 ita
437 1757 555 1795 saepe
586 1745 760 1781 frontem
788 1742 1036 1790 ostenderet,
1065 1743 1182 1779 facile
1200 1742 1405 1792 imperitos
1421 1742 1562 1776 Persas
1582 1751 1658 1789 po-

200 1803 276 1838 tuit
294 1799 496 1852 decipere,
527 1801 596 1852 qui
615 1801 670 1837 ita
687 1798 969 1850 procedentem
987 1799 1206 1835 exercitum
1226 1803 1410 1847 putarent
1430 1796 1656 1832 consistere.

202 1871 247 1893 ac
263 1870 361 1894 mox
383 1856 547 1909 quidem
564 1860 683 1908 poeta
703 1857 757 1892 ait
779 1869 831 1892 ex
851 1855 1012 1907 obliquo
1033 1861 1071 1891 et
1092 1861 1314 1891 transverso
1332 1853 1472 1889 iti-nere
1483 1851 1657 1887 Heraclii

200 1912 358 1952 hostem
375 1915 499 1952 fuisse
517 1912 741 1964 deceptum.

310 1972 406 2011 271.
465 1971 610 2008 Leonis
631 1971 729 2020 imp.
750 1967 852 2006 illud
872 1974 931 2005 est
948 1967 1146 2004 monitum
1166 1979 1199 2003 c.
1222 1967 1248 2006 9
1280 1966 1355 2005 10:
1387 1964 1657 2016 περιπατοῦν-

199 2042 267 2075 τος
286 2028 360 2066 τοῦ
380 2029 550 2080 στρατοῦ
565 2025 747 2079 ’ἡγείσθω
766 2023 796 2076 ἦ
815 2022 863 2076 σὴ
881 2021 1104 2074 ἐνδοξότης.
1143 2024 1256 2059 iuxta
1278 2019 1384 2073 quod
1399 2025 1656 2071 praeceptum

198 2082 334 2121 Pisida
361 2090 618 2135 praeeuntem
645 2081 798 2119 inducit
822 2081 1075 2127 Heraclium,
1107 2080 1176 2130 qui
1207 2091 1298 2116 cum
1326 2083 1488 2129 repente
1510 2087 1654 2125 agmen

199 2142 376 2178 converti
392 2142 583 2188 iussisset,
605 2154 626 2176 e
643 2141 772 2190 primo
790 2138 918 2175 factus
932 2144 992 2174 est
1008 2137 1261 2174 novissimus.
1300 2133 1372 2183 sed
1389 2134 1518 2185 possis
1532 2133 1653 2168 etiam

198 2209 270 2247 pro
301 2198 536 2235 novissimus
563 2195 729 2234 reddere
755 2195 976 2238 secandas,
1017 2193 1131 2245 quasi
1161 2190 1296 2229 Pisida
1325 2190 1559 2227 Heraclium·
1586 2185 1653 2223 hic

198 2260 399 2304 comparet
427 2255 608 2304 aurigae,
638 2254 708 2305 qui
730 2253 771 2288 in
796 2265 932 2289 cursus
961 2250 1210 2287 contentione
1235 2261 1259 2284 a
1284 2248 1499 2298 posteriore
1530 2257 1651 2294 supe-

198 2311 275 2346 rari
293 2316 332 2347 et
349 2310 521 2362 relinqui
543 2323 597 2347 ex
618 2308 811 2346 industria
832 2308 1014 2347 voluerit.
1071 2304 1165 2344 vide
1182 2305 1286 2342 infra
1304 2317 1343 2341 v.
1365 2302 1462 2343 285.

307 2366 406 2408 275.
455 2366 754 2418 ’πλαστουργίαν
783 2371 822 2402 et
847 2360 1087 2415 ὗπόκρισιν,
1118 2374 1195 2414 qua
1227 2359 1433 2398 Heraclius
1459 2370 1553 2395 usus
1578 2362 1649 2403 est,

198 2418 335 2474 σοφήν
362 2429 502 2472 vocat,
547 2429 590 2460 ut
619 2436 742 2472 supra
768 2434 807 2458 v.
835 2424 918 2462 267
950 2415 1135 2470 αἰνετήν,
1175 2424 1219 2455 ut
1251 2416 1426 2454 nominis
1456 2412 1650 2451 invidiam

198 2480 248 2517 ab
270 2481 451 2517 Heraclio
470 2479 725 2518 submoveat:
755 2490 885 2529 neque
907 2478 1018 2514 enim·
1032 2475 1136 2512 fictio
1155 2486 1288 2525 neque
1307 2472 1507 2510 simulatio
1530 2468 1649 2520 digna

199 2549 261 2573 res
291 2543 351 2574 est
377 2538 462 2574 viro
494 2537 649 2586 integro
678 2541 716 2572 et
743 2534 849 2571 forti.
911 2532 982 2571 sed
1008 2530 1143 2570 Pisida
1173 2530 1246 2567 has
1269 2541 1386 2566 voces
1405 2525 1587 2564 adhibuit
1602 2537 1649 2561 eo

199 2594 294 2643 quia
319 2606 400 2631 non
431 2599 684 2644 suppeterent
713 2592 835 2638 aliae,
866 2602 968 2641 quae
997 2595 1037 2626 et
1058 2586 1310 2639 imperatoris
1336 2585 1460 2622 solers
1481 2584 1522 2619 in
1542 2581 1648 2618 bello

200 2649 408 2686 consilium
446 2648 697 2687 ostenderent
732 2654 770 2684 et
805 2647 922 2683 metri
955 2646 1111 2696 legibus
1141 2645 1260 2681 etiam
1286 2639 1647 2682 accomodarentur,

199 2703 399 2756 siquidem
420 2706 601 2755 Graecis,
632 2716 802 2758 quorum
817 2710 927 2740 tanta
945 2703 1022 2740 fuit
1041 2703 1083 2738 in
1106 2697 1274 2738 dicendo
1295 2698 1429 2748 copia,
1459 2707 1538 2733 uno
1557 2700 1647 2729 tan-

199 2768 285 2798 tum
315 2761 506 2800 vocabulo
534 2761 856 2815 στρατηγήματα,
900 2770 1000 2812 quae
1035 2758 1198 2796 solerter
1228 2768 1252 2791 a
1281 2753 1381 2791 duce
1407 2755 1648 2803 gererentur,

200 2816 410 2867 dixerunt3
441 2819 552 2857 cuius
579 2819 662 2857 vim
692 2817 801 2856 vocis
827 2829 918 2853 cum
935 2815 1057 2854 vellet
1074 2813 1285 2851 Frontinus
1306 2809 1445 2861 Praqsss
1472 2807 1646 2854 Strateg.
