1890 3224
265 202 333 273 52'
621 200 974 257 NICEPHosz
1011 186 1352 244 CPOLI'TANUS

263 354 411 396 χοντας
428 332 604 383 ἀξιοῦσιν
618 324 733 374 ἐντὸς
752 318 939 378 γενέσθαι
953 317 1026 368 τῆς
1041 306 1215 358 πόλεως·
1250 298 1298 346 οὗ
1324 295 1528 358 γεγονότος
1549 293 1624 343 τὰς
1645 289 1718 346 μέν

268 407 398 455 πύλας
420 400 485 445 ἐπ’
512 397 649 445 αὐτοῖς
667 391 866 440 ἴκλεισαν,
896 386 937 427 Γ
933 381 1096 439 εώργιον
1118 378 1161 420 δὲ
1182 375 1248 417 καὶ
1264 368 1451 423 Ἰωάννην
1475 365 1579 420 ξίφει
1591 361 1720 403 4ι’ῑίναι-

223 486 254 521 C
279 479 408 533 ροῦσι.
472 466 568 516 τοὺς
594 463 637 506 δὲ
662 461 738 512 ἔξω
762 461 836 502 τοῦ
861 454 1017 508 τείχους
1034 441 1352 502 ἀπολειφθέντας
1370 429 1637 492 στρατιώτας,
1652 426 1723 469 ’ἔτι

274 544 318 586 δὲ
341 541 407 584 καὶ
429 536 498 579 τὸν
519 533 679 576 Δοῦνον
703 529 768 571 καὶ
790 525 951 568 Ζωΐλον
980 524 1063 567 τοῖς
1095 516 1217 557 ἐκεῖσε
1242 501 1554 565 προσεδρεύουσι
1579 492 1724 547 Χαζά-

279 627 365 669 ροις
394 600 642 662 παραδόντες
670 600 727 655 τῷ
752 590 919 650 χαγάνῳ
944 585 1236 645 παρέπεμψαν,
1271 575 1341 626 οὓς
1367 564 1668 629 παραλαβόντες
1689 561 1759 603 οἱὸ

278 677 466 732 Χάζαροι
496 669 600 714 κατὰ
629 665 702 722 τὴν
733 662 827 706 ὁδὸν
856 658 1042 702 ἔκτειναν.
1111 650 1149 693 οἳ
1180 649 1223 691 δὲ
1246 648 1318 700 τῆς
1340 640 1493 689 πόλεως
1512 634 1730 691 Χερσιῦνος

274 739 555 790 Ἰουστιινιανὸν
570 736 644 792 μὲν
664 735 840 789 αῗσχρῶς
861 719 1193 783 δυσφημήσαντες
1211 711 1458 767 καθύβριζον
1466 739 1481 760 ,
1515 698 1733 758 Βαρδάνην

281 815 327 858 δὲ
358 812 428 855 τὸν
457 810 578 851 ἐκεῖσε
599 803 695 847 ἰίντα
716 797 919 857 ἐξόριστον
940 796 997 843 εἷς
1017 786 1186 846 βασιλέα
1209 779 1427 840 εὐφήμουν.
1495 768 1647 816 τούτων
1669 768 1735 808 αῖ-

283 879 483 935 σθόμενος
495 869 774 919 Ἰουστινιανὸς
791 867 858 909 καὶ
875 863 1023 919 μείζονι
1040 859 1166 913 θυμῷ
1182 847 1446 904 ἐξαπτόμενος
1461 842 1513 886 τὰ
1530 839 1601 894 μὲν
1614 833 1738 878 Ἠλία

283 951 402 993 τέκνα
422 950 479 1004 τῷ
495 938 672 999 μητρῴῳ
694 935 830 994 κόλπῳ
851 928 1052 990 φερόμενα
1077 922 1301 970 ἀναλίσκει,
1335 915 1408 969 τὴν
1441 911 1484 953 δὲ
1515 907 1639 951 αὐτοῦ
1665 917 1737 958 γυ·-
1751 905 1794 940 10

285 1024 405 1062 ναῖκα
424 1018 481 1071 τῷ
505 1013 593 1068 ἲᾶίῳ
618 1007 794 1064 μαγείρῳ
819 1001 1035 1055 ζευχθῆναι
1064 990 1309 1048 ἠνάγκασεν,
1337 983 1451 1037 Ἰνδῷ
1471 980 1530 1034 τῷ
1553 974 1652 1030 γένει
1673 971 1742 1012 καὶ

289 1085 370 1144 ὅλῳ
394 1082 571 1126 &vocum
586 1072 831 1131 τυγχάνοντι.
879 1068 1013 1122 ἕτερον
1034 1062 1077 1104 δέ
1098 1057 1219 1101 πάλιν
1240 1055 1363 1109 μέγαν
1385 1045 1527 1092 στόλον
1547 1037 1744 1083 ἀποστέλ-

233 1161 266 1196 D
290 1159 373 1204 λει,
410 1149 598 1205 ἡγεῖσθαι
633 1139 778 1185 τουτου
814 1128 1169 1192 προχειρισάμενος
1204 1125 1385 1175 Μαῦρον
1423 1115 1493 1156 τὸν
1526 1108 1744 1164 πατρίκιον,

292 1216 523 1278 προστάξας
543 1213 617 1266 τὴν
638 1210 711 1263 μέν
734 1204 850 1247 πόλιν
868 1202 1087 1256 Χερσῶνος
1108 1187 1459 1244 καταστρέφεσθαι
1479 1180 1544 1222 καὶ
1567 1174 1749 1221 ἅπαντας

293 1288 389 1338 τοὺς
411 1288 451 1328 ἐν
473 1283 577 1337 αὐτῇ
595 1278 772 1335 ἀφειδῶς
800 1272 1064 1314 κατακτεῖναι.
1132 1259 1154 1303 ὃ
1178 1260 1221 1301 ὁέ
1238 1255 1338 1313 πρὸς
1356 1252 1556 1307 Χερσῶνα
1572 1256 1746 1299 περαιω-
1761 1242 1804 1279 15

296 1358 386 1406 θεὶς
405 1356 476 1396 τοῦ
495 1350 610 1406 ἔργον
634 1345 772 1398 εἶ’χετο.
840 1340 939 1380 λαοῦ
961 1335 1006 1377 δὲ
1024 1328 1230 1385 Χαζάρων
1249 1320 1482 1375 ἐξαπιναίως
1499 1307 1752 1357 ἐπιπεσόντος
1805 1300 1814 1316 ’

297 1424 325 1479 ἦ
355 1423 427 1478 μὲν
455 1417 571 1466 πόλις
599 1408 879 1471 περιεσῶζετο,
914 1399 1133 1459 Βαρδάνης
1158 1396 1201 1438 δέ
1226 1391 1281 1443 ὡς
1299 1390 1368 1434 τὸν
1391 1384 1528 1442 κύριον
1549 1374 1754 1434 Χαζάρων

300 1491 435 1551 φυγὰς
465 1486 602 1544 ᾤχετο.
669 1482 850 1533 Μαῦρος
867 1474 910 1516 ὁέ
933 1470 955 1514 ὃ
977 1468 1186 1524 πατρίκιος
1206 1461 1308 1519 πρὸς
1333 1457 1404 1512 μὲν
1429 1453 1503 1507 τὴν
1525 1445 1755 1502 πολιορκίαν

1301 1528 1311 1543 ἱ

303 1555 568 1614 ἀμηχανήσας
575 1583 587 1603 ,
617 1549 867 1592 παλινοστεῖν
887 1541 930 1583 de*
949 1537 1049 1595 πρὸς
1062 1535 1340 1577 Ἰουστινιανον
1358 1519 1522 1571 δεδιώς,
1551 1515 1764 1571 συμφωνεῖ

303 1632 355 1685 τῇ
372 1624 483 1667 πόλει
500 1619 778 1676 Χερσωνιτῶν.
847 1610 913 1651 καὶ
932 1597 1301 1650 Ἰουστινιανὸνμέν
1322 1589 1583 1646 ἀπηναίνοντο
1592 1615 1606 1635 ,
1642 1580 1815 1635 Bae-20

310 1694 435 1748 δάνην
454 1690 500 1732 δὲ
518 1686 573 1736 ὥς
591 1682 763 1739 βασιλέα
783 1675 1010 1734 εὐφήμουν,
1047 1663 1289 1711 Φιλιππικὸν
1314 1659 1436 1703 αὐτὸν
1462 1647 1762 1709 μετονομάσαν-

311 1780 389 1812 τες.
457 1757 523 1800 καὶ
545 1752 647 1810 πρὸς
665 1750 734 1792 τὸν
755 1744 949 1801 Χάζαρον
968 1731 1322 1794 ὃιαπρεσβεύονται
1342 1730 1483 1770 τοῦτον
1500 1720 1602 1778 πρὸς
1619 1714 1766 1766 αὖτοὺς

195 1843 224 1878 P
248 1838 294 1876 31
319 1823 618 1873 ἀπεσταλκέναι.
686 1815 707 1859 ὃ
729 1816 772 1858 δὲ
786 1813 922 1871 ὅρκοις
938 1809 1107 1863 ἐμπεὸοἴ
1116 1803 1161 1847 τὸ
1173 1795 1394 1853 Ῥωμαϊκὸν
1412 1793 1572 1846 πλῆθος
1590 1786 1679 1841 περὶ
1695 1785 1767 1836 τῆς

316 1893 534 1954 Βαρδάνου
564 1887 764 1943 σωτηρίας
791 1879 984 1939 χρήματα
1019 1873 1166 1923 αὖτοὺς
1195 1863 1472 1926 πραξάμενος,
1507 1855 1601 1899 κατ’
1639 1851 1769 1907 ἄνδρα

411 1980 457 2015 23
475 1973 598 2018 15πέρῖ

320 2052 441 2092 xerat,
467 2046 506 2080 in
527 2043 647 2077 urbem
668 2032 915 2071 intromittunt.
960 2026 1043 2062 inde
1063 2023 1175 2071 portis
1195 2017 1340 2056 occlusis
1361 2013 1507 2051 eundem
1525 2003 1716 2050 Georgium
1734 2012 1776 2036 ac

322 2099 488 2133 Ioannem
512 2086 637 2133 gladiis
660 2083 886 2122 obtruncant,
920 2074 1047 2109 milites
1069 2070 1129 2116 qui
1148 2073 1245 2103 extra
1264 2074 1379 2098 muros
1400 2056 1515 2094 relicti
1537 2057 1656 2095 erant,
1680 2059 1773 2083 cum-

325 2154 393 2190 que
416 2139 461 2173 iis
482 2137 617 2170 Dunum
642 2141 682 2164 ac
703 2126 862 2168 Zoilum,
895 2131 959 2168 per
982 2119 1179 2158 (Jhazaros,
1213 2110 1274 2158 qui
1295 2108 1375 2142 illuc
1397 2100 1572 2150 praesidio
1594 2097 1776 2136 venerant,

326 2190 371 2223 ad
402 2186 602 2226 chaganum
630 2172 884 2210 transmittunt3
912 2177 998 2211 quos
1020 2160 1164 2197 barbari
1185 2158 1222 2192 in
1243 2155 1371 2190 itinere
1390 2145 1618 2184 interficiunt.
1663 2149 1778 2184 neque

326 2234 382 2268 his
414 2224 569 2264 contenti
593 2217 822 2254 Chersonitae
853 2214 983 2258 probra
1004 2209 1041 2243 in
1062 2204 1288 2241 Iustinianum
1312 2210 1352 2233 ac
1374 2193 1556 2230 maledicta
1577 2184 1778 2226 coniiciunt,

329 2280 473 2321 eiusque
497 2272 573 2304 loco
602 2265 796 2300 Bardanem
824 2258 995 2303 quendam
1027 2251 1178 2287 exsulem
1199 2249 1442 2292 imperatorem
1463 2238 1624 2273 salutant.
1670 2240 1781 2276 quare

329 2320 542 2359 Iustinianus
562 2312 727 2347 maiorem
750 2307 786 2340 in
812 2305 947 2337 modum
969 2298 1196 2334 exacerbatus
1219 2292 1365 2339 primum
1383 2288 1420 2321 in
1436 2283 1562 2320 Heliae
1584 2278 1696 2321 filios,
1720 2273 1781 2320 qui

333 2369 445 2405 adhuc
467 2358 630 2398 mat-ernis
654 2356 692 2389 in
712 2351 802 2387 ulnis
824 2349 1067 2393 gestabantur,
1101 2340 1284 2376 saevitiam
1306 2336 1459 2370 exercet.
1505 2333 1578 2362 tum
1597 2323 1671 2358 eius
1695 2331 1782 2355 uxo—

334 2426 408 2449 rem
431 2419 540 2454 coquo
565 2415 649 2446 sue,
671 2400 758 2435 Indo
782 2405 911 2441 genere
924 2419 933 2436 ‚
954 2396 1029 2425 toto
1051 2397 1198 2433 corpore
1220 2379 1471 2419 deformissimo
1492 2383 1556 2419 per
1572 2370 1643 2404 vim
1663 2364 1787 2411 nuptui

335 2458 458 2494 tradit.
505 2452 573 2487 alia
595 2457 713 2484 rursus
735 2452 859 2486 magna
886 2439 994 2473 classe
1022 2435 1181 2470 confecta
1208 2431 1366 2466 Maurum
1389 2418 1573 2470 patricium
1594 2411 1788 2460 praefecit3

339 2505 401 2549 qui
422 2501 636 2538 Cher-sonem
657 2489 812 2525 funditus
837 2484 954 2520 delere
982 2494 1022 2516 ac
1050 2480 1146 2514 cives
1176 2486 1293 2511 omnes
1317 2470 1408 2506 nullo
1430 2461 1628 2502 discrimine
1648 2456 1786 2492 interfi-

341 2560 422 2583 cere
450 2547 565 2579 iussus
592 2538 740 2574 traiecto
764 2532 850 2568 mari
879 2529 1028 2575 impigre
1053 2537 1126 2560 rem
1152 2529 1335 2567 aggressus
1363 2520 1429 2550 est.
1477 2509 1538 2545 sed
1559 2506 1790 2549 irrumpentes

339 2596 485 2639 repente
508 2584 657 2622 Chazari
679 2583 799 2616 urbem
822 2579 865 2612 ab
890 2575 997 2609 exitio
1020 2571 1212 2607 vindicant.
1257 2563 1434 2600 Bardanes
1457 2566 1543 2591 vero
1574 2552 1618 2586 ad
1649 2549 1787 2584 Chaze-

340 2649 457 2675 rorum
481 2632 674 2680 principem
696 2623 863 2669 confugit.
910 2619 1049 2654 interim
1072 2617 1215 2650 Maurus
1238 2607 1405 2657 patricius
1418 2631 1427 2648 ‚
1459 2612 1535 2636 cum
1558 2607 1670 2641 neque
1693 2591 1788 2628 obsi-

341 2685 478 2721 dionem
501 2688 626 2722 urgere
648 2676 771 2719 posset
790 2680 855 2703 nec
875 2667 993 2701 redire
1016 2665 1061 2699 ad
1077 2662 1321 2706 imperatorem
1344 2652 1508 2691 auderet,
1534 2654 1611 2679 cum
1636 2640 1788 2674 Cherso-

343 2730 426 2766 nitis
453 2723 655 2769 conspirans
680 2720 906 2752 Iusnmanum
931 2711 1064 2758 pariter
1087 2718 1163 2742 cum
1187 2702 1255 2739 illis
1278 2697 1414 2741 reiicit,
1449 2698 1485 2729 et
1509 2689 1703 2727 Bardanem
1724 2683 1788 2717 im—

343 2778 539 2822 peratorem
564 2765 769 2814 proclamat,
819 2770 897 2795 uem
919 2760 1048 2792 mutato
1071 2751 1208 2788 nomine
1228 2744 1461 2790 Philippicum
1486 2733 1674 2783 appellant.
1719 2730 1791 2762 tum

345 2821 490 2856 eundem
515 2826 578 2862 per
599 2812 732 2856 legatos
755 2821 776 2843 a
796 2772 957 2841 {hazaro
982 2803 1182 2847 reposcunt.
1229 2793 1289 2839 qui
1316 2794 1451 2826 cent-um
1476 2780 1591 2821 aureis
1618 2774 1749 2812 viritim
1771 2784 1793 2806 a

347 2863 512 2902 Romanis
537 2858 668 2895 exactis
693 2856 738 2892 de
764 2850 932 2891 Bardanis
955 2848 1067 2885 salute
1090 2841 1324 2882 iusiurandum
1355 2833 1464 2872 dedit.
1510 2829 1602 2863 inter
1623 2819 1791 2858 haec'Iu-
