<?xml version="1.0" encoding="UTF-8"?>
<!DOCTYPE html PUBLIC "-//W3C//DTD XHTML 1.0 Transitional//EN"
    "http://www.w3.org/TR/xhtml1/DTD/xhtml1-transitional.dtd">
<html xmlns="http://www.w3.org/1999/xhtml" xml:lang="en" lang="en">
 <head>
  <title>
</title>
<meta http-equiv="Content-Type" content="text/html;charset=utf-8" />
  <meta name='ocr-system' content='tesseract 3.04.00' />
  <meta name='ocr-capabilities' content='ocr_page ocr_carea ocr_par ocr_line ocrx_word'/>
</head>
<body>
  <div class='ocr_page' id='page_1' title='image "./corpusscriptorum42niebuoft/corpusscriptorum42niebuoft_0124.png"; bbox 0 0 1838 3210; ppageno 0'>
   <div class='ocr_carea' id='block_1_1' title="bbox 240 169 1105 218">
    <p class='ocr_par' dir='ltr' id='par_1_1' title="bbox 240 169 1105 218">
     <span class='ocr_line' id='line_1_1' title="bbox 240 169 1105 218; baseline 0.002 -2"><span class='ocrx_word' id='word_1_1' title='bbox 240 169 335 216; x_wconf 88' lang='grc'><strong>110</strong></span> <span class='ocrx_word' id='word_1_2' title='bbox 809 174 889 217; x_wconf 88' lang='lat' dir='ltr'><strong>DU</strong></span> <span class='ocrx_word' id='word_1_3' title='bbox 923 173 1105 218; x_wconf 83' lang='lat' dir='ltr'><strong>GANGII</strong></span> 
     </span>
    </p>
   </div>
   <div class='ocr_carea' id='block_1_2' title="bbox 237 278 1680 522">
    <p class='ocr_par' dir='ltr' id='par_1_2' title="bbox 237 278 1680 380">
     <span class='ocr_line' id='line_1_2' title="bbox 237 278 1680 336; baseline 0.006 -18"><span class='ocrx_word' id='word_1_4' title='bbox 237 278 408 319; x_wconf 81' lang='lat' dir='ltr'><strong>conchae</strong></span> <span class='ocrx_word' id='word_1_5' title='bbox 427 280 601 319; x_wconf 83' lang='lat' dir='ltr'><strong>marinae</strong></span> <span class='ocrx_word' id='word_1_6' title='bbox 616 279 760 331; x_wconf 82' lang='lat' dir='ltr'><strong>figura,</strong></span> <span class='ocrx_word' id='word_1_7' title='bbox 799 294 922 334; x_wconf 86' lang='lat' dir='ltr'><strong>quam</strong></span> <span class='ocrx_word' id='word_1_8' title='bbox 940 283 1175 335; x_wconf 86' lang='lat' dir='ltr'><strong>effingebat,</strong></span> <span class='ocrx_word' id='word_1_9' title='bbox 1203 295 1350 324; x_wconf 88' lang='lat' dir='ltr'><strong>nomen</strong></span> <span class='ocrx_word' id='word_1_10' title='bbox 1370 292 1428 325; x_wconf 87' lang='lat' dir='ltr'><strong>est</strong></span> <span class='ocrx_word' id='word_1_11' title='bbox 1450 286 1607 336; x_wconf 79' lang='lat' dir='ltr'><strong>sortita,</strong></span> <span class='ocrx_word' id='word_1_12' title='bbox 1635 294 1680 325; x_wconf 84' lang='lat' dir='ltr'><strong>ut</strong></span> 
     </span>
     <span class='ocr_line' id='line_1_3' title="bbox 238 339 894 380; baseline -0.005 -4"><span class='ocrx_word' id='word_1_13' title='bbox 238 344 372 376; x_wconf 84' lang='lat' dir='ltr'>auctor</span> <span class='ocrx_word' id='word_1_14' title='bbox 390 345 448 376; x_wconf 89' lang='lat' dir='ltr'><strong>est</strong></span> <span class='ocrx_word' id='word_1_15' title='bbox 465 339 711 376; x_wconf 87' lang='lat' dir='ltr'><strong>Silentiarius</strong></span> <span class='ocrx_word' id='word_1_16' title='bbox 731 350 769 375; x_wconf 88' lang='lat' dir='ltr'><strong>v.</strong></span> <span class='ocrx_word' id='word_1_17' title='bbox 789 340 894 380; x_wconf 80' lang='grc'><strong>226·</strong></span> 
     </span>
    </p>

    <p class='ocr_par' dir='ltr' id='par_1_3' title="bbox 399 390 1364 466">
     <span class='ocr_line' id='line_1_4' title="bbox 399 390 1364 466; baseline 0.003 -32"><span class='ocrx_word' id='word_1_18' title='bbox 399 390 543 462; x_wconf 83' lang='grc' dir='ltr'><strong><em>κόγχας</em></strong></span> <span class='ocrx_word' id='word_1_19' title='bbox 560 395 682 432; x_wconf 80' lang='grc' dir='ltr'><strong><em>ταῦτα</em></strong></span> <span class='ocrx_word' id='word_1_20' title='bbox 700 390 857 447; x_wconf 73' lang='grc' dir='ltr'><strong><em>κάρηνα</em></strong></span> <span class='ocrx_word' id='word_1_21' title='bbox 877 394 998 445; x_wconf 85' lang='grc' dir='ltr'><strong><em>σοφοὶ</em></strong></span> <span class='ocrx_word' id='word_1_22' title='bbox 1017 392 1225 449; x_wconf 82' lang='grc' dir='ltr'><strong><em>τεχνήμονι</em></strong></span> <span class='ocrx_word' id='word_1_23' title='bbox 1235 394 1364 466; x_wconf 76' lang='grc' dir='ltr'><strong><em>μύθῳ</em></strong></span> 
     </span>
    </p>

    <p class='ocr_par' dir='ltr' id='par_1_4' title="bbox 404 445 1515 522">
     <span class='ocr_line' id='line_1_5' title="bbox 404 445 1515 522; baseline 0.006 -33"><span class='ocrx_word' id='word_1_24' title='bbox 404 446 543 501; x_wconf 71' lang='grc' dir='ltr'><strong><em>ἀνέρες</em></strong></span> <span class='ocrx_word' id='word_1_25' title='bbox 557 445 802 501; x_wconf 76' lang='grc' dir='ltr'><strong><em>η’νδᾶξαντο·</em></strong></span> <span class='ocrx_word' id='word_1_26' title='bbox 839 450 882 492; x_wconf 79' lang='grc' dir='ltr'><strong>τὸ</strong></span> <span class='ocrx_word' id='word_1_27' title='bbox 905 449 946 493; x_wconf 79' lang='grc' dir='ltr'><strong>δ’</strong></span> <span class='ocrx_word' id='word_1_28' title='bbox 966 448 1140 522; x_wconf 72' lang='grc' dir='ltr'><strong><em>ἀτρεκές,</em></strong></span> <span class='ocrx_word' id='word_1_29' title='bbox 1172 449 1245 493; x_wconf 83' lang='grc' dir='ltr'><strong><em>εἴτ’</em></strong></span> <span class='ocrx_word' id='word_1_30' title='bbox 1267 449 1347 494; x_wconf 79' lang='grc' dir='ltr'><strong>οἷπό</strong></span> <span class='ocrx_word' id='word_1_31' title='bbox 1369 450 1515 509; x_wconf 76' lang='grc' dir='ltr'><strong><em>κόγχου</em></strong></span> 
     </span>
    </p>
   </div>
   <div class='ocr_carea' id='block_1_3' title="bbox 404 505 1655 615">
    <p class='ocr_par' dir='ltr' id='par_1_5' title="bbox 404 505 1655 615">
     <span class='ocr_line' id='line_1_6' title="bbox 404 505 1365 562; baseline 0.007 -18"><span class='ocrx_word' id='word_1_32' title='bbox 404 506 578 546; x_wconf 80' lang='grc' dir='ltr'><strong><em>εἰναλίου</em></strong></span> <span class='ocrx_word' id='word_1_33' title='bbox 598 505 781 547; x_wconf 83' lang='grc' dir='ltr'><strong><em>καλέουσι</em></strong></span> <span class='ocrx_word' id='word_1_34' title='bbox 803 505 999 561; x_wconf 85' lang='grc' dir='ltr'><em>δαήμονες</em></span> <span class='ocrx_word' id='word_1_35' title='bbox 1023 505 1096 550; x_wconf 72' lang='grc' dir='ltr'><strong><em>εἴτ’</em></strong></span> <span class='ocrx_word' id='word_1_36' title='bbox 1114 505 1195 550; x_wconf 74' lang='grc' dir='ltr'><strong>ἄπο</strong></span> <span class='ocrx_word' id='word_1_37' title='bbox 1214 508 1365 562; x_wconf 80' lang='grc' dir='ltr'><strong><em>τέχνης,</em></strong></span> 
     </span>
     <span class='ocr_line' id='line_1_7' title="bbox 404 557 1655 615; baseline 0.006 -14"><span class='ocrx_word' id='word_1_38' title='bbox 404 557 519 601; x_wconf 73' lang='grc' dir='ltr'><strong><em>αὐτοί</em></strong></span> <span class='ocrx_word' id='word_1_39' title='bbox 537 577 615 602; x_wconf 89' lang='grc' dir='ltr'><strong>που</strong></span> <span class='ocrx_word' id='word_1_40' title='bbox 635 559 810 603; x_wconf 79' lang='grc' dir='ltr'><strong><em>δεδάασι.</em></strong></span> <span class='ocrx_word' id='word_1_41' title='bbox 1630 586 1655 615; x_wconf 73' lang='lat'>0</span> 
     </span>
    </p>
   </div>
   <div class='ocr_carea' id='block_1_4' title="bbox 235 618 1683 843">
    <p class='ocr_par' dir='ltr' id='par_1_6' title="bbox 235 618 1683 784">
     <span class='ocr_line' id='line_1_8' title="bbox 235 618 1683 675; baseline 0.006 -21"><span class='ocrx_word' id='word_1_42' title='bbox 235 618 291 655; x_wconf 85' lang='lat' dir='ltr'><strong>ita</strong></span> <span class='ocrx_word' id='word_1_43' title='bbox 310 630 425 668; x_wconf 91' lang='lat' dir='ltr'><strong>porro</strong></span> <span class='ocrx_word' id='word_1_44' title='bbox 449 618 577 655; x_wconf 86' lang='lat' dir='ltr'><strong>efficta</strong></span> <span class='ocrx_word' id='word_1_45' title='bbox 595 626 678 656; x_wconf 87' lang='lat' dir='ltr'><strong>erat</strong></span> <span class='ocrx_word' id='word_1_46' title='bbox 696 619 845 657; x_wconf 91' lang='lat' dir='ltr'><strong>concha</strong></span> <span class='ocrx_word' id='word_1_47' title='bbox 862 619 1064 672; x_wconf 82' lang='lat' dir='ltr'><strong>Sophiana</strong></span> <span class='ocrx_word' id='word_1_48' title='bbox 1077 649 1088 669; x_wconf 90' lang='lat'><strong>,</strong></span> <span class='ocrx_word' id='word_1_49' title='bbox 1128 627 1173 658; x_wconf 88' lang='lat' dir='ltr'><strong>ut</strong></span> <span class='ocrx_word' id='word_1_50' title='bbox 1200 623 1273 660; x_wconf 88' lang='lat' dir='ltr'><strong>etsi</strong></span> <span class='ocrx_word' id='word_1_51' title='bbox 1289 623 1406 660; x_wconf 89' lang='lat' dir='ltr'><strong>unica</strong></span> <span class='ocrx_word' id='word_1_52' title='bbox 1423 635 1590 674; x_wconf 82' lang='lat' dir='ltr'>superne</span> <span class='ocrx_word' id='word_1_53' title='bbox 1609 636 1683 675; x_wconf 85' lang='lat' dir='ltr'><strong>ap-</strong></span> 
     </span>
     <span class='ocr_line' id='line_1_9' title="bbox 236 676 1683 731; baseline 0.005 -21"><span class='ocrx_word' id='word_1_54' title='bbox 236 681 414 725; x_wconf 86' lang='lat' dir='ltr'><strong>pareret,</strong></span> <span class='ocrx_word' id='word_1_55' title='bbox 444 676 567 712; x_wconf 86' lang='lat' dir='ltr'><strong>trinos</strong></span> <span class='ocrx_word' id='word_1_56' title='bbox 587 681 720 713; x_wconf 84' lang='lat' dir='ltr'><strong>tamen</strong></span> <span class='ocrx_word' id='word_1_57' title='bbox 738 689 915 715; x_wconf 86' lang='lat' dir='ltr'><strong>recessus</strong></span> <span class='ocrx_word' id='word_1_58' title='bbox 937 679 1105 728; x_wconf 86' lang='lat' dir='ltr'><strong>operiret</strong></span> <span class='ocrx_word' id='word_1_59' title='bbox 1125 690 1169 714; x_wconf 85' lang='lat' dir='ltr'><strong>ac</strong></span> <span class='ocrx_word' id='word_1_60' title='bbox 1186 677 1350 729; x_wconf 86' lang='lat' dir='ltr'>proinde</span> <span class='ocrx_word' id='word_1_61' title='bbox 1371 680 1568 731; x_wconf 80' lang='lat' dir='ltr'>triplicem</span> <span class='ocrx_word' id='word_1_62' title='bbox 1586 693 1683 719; x_wconf 89' lang='lat' dir='ltr'><strong>con-</strong></span> 
     </span>
     <span class='ocr_line' id='line_1_10' title="bbox 238 729 1209 784; baseline 0.004 -17"><span class='ocrx_word' id='word_1_63' title='bbox 238 729 354 768; x_wconf 84' lang='lat' dir='ltr'><strong>cham</strong></span> <span class='ocrx_word' id='word_1_64' title='bbox 371 730 556 769; x_wconf 88' lang='lat' dir='ltr'><strong>efficeret.</strong></span> <span class='ocrx_word' id='word_1_65' title='bbox 613 732 860 771; x_wconf 74' lang='lat' dir='ltr'>silentiarius</span> <span class='ocrx_word' id='word_1_66' title='bbox 880 741 981 784; x_wconf 88' lang='lat' dir='ltr'><strong>part.</strong></span> <span class='ocrx_word' id='word_1_67' title='bbox 1004 734 1025 774; x_wconf 90' lang='lat'>1</span> <span class='ocrx_word' id='word_1_68' title='bbox 1046 747 1084 771; x_wconf 87' lang='lat' dir='ltr'><strong>v.</strong></span> <span class='ocrx_word' id='word_1_69' title='bbox 1105 734 1209 774; x_wconf 81' lang='lat'><strong>272:</strong></span> 
     </span>
    </p>

    <p class='ocr_par' dir='ltr' id='par_1_7' title="bbox 404 784 1370 843">
     <span class='ocr_line' id='line_1_11' title="bbox 404 784 1370 843; baseline 0.004 -16"><span class='ocrx_word' id='word_1_70' title='bbox 404 784 460 834; x_wconf 81' lang='grc' dir='ltr'><strong>ὡς</strong></span> <span class='ocrx_word' id='word_1_71' title='bbox 480 786 509 838; x_wconf 76' lang='grc' dir='ltr'><em>ἦ</em></span> <span class='ocrx_word' id='word_1_72' title='bbox 527 785 598 839; x_wconf 80' lang='grc' dir='ltr'><strong><em>μὲν</em></strong></span> <span class='ocrx_word' id='word_1_73' title='bbox 615 784 876 839; x_wconf 80' lang='grc' dir='ltr'><strong><em>βαθύκολπος</em></strong></span> <span class='ocrx_word' id='word_1_74' title='bbox 893 786 1102 830; x_wconf 82' lang='grc' dir='ltr'><strong><em>οἷνέσσυται</em></strong></span> <span class='ocrx_word' id='word_1_75' title='bbox 1121 785 1212 843; x_wconf 77' lang='grc' dir='ltr'><strong><em>ἠέρι</em></strong></span> <span class='ocrx_word' id='word_1_76' title='bbox 1235 786 1370 843; x_wconf 79' lang='grc' dir='ltr'><strong><em>κόγχη,</em></strong></span> 
     </span>
    </p>
   </div>
   <div class='ocr_carea' id='block_1_5' title="bbox 236 840 1413 994">
    <p class='ocr_par' dir='ltr' id='par_1_8' title="bbox 236 840 1413 994">
     <span class='ocr_line' id='line_1_12' title="bbox 402 840 1413 899; baseline 0.004 -16"><span class='ocrx_word' id='word_1_77' title='bbox 402 840 570 894; x_wconf 66' lang='grc' dir='ltr'><strong><em>ὑψόθεν</em></strong></span> <span class='ocrx_word' id='word_1_78' title='bbox 594 841 833 885; x_wconf 83' lang='grc' dir='ltr'><strong><em>αντέλλουσα</em></strong></span> <span class='ocrx_word' id='word_1_79' title='bbox 856 846 946 898; x_wconf 82' lang='grc' dir='ltr'><strong><em>μία,</em></strong></span> <span class='ocrx_word' id='word_1_80' title='bbox 977 850 1168 899; x_wconf 86' lang='grc' dir='ltr'><strong><em>τρισσοῖσι</em></strong></span> <span class='ocrx_word' id='word_1_81' title='bbox 1188 844 1230 887; x_wconf 79' lang='grc' dir='ltr'><strong>δὲ</strong></span> <span class='ocrx_word' id='word_1_82' title='bbox 1252 845 1413 895; x_wconf 80' lang='grc' dir='ltr'><strong><em>κόλποις</em></strong></span> 
     </span>
     <span class='ocr_line' id='line_1_13' title="bbox 402 899 845 952; baseline 0.009 -14"><span class='ocrx_word' id='word_1_83' title='bbox 402 899 548 951; x_wconf 80' lang='grc' dir='ltr'><strong><em>νέρθεν</em></strong></span> <span class='ocrx_word' id='word_1_84' title='bbox 565 899 845 952; x_wconf 78' lang='grc' dir='ltr'><strong><em>ἔπεμβεβαυῖα.</em></strong></span> 
     </span>
     <span class='ocr_line' id='line_1_14' title="bbox 236 955 717 994; baseline 0.004 -2"><span class='ocrx_word' id='word_1_85' title='bbox 236 960 276 993; x_wconf 79' lang='lat' dir='ltr'><strong>et</strong></span> <span class='ocrx_word' id='word_1_86' title='bbox 298 968 415 994; x_wconf 82' lang='lat' dir='ltr'><strong>versu</strong></span> <span class='ocrx_word' id='word_1_87' title='bbox 435 957 517 993; x_wconf 81' lang='lat' dir='ltr'><strong>iam</strong></span> <span class='ocrx_word' id='word_1_88' title='bbox 534 955 717 994; x_wconf 88' lang='lat' dir='ltr'><strong>laudato:</strong></span> 
     </span>
    </p>
   </div>
   <div class='ocr_carea' id='block_1_6' title="bbox 236 1007 1687 1233">
    <p class='ocr_par' dir='ltr' id='par_1_9' title="bbox 402 1007 1441 1078">
     <span class='ocr_line' id='line_1_15' title="bbox 402 1007 1441 1078; baseline 0.003 -27"><span class='ocrx_word' id='word_1_89' title='bbox 402 1009 540 1078; x_wconf 78' lang='grc' dir='ltr'><strong><em>τρισσοὶ</em></strong></span> <span class='ocrx_word' id='word_1_90' title='bbox 559 1010 631 1063; x_wconf 81' lang='grc' dir='ltr'><strong><em>μὲν</em></strong></span> <span class='ocrx_word' id='word_1_91' title='bbox 647 1010 865 1054; x_wconf 79' lang='grc' dir='ltr'><strong><em>ἄντολικων</em></strong></span> <span class='ocrx_word' id='word_1_92' title='bbox 883 1007 1152 1054; x_wconf 63' lang='grc' dir='ltr'><strong><em>ἀναπέπταται</em></strong></span> <span class='ocrx_word' id='word_1_93' title='bbox 1168 1011 1279 1054; x_wconf 76' lang='grc' dir='ltr'><strong><em>ἔνδιοι</em></strong></span> <span class='ocrx_word' id='word_1_94' title='bbox 1298 1013 1441 1066; x_wconf 82' lang='grc' dir='ltr'><strong><em>τοίχων</em></strong></span> 
     </span>
    </p>

    <p class='ocr_par' dir='ltr' id='par_1_10' title="bbox 236 1063 1687 1233">
     <span class='ocr_line' id='line_1_16' title="bbox 403 1063 705 1120; baseline -0.007 -12"><span class='ocrx_word' id='word_1_95' title='bbox 403 1063 610 1120; x_wconf 70' lang='grc' dir='ltr'><strong><em>’ἡμιτόμων</em></strong></span> <span class='ocrx_word' id='word_1_96' title='bbox 631 1075 705 1106; x_wconf 90' lang='lat' dir='ltr'><strong>etc.</strong></span> 
     </span>
     <span class='ocr_line' id='line_1_17' title="bbox 237 1123 1686 1175; baseline 0.003 -15"><span class='ocrx_word' id='word_1_97' title='bbox 237 1123 306 1161; x_wconf 87' lang='lat' dir='ltr'><strong>ubi</strong></span> <span class='ocrx_word' id='word_1_98' title='bbox 326 1125 420 1162; x_wconf 88' lang='lat' dir='ltr'><strong>satis</strong></span> <span class='ocrx_word' id='word_1_99' title='bbox 437 1124 608 1162; x_wconf 89' lang='lat' dir='ltr'><strong>ostendit</strong></span> <span class='ocrx_word' id='word_1_100' title='bbox 623 1125 794 1172; x_wconf 83' lang='lat' dir='ltr'><strong>inferne,</strong></span> <span class='ocrx_word' id='word_1_101' title='bbox 825 1137 896 1162; x_wconf 90' lang='lat' dir='ltr'><strong>seu</strong></span> <span class='ocrx_word' id='word_1_102' title='bbox 915 1124 986 1162; x_wconf 91' lang='lat' dir='ltr'><strong>sub</strong></span> <span class='ocrx_word' id='word_1_103' title='bbox 1005 1123 1176 1162; x_wconf 86' lang='lat' dir='ltr'><strong>conchae</strong></span> <span class='ocrx_word' id='word_1_104' title='bbox 1194 1125 1459 1175; x_wconf 85' lang='lat' dir='ltr'><strong>volutatione,</strong></span> <span class='ocrx_word' id='word_1_105' title='bbox 1492 1131 1571 1165; x_wconf 87' lang='lat' dir='ltr'><strong>tres</strong></span> <span class='ocrx_word' id='word_1_106' title='bbox 1591 1139 1686 1164; x_wconf 85' lang='lat' dir='ltr'><strong>con-</strong></span> 
     </span>
     <span class='ocr_line' id='line_1_18' title="bbox 236 1178 1687 1233; baseline 0.003 -17"><span class='ocrx_word' id='word_1_107' title='bbox 236 1178 330 1217; x_wconf 88' lang='lat' dir='ltr'><strong>chas</strong></span> <span class='ocrx_word' id='word_1_108' title='bbox 353 1181 564 1230; x_wconf 80' lang='lat' dir='ltr'><strong>contineri,</strong></span> <span class='ocrx_word' id='word_1_109' title='bbox 605 1193 708 1232; x_wconf 84' lang='lat' dir='ltr'><strong>quae</strong></span> <span class='ocrx_word' id='word_1_110' title='bbox 737 1182 853 1218; x_wconf 86' lang='lat' dir='ltr'><strong>unica</strong></span> <span class='ocrx_word' id='word_1_111' title='bbox 874 1179 1064 1232; x_wconf 84' lang='lat' dir='ltr'>sphaerae</span> <span class='ocrx_word' id='word_1_112' title='bbox 1085 1187 1223 1233; x_wconf 86' lang='lat' dir='ltr'><strong>quarta</strong></span> <span class='ocrx_word' id='word_1_113' title='bbox 1239 1188 1349 1232; x_wconf 87' lang='lat' dir='ltr'><strong>parte</strong></span> <span class='ocrx_word' id='word_1_114' title='bbox 1370 1183 1617 1220; x_wconf 85' lang='lat' dir='ltr'><strong>continentur</strong></span> <span class='ocrx_word' id='word_1_115' title='bbox 1640 1195 1687 1220; x_wconf 83' lang='lat' dir='ltr'><strong>ao</strong></span> 
     </span>
    </p>
   </div>
   <div class='ocr_carea' id='block_1_7' title="bbox 232 1236 1686 1334">
    <p class='ocr_par' dir='ltr' id='par_1_11' title="bbox 232 1236 1686 1334">
     <span class='ocr_line' id='line_1_19' title="bbox 236 1236 1686 1290; baseline 0.003 -17"><span class='ocrx_word' id='word_1_116' title='bbox 236 1243 512 1287; x_wconf 88' lang='lat' dir='ltr'><strong>conteguntur.</strong></span> <span class='ocrx_word' id='word_1_117' title='bbox 584 1238 710 1276; x_wconf 86' lang='lat' dir='ltr'><strong>trinos</strong></span> <span class='ocrx_word' id='word_1_118' title='bbox 759 1238 854 1275; x_wconf 89' lang='lat' dir='ltr'><strong>istos</strong></span> <span class='ocrx_word' id='word_1_119' title='bbox 899 1249 1075 1274; x_wconf 85' lang='lat' dir='ltr'><strong>recessus</strong></span> <span class='ocrx_word' id='word_1_120' title='bbox 1113 1237 1217 1274; x_wconf 87' lang='lat' dir='ltr'><strong>belle</strong></span> <span class='ocrx_word' id='word_1_121' title='bbox 1253 1236 1459 1290; x_wconf 86' lang='lat' dir='ltr'><strong>descripsit</strong></span> <span class='ocrx_word' id='word_1_122' title='bbox 1494 1240 1686 1278; x_wconf 81' lang='lat' dir='ltr'><strong>Paulinus</strong></span> 
     </span>
     <span class='ocr_line' id='line_1_20' title="bbox 232 1294 420 1334; baseline 0 -4"><span class='ocrx_word' id='word_1_123' title='bbox 232 1294 321 1332; x_wconf 87' lang='lat' dir='ltr'><strong>Nat.</strong></span> <span class='ocrx_word' id='word_1_124' title='bbox 347 1294 420 1334; x_wconf 87' lang='lat'><strong>10:</strong></span> 
     </span>
    </p>
   </div>
   <div class='ocr_carea' id='block_1_8' title="bbox 237 1348 1699 2860">
    <p class='ocr_par' dir='ltr' id='par_1_12' title="bbox 452 1348 1315 1389">
     <span class='ocr_line' id='line_1_21' title="bbox 452 1348 1315 1389; baseline 0.001 -4"><span class='ocrx_word' id='word_1_125' title='bbox 452 1355 510 1385; x_wconf 79' lang='lat' dir='ltr'><strong>est</strong></span> <span class='ocrx_word' id='word_1_126' title='bbox 525 1349 644 1386; x_wconf 85' lang='lat' dir='ltr'><strong>etiam</strong></span> <span class='ocrx_word' id='word_1_127' title='bbox 660 1348 839 1386; x_wconf 85' lang='lat' dir='ltr'><strong>interiore</strong></span> <span class='ocrx_word' id='word_1_128' title='bbox 857 1348 950 1389; x_wconf 76' lang='lat' dir='ltr'><strong>sinn</strong></span> <span class='ocrx_word' id='word_1_129' title='bbox 968 1348 1130 1385; x_wconf 82' lang='lat' dir='ltr'><strong>maioris</strong></span> <span class='ocrx_word' id='word_1_130' title='bbox 1149 1349 1193 1385; x_wconf 89' lang='lat' dir='ltr'><strong>in</strong></span> <span class='ocrx_word' id='word_1_131' title='bbox 1214 1348 1315 1386; x_wconf 80' lang='lat' dir='ltr'><strong>aula</strong></span> 
     </span>
    </p>

    <p class='ocr_par' dir='ltr' id='par_1_13' title="bbox 450 1403 1438 1455">
     <span class='ocr_line' id='line_1_22' title="bbox 450 1403 1438 1455; baseline 0.002 -14"><span class='ocrx_word' id='word_1_132' title='bbox 450 1406 572 1441; x_wconf 75' lang='lat' dir='ltr'><strong>insita</strong></span> <span class='ocrx_word' id='word_1_133' title='bbox 589 1404 691 1442; x_wconf 85' lang='lat' dir='ltr'><strong>cella</strong></span> <span class='ocrx_word' id='word_1_134' title='bbox 702 1403 866 1455; x_wconf 80' lang='lat' dir='ltr'><strong>procul,</strong></span> <span class='ocrx_word' id='word_1_135' title='bbox 896 1404 1117 1455; x_wconf 78' lang='lat' dir='ltr'><strong>quasifilia</strong></span> <span class='ocrx_word' id='word_1_136' title='bbox 1135 1404 1320 1442; x_wconf 77' lang='lat' dir='ltr'><strong>culminis</strong></span> <span class='ocrx_word' id='word_1_137' title='bbox 1338 1406 1438 1451; x_wconf 80' lang='lat' dir='ltr'><strong>eius,</strong></span> 
     </span>
    </p>

    <p class='ocr_par' dir='ltr' id='par_1_14' title="bbox 452 1461 1304 1512">
     <span class='ocr_line' id='line_1_23' title="bbox 452 1461 1304 1512; baseline 0.001 -14"><span class='ocrx_word' id='word_1_138' title='bbox 452 1461 607 1498; x_wconf 84' lang='lat' dir='ltr'><strong>stellato</strong></span> <span class='ocrx_word' id='word_1_139' title='bbox 622 1462 795 1512; x_wconf 82' lang='lat' dir='ltr'><strong>spatiosa</strong></span> <span class='ocrx_word' id='word_1_140' title='bbox 817 1461 927 1506; x_wconf 78' lang='lat' dir='ltr'><strong>sinu,</strong></span> <span class='ocrx_word' id='word_1_141' title='bbox 956 1461 1134 1512; x_wconf 79' lang='lat' dir='ltr'><strong>trinoque</strong></span> <span class='ocrx_word' id='word_1_142' title='bbox 1151 1474 1304 1499; x_wconf 79' lang='lat' dir='ltr'><strong>recessu</strong></span> 
     </span>
    </p>

    <p class='ocr_par' dir='ltr' id='par_1_15' title="bbox 237 1516 1699 2860">
     <span class='ocr_line' id='line_1_24' title="bbox 454 1516 961 1567; baseline -0.002 -13"><span class='ocrx_word' id='word_1_143' title='bbox 454 1516 653 1567; x_wconf 55' lang='lat' dir='ltr'><strong>dispositis</strong></span> <span class='ocrx_word' id='word_1_144' title='bbox 670 1519 831 1554; x_wconf 73' lang='lat' dir='ltr'><strong>sinuata</strong></span> <span class='ocrx_word' id='word_1_145' title='bbox 851 1516 961 1553; x_wconf 82' lang='lat' dir='ltr'><strong>locis.</strong></span> 
     </span>
     <span class='ocr_line' id='line_1_25' title="bbox 237 1571 1690 1623; baseline -0.001 -13"><span class='ocrx_word' id='word_1_146' title='bbox 237 1578 277 1610; x_wconf 87' lang='lat' dir='ltr'><strong>et</strong></span> <span class='ocrx_word' id='word_1_147' title='bbox 295 1571 423 1623; x_wconf 84' lang='lat' dir='ltr'><strong>Epist.</strong></span> <span class='ocrx_word' id='word_1_148' title='bbox 449 1574 503 1613; x_wconf 80' lang='lat'><strong>12</strong></span> <span class='ocrx_word' id='word_1_149' title='bbox 523 1572 573 1610; x_wconf 88' lang='lat' dir='ltr'><strong>ad</strong></span> <span class='ocrx_word' id='word_1_150' title='bbox 591 1574 807 1611; x_wconf 85' lang='lat' dir='ltr'><strong>Severum:</strong></span> <span class='ocrx_word' id='word_1_151' title='bbox 829 1579 1063 1622; x_wconf 64' lang='lat' dir='ltr'><strong>prospectus</strong></span> <span class='ocrx_word' id='word_1_152' title='bbox 1083 1586 1172 1610; x_wconf 71' lang='lat' dir='ltr'><strong>vero</strong></span> <span class='ocrx_word' id='word_1_153' title='bbox 1192 1572 1406 1618; x_wconf 77' lang='lat' dir='ltr'><strong>basilicae,</strong></span> <span class='ocrx_word' id='word_1_154' title='bbox 1438 1586 1518 1611; x_wconf 90' lang='lat' dir='ltr'><strong>non</strong></span> <span class='ocrx_word' id='word_1_155' title='bbox 1540 1579 1587 1610; x_wconf 85' lang='lat' dir='ltr'><strong>ut</strong></span> <span class='ocrx_word' id='word_1_156' title='bbox 1605 1572 1690 1613; x_wconf 69' lang='lat' dir='ltr'><strong>usi-</strong></span> 
     </span>
     <span class='ocr_line' id='line_1_26' title="bbox 237 1628 1690 1680; baseline -0.001 -14"><span class='ocrx_word' id='word_1_157' title='bbox 237 1630 356 1666; x_wconf 82' lang='lat' dir='ltr'><strong>tatior</strong></span> <span class='ocrx_word' id='word_1_158' title='bbox 372 1641 456 1665; x_wconf 79' lang='lat' dir='ltr'><strong>mos</strong></span> <span class='ocrx_word' id='word_1_159' title='bbox 473 1636 546 1674; x_wconf 85' lang='lat' dir='ltr'><strong>est,</strong></span> <span class='ocrx_word' id='word_1_160' title='bbox 573 1629 645 1666; x_wconf 77' lang='lat' dir='ltr'><strong>sed</strong></span> <span class='ocrx_word' id='word_1_161' title='bbox 665 1629 723 1666; x_wconf 81' lang='lat' dir='ltr'><strong>ad</strong></span> <span class='ocrx_word' id='word_1_162' title='bbox 739 1629 890 1666; x_wconf 85' lang='lat' dir='ltr'><strong>domini</strong></span> <span class='ocrx_word' id='word_1_163' title='bbox 914 1630 993 1664; x_wconf 88' lang='lat' dir='ltr'><strong>mei</strong></span> <span class='ocrx_word' id='word_1_164' title='bbox 1011 1628 1116 1666; x_wconf 84' lang='lat' dir='ltr'><strong>beati</strong></span> <span class='ocrx_word' id='word_1_165' title='bbox 1120 1629 1260 1680; x_wconf 76' lang='lat' dir='ltr'><strong>filicis</strong></span> <span class='ocrx_word' id='word_1_166' title='bbox 1282 1628 1490 1666; x_wconf 76' lang='lat' dir='ltr'><strong>basilicam</strong></span> <span class='ocrx_word' id='word_1_167' title='bbox 1501 1629 1690 1677; x_wconf 83' lang='lat' dir='ltr'><strong>pertinet,</strong></span> 
     </span>
     <span class='ocr_line' id='line_1_27' title="bbox 237 1684 1692 1735; baseline 0 -14"><span class='ocrx_word' id='word_1_168' title='bbox 237 1685 467 1722; x_wconf 84' lang='lat' dir='ltr'><strong>memoriam</strong></span> <span class='ocrx_word' id='word_1_169' title='bbox 496 1686 578 1722; x_wconf 80' lang='lat' dir='ltr'><strong>eius</strong></span> <span class='ocrx_word' id='word_1_170' title='bbox 607 1686 826 1735; x_wconf 71' lang='lat' dir='ltr'><strong>aspiciens:</strong></span> <span class='ocrx_word' id='word_1_171' title='bbox 868 1691 1000 1721; x_wconf 82' lang='lat' dir='ltr'><strong>tamen</strong></span> <span class='ocrx_word' id='word_1_172' title='bbox 1033 1699 1124 1722; x_wconf 78' lang='lat' dir='ltr'><strong>oum</strong></span> <span class='ocrx_word' id='word_1_173' title='bbox 1151 1684 1308 1722; x_wconf 78' lang='lat' dir='ltr'><strong>duabus</strong></span> <span class='ocrx_word' id='word_1_174' title='bbox 1334 1684 1450 1722; x_wconf 74' lang='lat' dir='ltr'><strong>laeva</strong></span> <span class='ocrx_word' id='word_1_175' title='bbox 1479 1685 1692 1735; x_wconf 80' lang='lat' dir='ltr'><strong>dextraque</strong></span> 
     </span>
     <span class='ocr_line' id='line_1_28' title="bbox 239 1739 1692 1792; baseline 0 -15"><span class='ocrx_word' id='word_1_176' title='bbox 239 1740 443 1778; x_wconf 75' lang='lat' dir='ltr'><strong>conchulis</strong></span> <span class='ocrx_word' id='word_1_177' title='bbox 460 1742 567 1778; x_wconf 82' lang='lat' dir='ltr'><strong>intra</strong></span> <span class='ocrx_word' id='word_1_178' title='bbox 584 1743 801 1792; x_wconf 79' lang='lat' dir='ltr'><strong>spatiosum</strong></span> <span class='ocrx_word' id='word_1_179' title='bbox 816 1741 881 1778; x_wconf 77' lang='lat' dir='ltr'><strong>sui</strong></span> <span class='ocrx_word' id='word_1_180' title='bbox 897 1739 1092 1779; x_wconf 81' lang='lat' dir='ltr'><strong>ambitum</strong></span> <span class='ocrx_word' id='word_1_181' title='bbox 1108 1743 1216 1792; x_wconf 71' lang='lat' dir='ltr'><strong>apsi-s·</strong></span> <span class='ocrx_word' id='word_1_182' title='bbox 1229 1742 1390 1778; x_wconf 76' lang='lat' dir='ltr'><strong>sinuata</strong></span> <span class='ocrx_word' id='word_1_183' title='bbox 1406 1741 1579 1786; x_wconf 75' lang='lat' dir='ltr'><strong>laxetur,</strong></span> <span class='ocrx_word' id='word_1_184' title='bbox 1608 1754 1692 1778; x_wconf 83' lang='lat' dir='ltr'><strong>una</strong></span> 
     </span>
     <span class='ocr_line' id='line_1_29' title="bbox 239 1796 1694 1847; baseline -0.001 -13"><span class='ocrx_word' id='word_1_185' title='bbox 239 1811 377 1834; x_wconf 75' lang='lat' dir='ltr'><strong>earum</strong></span> <span class='ocrx_word' id='word_1_186' title='bbox 403 1797 626 1835; x_wconf 82' lang='lat' dir='ltr'><strong>immolanti</strong></span> <span class='ocrx_word' id='word_1_187' title='bbox 655 1797 804 1835; x_wconf 77' lang='lat' dir='ltr'><strong>hostias</strong></span> <span class='ocrx_word' id='word_1_188' title='bbox 836 1796 1081 1834; x_wconf 83' lang='lat' dir='ltr'><strong>iubilationis</strong></span> <span class='ocrx_word' id='word_1_189' title='bbox 1102 1798 1270 1834; x_wconf 77' lang='lat' dir='ltr'><strong>antistiti</strong></span> <span class='ocrx_word' id='word_1_190' title='bbox 1289 1804 1421 1847; x_wconf 79' lang='lat' dir='ltr'><strong>patet,</strong></span> <span class='ocrx_word' id='word_1_191' title='bbox 1459 1797 1587 1834; x_wconf 84' lang='lat' dir='ltr'><strong>altera</strong></span> <span class='ocrx_word' id='word_1_192' title='bbox 1598 1803 1694 1846; x_wconf 81' lang='lat' dir='ltr'><strong>post</strong></span> 
     </span>
     <span class='ocr_line' id='line_1_30' title="bbox 238 1853 1693 1904; baseline -0.001 -13"><span class='ocrx_word' id='word_1_193' title='bbox 238 1853 479 1891; x_wconf 78' lang='lat' dir='ltr'><strong>sacerdotem</strong></span> <span class='ocrx_word' id='word_1_194' title='bbox 499 1855 641 1904; x_wconf 80' lang='lat' dir='ltr'><strong>capaci</strong></span> <span class='ocrx_word' id='word_1_195' title='bbox 659 1855 750 1891; x_wconf 76' lang='lat' dir='ltr'><strong>sinu</strong></span> <span class='ocrx_word' id='word_1_196' title='bbox 769 1860 940 1903; x_wconf 85' lang='lat' dir='ltr'><strong>receptat</strong></span> <span class='ocrx_word' id='word_1_197' title='bbox 959 1861 1132 1891; x_wconf 77' lang='lat' dir='ltr'><strong>ovantes.</strong></span> <span class='ocrx_word' id='word_1_198' title='bbox 1192 1854 1390 1904; x_wconf 83' lang='lat' dir='ltr'><strong>triplicem</strong></span> <span class='ocrx_word' id='word_1_199' title='bbox 1418 1855 1540 1904; x_wconf 87' lang='lat' dir='ltr'><strong>igitur</strong></span> <span class='ocrx_word' id='word_1_200' title='bbox 1561 1865 1693 1890; x_wconf 82' lang='lat' dir='ltr'><strong>reces-</strong></span> 
     </span>
     <span class='ocr_line' id='line_1_31' title="bbox 241 1908 1694 1957; baseline -0.002 -9"><span class='ocrx_word' id='word_1_201' title='bbox 241 1923 331 1948; x_wconf 87' lang='lat' dir='ltr'><strong>sum</strong></span> <span class='ocrx_word' id='word_1_202' title='bbox 350 1908 488 1947; x_wconf 84' lang='lat' dir='ltr'><strong>habuit</strong></span> <span class='ocrx_word' id='word_1_203' title='bbox 514 1909 663 1948; x_wconf 88' lang='lat' dir='ltr'><strong>concha</strong></span> <span class='ocrx_word' id='word_1_204' title='bbox 683 1910 755 1948; x_wconf 92' lang='lat' dir='ltr'><strong>sub</strong></span> <span class='ocrx_word' id='word_1_205' title='bbox 775 1908 916 1947; x_wconf 89' lang='lat' dir='ltr'><strong>eadem</strong></span> <span class='ocrx_word' id='word_1_206' title='bbox 935 1911 1291 1957; x_wconf 83' lang='lat' dir='ltr'><strong>concameratione,</strong></span> <span class='ocrx_word' id='word_1_207' title='bbox 1329 1911 1520 1947; x_wconf 86' lang='lat' dir='ltr'><strong>maiorem</strong></span> <span class='ocrx_word' id='word_1_208' title='bbox 1545 1915 1583 1946; x_wconf 89' lang='lat' dir='ltr'><strong>et</strong></span> <span class='ocrx_word' id='word_1_209' title='bbox 1603 1921 1694 1946; x_wconf 90' lang='lat' dir='ltr'><strong>me-</strong></span> 
     </span>
     <span class='ocr_line' id='line_1_32' title="bbox 243 1963 1695 2018; baseline -0.001 -14"><span class='ocrx_word' id='word_1_210' title='bbox 243 1965 354 2004; x_wconf 90' lang='lat' dir='ltr'><strong>dium</strong></span> <span class='ocrx_word' id='word_1_211' title='bbox 366 1995 376 2014; x_wconf 94' lang='lat'>‚</span> <span class='ocrx_word' id='word_1_212' title='bbox 410 1967 452 2003; x_wconf 89' lang='lat' dir='ltr'><strong>in</strong></span> <span class='ocrx_word' id='word_1_213' title='bbox 476 1979 553 2018; x_wconf 92' lang='lat' dir='ltr'><strong>quo</strong></span> <span class='ocrx_word' id='word_1_214' title='bbox 574 1973 657 2003; x_wconf 90' lang='lat' dir='ltr'><strong>erat</strong></span> <span class='ocrx_word' id='word_1_215' title='bbox 679 1979 789 2004; x_wconf 86' lang='lat' dir='ltr'><strong>sacra</strong></span> <span class='ocrx_word' id='word_1_216' title='bbox 806 1979 944 2003; x_wconf 90' lang='lat' dir='ltr'><strong>mensa</strong></span> <span class='ocrx_word' id='word_1_217' title='bbox 963 1973 1001 2003; x_wconf 92' lang='lat' dir='ltr'><strong>et</strong></span> <span class='ocrx_word' id='word_1_218' title='bbox 1019 1965 1267 2004; x_wconf 80' lang='lat' dir='ltr'><strong>sacerdotum</strong></span> <span class='ocrx_word' id='word_1_219' title='bbox 1283 1964 1396 2003; x_wconf 86' lang='lat' dir='ltr'><strong>sedes</strong></span> <span class='ocrx_word' id='word_1_220' title='bbox 1418 1979 1488 2003; x_wconf 91' lang='lat' dir='ltr'><strong>seu</strong></span> <span class='ocrx_word' id='word_1_221' title='bbox 1507 1963 1695 2016; x_wconf 86' lang='lat' dir='ltr'><strong>synthro-</strong></span> 
     </span>
     <span class='ocr_line' id='line_1_33' title="bbox 242 2020 1694 2073; baseline -0.001 -13"><span class='ocrx_word' id='word_1_222' title='bbox 242 2035 339 2070; x_wconf 88' lang='lat' dir='ltr'><strong>nus,</strong></span> <span class='ocrx_word' id='word_1_223' title='bbox 371 2020 469 2060; x_wconf 92' lang='lat' dir='ltr'><strong>duos</strong></span> <span class='ocrx_word' id='word_1_224' title='bbox 488 2029 691 2073; x_wconf 89' lang='lat' dir='ltr'><strong>praeterea</strong></span> <span class='ocrx_word' id='word_1_225' title='bbox 713 2024 812 2060; x_wconf 89' lang='lat' dir='ltr'><strong>alios</strong></span> <span class='ocrx_word' id='word_1_226' title='bbox 831 2023 1003 2059; x_wconf 90' lang='lat' dir='ltr'><strong>minores</strong></span> <span class='ocrx_word' id='word_1_227' title='bbox 1016 2051 1026 2069; x_wconf 94' lang='lat'>‚</span> <span class='ocrx_word' id='word_1_228' title='bbox 1066 2023 1232 2059; x_wconf 88' lang='lat' dir='ltr'><strong>alterum</strong></span> <span class='ocrx_word' id='word_1_229' title='bbox 1263 2020 1315 2058; x_wconf 91' lang='lat' dir='ltr'><strong>ad</strong></span> <span class='ocrx_word' id='word_1_230' title='bbox 1336 2020 1517 2058; x_wconf 83' lang='lat' dir='ltr'><strong>dextram</strong></span> <span class='ocrx_word' id='word_1_231' title='bbox 1539 2033 1611 2058; x_wconf 85' lang='lat' dir='ltr'><strong>seu</strong></span> <span class='ocrx_word' id='word_1_232' title='bbox 1627 2034 1694 2058; x_wconf 88' lang='lat' dir='ltr'><strong>se-</strong></span> 
     </span>
     <span class='ocr_line' id='line_1_34' title="bbox 242 2076 1695 2130; baseline -0.001 -15"><span class='ocrx_word' id='word_1_233' title='bbox 242 2080 518 2129; x_wconf 88' lang='lat' dir='ltr'><strong>ptentrionem,</strong></span> <span class='ocrx_word' id='word_1_234' title='bbox 541 2091 660 2130; x_wconf 92' lang='lat' dir='ltr'><strong>quem</strong></span> <span class='ocrx_word' id='word_1_235' title='bbox 680 2077 898 2129; x_wconf 89' lang='lat' dir='ltr'><strong>prothesim</strong></span> <span class='ocrx_word' id='word_1_236' title='bbox 914 2078 1119 2124; x_wconf 82' lang='lat' dir='ltr'><strong>vocabant,</strong></span> <span class='ocrx_word' id='word_1_237' title='bbox 1147 2079 1314 2114; x_wconf 88' lang='lat' dir='ltr'><strong>alterum</strong></span> <span class='ocrx_word' id='word_1_238' title='bbox 1331 2076 1382 2114; x_wconf 88' lang='lat' dir='ltr'><strong>ad</strong></span> <span class='ocrx_word' id='word_1_239' title='bbox 1405 2079 1605 2114; x_wconf 85' lang='lat' dir='ltr'><strong>sinistram</strong></span> <span class='ocrx_word' id='word_1_240' title='bbox 1623 2089 1695 2114; x_wconf 88' lang='lat' dir='ltr'><strong>seu</strong></span> 
     </span>
     <span class='ocr_line' id='line_1_35' title="bbox 242 2132 1694 2185; baseline -0.001 -14"><span class='ocrx_word' id='word_1_241' title='bbox 242 2133 463 2182; x_wconf 87' lang='lat' dir='ltr'><strong>meridiem,</strong></span> <span class='ocrx_word' id='word_1_242' title='bbox 495 2133 742 2171; x_wconf 84' lang='lat' dir='ltr'><strong>diaconicum</strong></span> <span class='ocrx_word' id='word_1_243' title='bbox 761 2135 1015 2185; x_wconf 84' lang='lat' dir='ltr'><strong>appellatum,</strong></span> <span class='ocrx_word' id='word_1_244' title='bbox 1045 2135 1104 2170; x_wconf 89' lang='lat' dir='ltr'><strong>uti</strong></span> <span class='ocrx_word' id='word_1_245' title='bbox 1125 2146 1223 2170; x_wconf 85' lang='lat' dir='ltr'><strong>mox</strong></span> <span class='ocrx_word' id='word_1_246' title='bbox 1242 2132 1508 2171; x_wconf 86' lang='lat' dir='ltr'><strong>ostendemus.</strong></span> <span class='ocrx_word' id='word_1_247' title='bbox 1551 2145 1694 2184; x_wconf 87' lang='lat' dir='ltr'><strong>quem-</strong></span> 
     </span>
     <span class='ocr_line' id='line_1_36' title="bbox 243 2187 1695 2241; baseline -0.001 -14"><span class='ocrx_word' id='word_1_248' title='bbox 243 2189 460 2228; x_wconf 79' lang='lat' dir='ltr'><strong>admodum</strong></span> <span class='ocrx_word' id='word_1_249' title='bbox 483 2197 618 2227; x_wconf 88' lang='lat' dir='ltr'><strong>autem</strong></span> <span class='ocrx_word' id='word_1_250' title='bbox 637 2197 675 2226; x_wconf 89' lang='lat' dir='ltr'><strong>et</strong></span> <span class='ocrx_word' id='word_1_251' title='bbox 693 2203 813 2241; x_wconf 87' lang='lat' dir='ltr'><strong>quare</strong></span> <span class='ocrx_word' id='word_1_252' title='bbox 831 2191 979 2240; x_wconf 86' lang='lat' dir='ltr'><strong>triplex</strong></span> <span class='ocrx_word' id='word_1_253' title='bbox 997 2187 1146 2226; x_wconf 89' lang='lat' dir='ltr'><strong>concha</strong></span> <span class='ocrx_word' id='word_1_254' title='bbox 1165 2189 1292 2226; x_wconf 86' lang='lat' dir='ltr'><strong>efficta</strong></span> <span class='ocrx_word' id='word_1_255' title='bbox 1309 2190 1440 2236; x_wconf 87' lang='lat' dir='ltr'><strong>fuerit,</strong></span> <span class='ocrx_word' id='word_1_256' title='bbox 1462 2191 1517 2227; x_wconf 91' lang='lat' dir='ltr'><strong>sic</strong></span> <span class='ocrx_word' id='word_1_257' title='bbox 1534 2194 1695 2226; x_wconf 81' lang='lat' dir='ltr'><strong>narrant</strong></span> 
     </span>
     <span class='ocr_line' id='line_1_37' title="bbox 242 2244 1694 2298; baseline -0.002 -14"><span class='ocrx_word' id='word_1_258' title='bbox 242 2247 432 2298; x_wconf 87' lang='lat' dir='ltr'><strong>postremi</strong></span> <span class='ocrx_word' id='word_1_259' title='bbox 450 2247 537 2283; x_wconf 86' lang='lat' dir='ltr'><strong>aevi</strong></span> <span class='ocrx_word' id='word_1_260' title='bbox 554 2247 750 2283; x_wconf 85' lang='lat' dir='ltr'><strong>Graeculi.</strong></span> <span class='ocrx_word' id='word_1_261' title='bbox 793 2245 953 2284; x_wconf 89' lang='lat' dir='ltr'><strong>tradunt</strong></span> <span class='ocrx_word' id='word_1_262' title='bbox 974 2247 1120 2297; x_wconf 90' lang='lat' dir='ltr'><strong>quippe</strong></span> <span class='ocrx_word' id='word_1_263' title='bbox 1142 2244 1374 2284; x_wconf 83' lang='lat' dir='ltr'><strong>architectos</strong></span> <span class='ocrx_word' id='word_1_264' title='bbox 1392 2258 1548 2284; x_wconf 88' lang='lat' dir='ltr'><strong>sacrum</strong></span> <span class='ocrx_word' id='word_1_265' title='bbox 1564 2245 1694 2292; x_wconf 89' lang='lat' dir='ltr'><strong>bema,</strong></span> 
     </span>
     <span class='ocr_line' id='line_1_38' title="bbox 243 2298 1696 2354; baseline -0.003 -13"><span class='ocrx_word' id='word_1_266' title='bbox 243 2315 314 2341; x_wconf 81' lang='lat' dir='ltr'><strong>seu</strong></span> <span class='ocrx_word' id='word_1_267' title='bbox 335 2303 466 2353; x_wconf 88' lang='lat' dir='ltr'><strong>potius</strong></span> <span class='ocrx_word' id='word_1_268' title='bbox 488 2299 532 2341; x_wconf 77' lang='grc' dir='ltr'><strong>τό</strong></span> <span class='ocrx_word' id='word_1_269' title='bbox 554 2298 669 2354; x_wconf 75' lang='grc' dir='ltr'><strong><em>ἅγιον</em></strong></span> <span class='ocrx_word' id='word_1_270' title='bbox 687 2298 987 2353; x_wconf 82' lang='grc' dir='ltr'><strong><em>θυσιαστήριον,</em></strong></span> <span class='ocrx_word' id='word_1_271' title='bbox 1016 2300 1093 2339; x_wconf 91' lang='lat' dir='ltr'><strong>hoc</strong></span> <span class='ocrx_word' id='word_1_272' title='bbox 1112 2309 1170 2340; x_wconf 91' lang='lat' dir='ltr'><strong>est</strong></span> <span class='ocrx_word' id='word_1_273' title='bbox 1189 2315 1277 2339; x_wconf 90' lang='lat' dir='ltr'><strong>eam</strong></span> <span class='ocrx_word' id='word_1_274' title='bbox 1297 2303 1464 2340; x_wconf 89' lang='lat' dir='ltr'><strong>bematis</strong></span> <span class='ocrx_word' id='word_1_275' title='bbox 1483 2308 1634 2353; x_wconf 85' lang='lat' dir='ltr'><strong>partem</strong></span> <span class='ocrx_word' id='word_1_276' title='bbox 1651 2302 1696 2337; x_wconf 88' lang='lat' dir='ltr'><strong>in</strong></span> 
     </span>
     <span class='ocr_line' id='line_1_39' title="bbox 243 2357 1696 2411; baseline -0.002 -15"><span class='ocrx_word' id='word_1_277' title='bbox 243 2371 325 2411; x_wconf 86' lang='lat' dir='ltr'><strong>qua</strong></span> <span class='ocrx_word' id='word_1_278' title='bbox 345 2359 467 2395; x_wconf 86' lang='lat' dir='ltr'><strong>altare</strong></span> <span class='ocrx_word' id='word_1_279' title='bbox 488 2359 607 2396; x_wconf 89' lang='lat' dir='ltr'><strong>statui</strong></span> <span class='ocrx_word' id='word_1_280' title='bbox 625 2359 739 2406; x_wconf 89' lang='lat' dir='ltr'><strong>solet,</strong></span> <span class='ocrx_word' id='word_1_281' title='bbox 770 2357 1040 2396; x_wconf 87' lang='lat' dir='ltr'><strong>aedificaturos</strong></span> <span class='ocrx_word' id='word_1_282' title='bbox 1060 2357 1108 2395; x_wconf 90' lang='lat' dir='ltr'><strong>de</strong></span> <span class='ocrx_word' id='word_1_283' title='bbox 1127 2360 1277 2396; x_wconf 91' lang='lat' dir='ltr'><strong>lumine</strong></span> <span class='ocrx_word' id='word_1_284' title='bbox 1295 2361 1338 2396; x_wconf 89' lang='lat' dir='ltr'><strong>in</strong></span> <span class='ocrx_word' id='word_1_285' title='bbox 1357 2357 1459 2396; x_wconf 91' lang='lat' dir='ltr'><strong>illud</strong></span> <span class='ocrx_word' id='word_1_286' title='bbox 1475 2359 1696 2394; x_wconf 86' lang='lat' dir='ltr'><strong>immitten-</strong></span> 
     </span>
     <span class='ocr_line' id='line_1_40' title="bbox 244 2411 1696 2467; baseline -0.002 -15"><span class='ocrx_word' id='word_1_287' title='bbox 244 2414 295 2452; x_wconf 88' lang='lat' dir='ltr'><strong>do</strong></span> <span class='ocrx_word' id='word_1_288' title='bbox 321 2415 493 2453; x_wconf 85' lang='lat' dir='ltr'><strong>invicem</strong></span> <span class='ocrx_word' id='word_1_289' title='bbox 523 2413 761 2452; x_wconf 88' lang='lat' dir='ltr'><strong>deliberasse</strong></span> <span class='ocrx_word' id='word_1_290' title='bbox 773 2443 784 2463; x_wconf 90' lang='lat'><strong>,</strong></span> <span class='ocrx_word' id='word_1_291' title='bbox 828 2427 874 2452; x_wconf 88' lang='lat' dir='ltr'><strong>ac</strong></span> <span class='ocrx_word' id='word_1_292' title='bbox 906 2416 1079 2465; x_wconf 87' lang='lat' dir='ltr'><strong>primum</strong></span> <span class='ocrx_word' id='word_1_293' title='bbox 1109 2414 1272 2467; x_wconf 88' lang='lat' dir='ltr'><strong>quidem</strong></span> <span class='ocrx_word' id='word_1_294' title='bbox 1303 2417 1464 2452; x_wconf 90' lang='lat' dir='ltr'><strong>unicam</strong></span> <span class='ocrx_word' id='word_1_295' title='bbox 1491 2411 1696 2461; x_wconf 87' lang='lat' dir='ltr'><strong>concham,</strong></span> 
     </span>
     <span class='ocr_line' id='line_1_41' title="bbox 244 2469 1698 2523; baseline -0.005 -12"><span class='ocrx_word' id='word_1_296' title='bbox 244 2484 367 2523; x_wconf 80' lang='lat' dir='ltr'><strong>quam</strong></span> <span class='ocrx_word' id='word_1_297' title='bbox 385 2470 519 2521; x_wconf 84' lang='grc' dir='ltr'><strong><em>μύακα</em></strong></span> <span class='ocrx_word' id='word_1_298' title='bbox 539 2469 819 2522; x_wconf 80' lang='grc' dir='ltr'><strong><em>μονοκάλαμον</em></strong></span> <span class='ocrx_word' id='word_1_299' title='bbox 839 2478 999 2518; x_wconf 84' lang='lat' dir='ltr'><strong>vocant,</strong></span> <span class='ocrx_word' id='word_1_300' title='bbox 1040 2472 1105 2508; x_wconf 84' lang='lat' dir='ltr'><strong>vel</strong></span> <span class='ocrx_word' id='word_1_301' title='bbox 1130 2473 1246 2508; x_wconf 91' lang='lat' dir='ltr'><strong>unius</strong></span> <span class='ocrx_word' id='word_1_302' title='bbox 1269 2472 1438 2518; x_wconf 90' lang='lat' dir='ltr'><strong>tenoris,</strong></span> <span class='ocrx_word' id='word_1_303' title='bbox 1475 2482 1546 2520; x_wconf 90' lang='lat' dir='ltr'><strong>per</strong></span> <span class='ocrx_word' id='word_1_304' title='bbox 1576 2481 1698 2520; x_wconf 89' lang='lat' dir='ltr'><strong>quam</strong></span> 
     </span>
     <span class='ocr_line' id='line_1_42' title="bbox 244 2526 1697 2579; baseline -0.003 -14"><span class='ocrx_word' id='word_1_305' title='bbox 244 2527 320 2565; x_wconf 81' lang='lat' dir='ltr'><strong>lux</strong></span> <span class='ocrx_word' id='word_1_306' title='bbox 337 2526 629 2575; x_wconf 85' lang='lat' dir='ltr'><strong>admitteretur,</strong></span> <span class='ocrx_word' id='word_1_307' title='bbox 669 2526 858 2565; x_wconf 89' lang='lat' dir='ltr'><strong>conficere</strong></span> <span class='ocrx_word' id='word_1_308' title='bbox 879 2528 1079 2565; x_wconf 85' lang='lat' dir='ltr'><strong>statuisse:</strong></span> <span class='ocrx_word' id='word_1_309' title='bbox 1109 2529 1355 2579; x_wconf 86' lang='lat' dir='ltr'><strong>praecepisse</strong></span> <span class='ocrx_word' id='word_1_310' title='bbox 1373 2539 1464 2563; x_wconf 86' lang='lat' dir='ltr'><strong>vero</strong></span> <span class='ocrx_word' id='word_1_311' title='bbox 1480 2527 1697 2575; x_wconf 84' lang='lat' dir='ltr'><strong>imperato-</strong></span> 
     </span>
     <span class='ocr_line' id='line_1_43' title="bbox 246 2581 1696 2635; baseline -0.003 -14"><span class='ocrx_word' id='word_1_312' title='bbox 246 2596 332 2621; x_wconf 90' lang='lat' dir='ltr'><strong>rem</strong></span> <span class='ocrx_word' id='word_1_313' title='bbox 361 2583 442 2635; x_wconf 82' lang='lat' dir='ltr'><strong>(ita</strong></span> <span class='ocrx_word' id='word_1_314' title='bbox 471 2585 578 2621; x_wconf 90' lang='lat' dir='ltr'><strong>enim</strong></span> <span class='ocrx_word' id='word_1_315' title='bbox 610 2582 810 2633; x_wconf 89' lang='lat' dir='ltr'><strong>Codinus)</strong></span> <span class='ocrx_word' id='word_1_316' title='bbox 845 2582 1045 2633; x_wconf 88' lang='lat' dir='ltr'><strong>duplicem</strong></span> <span class='ocrx_word' id='word_1_317' title='bbox 1071 2583 1294 2620; x_wconf 87' lang='lat' dir='ltr'><strong>aedificari:</strong></span> <span class='ocrx_word' id='word_1_318' title='bbox 1343 2594 1481 2619; x_wconf 87' lang='lat' dir='ltr'><strong>verum</strong></span> <span class='ocrx_word' id='word_1_319' title='bbox 1510 2581 1696 2618; x_wconf 76' lang='lat' dir='ltr'><strong>restitisse</strong></span> 
     </span>
     <span class='ocr_line' id='line_1_44' title="bbox 248 2636 1697 2691; baseline -0.002 -15"><span class='ocrx_word' id='word_1_320' title='bbox 248 2638 493 2687; x_wconf 85' lang='lat' dir='ltr'><strong>architectos,</strong></span> <span class='ocrx_word' id='word_1_321' title='bbox 512 2638 618 2691; x_wconf 93' lang='lat' dir='ltr'><strong>quod</strong></span> <span class='ocrx_word' id='word_1_322' title='bbox 633 2641 743 2677; x_wconf 89' lang='lat' dir='ltr'><strong>locus</strong></span> <span class='ocrx_word' id='word_1_323' title='bbox 763 2640 831 2676; x_wconf 91' lang='lat' dir='ltr'><strong>ille</strong></span> <span class='ocrx_word' id='word_1_324' title='bbox 850 2640 970 2676; x_wconf 87' lang='lat' dir='ltr'><strong>nuliis</strong></span> <span class='ocrx_word' id='word_1_325' title='bbox 991 2641 1250 2677; x_wconf 83' lang='lat' dir='ltr'><strong>exterioribus</strong></span> <span class='ocrx_word' id='word_1_326' title='bbox 1269 2637 1452 2676; x_wconf 86' lang='lat' dir='ltr'><strong>suffultus</strong></span> <span class='ocrx_word' id='word_1_327' title='bbox 1473 2643 1575 2675; x_wconf 87' lang='lat' dir='ltr'><strong>esset</strong></span> <span class='ocrx_word' id='word_1_328' title='bbox 1591 2636 1697 2686; x_wconf 87' lang='lat' dir='ltr'><strong>lapi·-</strong></span> 
     </span>
     <span class='ocr_line' id='line_1_45' title="bbox 250 2691 1697 2747; baseline -0.004 -14"><span class='ocrx_word' id='word_1_329' title='bbox 250 2695 334 2734; x_wconf 91' lang='lat' dir='ltr'><strong>deis</strong></span> <span class='ocrx_word' id='word_1_330' title='bbox 353 2696 618 2743; x_wconf 85' lang='lat' dir='ltr'><strong>fulcimentis,</strong></span> <span class='ocrx_word' id='word_1_331' title='bbox 663 2709 708 2733; x_wconf 90' lang='lat' dir='ltr'><strong>ac</strong></span> <span class='ocrx_word' id='word_1_332' title='bbox 736 2694 899 2747; x_wconf 88' lang='lat' dir='ltr'><strong>proinde</strong></span> <span class='ocrx_word' id='word_1_333' title='bbox 923 2696 1165 2732; x_wconf 88' lang='lat' dir='ltr'><strong>incumbenti</strong></span> <span class='ocrx_word' id='word_1_334' title='bbox 1188 2697 1297 2733; x_wconf 89' lang='lat' dir='ltr'><strong>oneri</strong></span> <span class='ocrx_word' id='word_1_335' title='bbox 1318 2693 1480 2731; x_wconf 86' lang='lat' dir='ltr'><strong>ferendo</strong></span> <span class='ocrx_word' id='word_1_336' title='bbox 1502 2691 1610 2730; x_wconf 88' lang='lat' dir='ltr'><strong>hau&#39;d</strong></span> <span class='ocrx_word' id='word_1_337' title='bbox 1625 2703 1697 2742; x_wconf 85' lang='lat' dir='ltr'><strong>par</strong></span> 
     </span>
     <span class='ocr_line' id='line_1_46' title="bbox 242 2750 1697 2805; baseline -0.004 -15"><span class='ocrx_word' id='word_1_338' title='bbox 242 2759 367 2805; x_wconf 81' lang='lat' dir='ltr'><strong>esset.</strong></span> <span class='ocrx_word' id='word_1_339' title='bbox 427 2765 595 2804; x_wconf 88' lang='lat' dir='ltr'><strong>cumque</strong></span> <span class='ocrx_word' id='word_1_340' title='bbox 614 2754 753 2791; x_wconf 90' lang='lat' dir='ltr'><strong>incerti</strong></span> <span class='ocrx_word' id='word_1_341' title='bbox 773 2751 869 2804; x_wconf 90' lang='lat' dir='ltr'><strong>quid</strong></span> <span class='ocrx_word' id='word_1_342' title='bbox 889 2759 1049 2802; x_wconf 88' lang='lat' dir='ltr'><strong>agerent</strong></span> <span class='ocrx_word' id='word_1_343' title='bbox 1067 2758 1267 2789; x_wconf 85' lang='lat' dir='ltr'><strong>versarent</strong></span> <span class='ocrx_word' id='word_1_344' title='bbox 1288 2753 1486 2798; x_wconf 86' lang='lat' dir='ltr'><strong>animum,</strong></span> <span class='ocrx_word' id='word_1_345' title='bbox 1521 2750 1697 2799; x_wconf 83' lang='lat' dir='ltr'><strong>impera-</strong></span> 
     </span>
     <span class='ocr_line' id='line_1_47' title="bbox 250 2805 1699 2860; baseline -0.004 -14"><span class='ocrx_word' id='word_1_346' title='bbox 250 2816 335 2847; x_wconf 86' lang='lat' dir='ltr'><strong>tore</strong></span> <span class='ocrx_word' id='word_1_347' title='bbox 357 2811 588 2860; x_wconf 86' lang='lat' dir='ltr'><strong>praesertim</strong></span> <span class='ocrx_word' id='word_1_348' title='bbox 606 2821 687 2847; x_wconf 90' lang='lat' dir='ltr'><strong>non</strong></span> <span class='ocrx_word' id='word_1_349' title='bbox 703 2808 779 2847; x_wconf 89' lang='lat' dir='ltr'><strong>sibi</strong></span> <span class='ocrx_word' id='word_1_350' title='bbox 801 2814 1003 2847; x_wconf 85' lang='lat' dir='ltr'><strong>constante</strong></span> <span class='ocrx_word' id='word_1_351' title='bbox 1017 2837 1028 2857; x_wconf 95' lang='lat'><strong>,</strong></span> <span class='ocrx_word' id='word_1_352' title='bbox 1057 2807 1290 2860; x_wconf 88' lang='lat' dir='ltr'><strong>dicenteque</strong></span> <span class='ocrx_word' id='word_1_353' title='bbox 1313 2805 1512 2845; x_wconf 88' lang='lat' dir='ltr'><strong>interdum</strong></span> <span class='ocrx_word' id='word_1_354' title='bbox 1536 2805 1699 2842; x_wconf 85' lang='lat' dir='ltr'><strong>unicum</strong></span> 
     </span>
    </p>
   </div>
  </div>
 </body>
</html>
