<?xml version="1.0" encoding="UTF-8"?>
<!DOCTYPE html PUBLIC "-//W3C//DTD XHTML 1.0 Transitional//EN"
    "http://www.w3.org/TR/xhtml1/DTD/xhtml1-transitional.dtd">
<html xmlns="http://www.w3.org/1999/xhtml" xml:lang="en" lang="en">
 <head>
  <title>
</title>
<meta http-equiv="Content-Type" content="text/html;charset=utf-8" />
  <meta name='ocr-system' content='tesseract 3.04.00' />
  <meta name='ocr-capabilities' content='ocr_page ocr_carea ocr_par ocr_line ocrx_word'/>
</head>
<body>
  <div class='ocr_page' id='page_1' title='image "./corpusscriptorum42niebuoft/corpusscriptorum42niebuoft_0413.png"; bbox 0 0 1890 3224; ppageno 0'>
   <div class='ocr_carea' id='block_1_1' title="bbox 700 210 1607 259">
    <p class='ocr_par' dir='ltr' id='par_1_1' title="bbox 700 210 1607 259">
     <span class='ocr_line' id='line_1_1' title="bbox 700 210 1607 259; baseline 0.001 -2"><span class='ocrx_word' id='word_1_1' title='bbox 700 213 973 259; x_wconf 84' lang='lat' dir='ltr'><strong>ACROASIN</strong></span> <span class='ocrx_word' id='word_1_2' title='bbox 1007 213 1063 258; x_wconf 85' lang='grc' dir='ltr'><strong>Π.</strong></span> <span class='ocrx_word' id='word_1_3' title='bbox 1514 210 1607 258; x_wconf 86' lang='grc'><strong>165</strong></span> 
     </span>
    </p>
   </div>
   <div class='ocr_carea' id='block_1_2' title="bbox 147 322 1620 890">
    <p class='ocr_par' dir='ltr' id='par_1_2' title="bbox 147 322 1620 890">
     <span class='ocr_line' id='line_1_2' title="bbox 151 322 1610 379; baseline -0.002 -15"><span class='ocrx_word' id='word_1_4' title='bbox 151 334 211 365; x_wconf 84' lang='lat' dir='ltr'><strong>est</strong></span> <span class='ocrx_word' id='word_1_5' title='bbox 237 325 520 376; x_wconf 87' lang='lat' dir='ltr'><strong>dubitandum,</strong></span> <span class='ocrx_word' id='word_1_6' title='bbox 555 327 738 379; x_wconf 82' lang='lat' dir='ltr'><strong>quamvis</strong></span> <span class='ocrx_word' id='word_1_7' title='bbox 763 325 965 364; x_wconf 85' lang='lat' dir='ltr'><strong>Cedrenus</strong></span> <span class='ocrx_word' id='word_1_8' title='bbox 987 324 1036 363; x_wconf 87' lang='lat' dir='ltr'><strong>de</strong></span> <span class='ocrx_word' id='word_1_9' title='bbox 1054 325 1202 377; x_wconf 77' lang='lat' dir='ltr'><strong>palatio</strong></span> <span class='ocrx_word' id='word_1_10' title='bbox 1223 325 1389 373; x_wconf 83' lang='lat' dir='ltr'><strong>Gazaci,</strong></span> <span class='ocrx_word' id='word_1_11' title='bbox 1417 330 1462 362; x_wconf 82' lang='lat' dir='ltr'><strong>ut</strong></span> <span class='ocrx_word' id='word_1_12' title='bbox 1482 322 1610 362; x_wconf 82' lang='lat' dir='ltr'><strong>adno-</strong></span> 
     </span>
     <span class='ocr_line' id='line_1_3' title="bbox 150 379 1611 435; baseline -0.001 -15"><span class='ocrx_word' id='word_1_13' title='bbox 150 385 322 423; x_wconf 77' lang='lat' dir='ltr'><strong>tavimus</strong></span> <span class='ocrx_word' id='word_1_14' title='bbox 350 398 474 435; x_wconf 80' lang='lat' dir='ltr'><em>supra</em></span> <span class='ocrx_word' id='word_1_15' title='bbox 501 383 674 422; x_wconf 78' lang='lat' dir='ltr'><strong>Aeroas.</strong></span> <span class='ocrx_word' id='word_1_16' title='bbox 704 387 725 424; x_wconf 92' lang='lat'>1</span> <span class='ocrx_word' id='word_1_17' title='bbox 757 386 832 432; x_wconf 83' lang='lat'><strong>23,</strong></span> <span class='ocrx_word' id='word_1_18' title='bbox 862 390 946 420; x_wconf 86' lang='lat' dir='ltr'><strong>tam</strong></span> <span class='ocrx_word' id='word_1_19' title='bbox 971 382 1181 434; x_wconf 81' lang='lat' dir='ltr'><strong>magnifice</strong></span> <span class='ocrx_word' id='word_1_20' title='bbox 1209 383 1407 434; x_wconf 84' lang='lat' dir='ltr'><strong>scripserit</strong></span> <span class='ocrx_word' id='word_1_21' title='bbox 1435 388 1481 419; x_wconf 80' lang='lat' dir='ltr'><strong>ut</strong></span> <span class='ocrx_word' id='word_1_22' title='bbox 1507 379 1611 418; x_wconf 88' lang='lat' dir='ltr'>nihil</span> 
     </span>
     <span class='ocr_line' id='line_1_4' title="bbox 150 437 1613 492; baseline -0.001 -15"><span class='ocrx_word' id='word_1_23' title='bbox 150 442 279 479; x_wconf 85' lang='lat' dir='ltr'><strong>maius</strong></span> <span class='ocrx_word' id='word_1_24' title='bbox 315 442 534 492; x_wconf 80' lang='lat' dir='ltr'><strong>excogitari</strong></span> <span class='ocrx_word' id='word_1_25' title='bbox 558 454 675 492; x_wconf 89' lang='lat' dir='ltr'><strong>posse</strong></span> <span class='ocrx_word' id='word_1_26' title='bbox 706 439 857 478; x_wconf 84' lang='lat' dir='ltr'><strong>credas.</strong></span> <span class='ocrx_word' id='word_1_27' title='bbox 915 440 972 477; x_wconf 88' lang='lat' dir='ltr'><strong>ibi</strong></span> <span class='ocrx_word' id='word_1_28' title='bbox 998 442 1106 478; x_wconf 85' lang='lat' dir='ltr'><strong>enim</strong></span> <span class='ocrx_word' id='word_1_29' title='bbox 1132 440 1209 478; x_wconf 84' lang='lat' dir='ltr'><strong>fuit</strong></span> <span class='ocrx_word' id='word_1_30' title='bbox 1235 437 1340 477; x_wconf 86' lang='lat' dir='ltr'><strong>illud</strong></span> <span class='ocrx_word' id='word_1_31' title='bbox 1356 438 1511 476; x_wconf 82' lang='lat' dir='ltr'><strong>caelum</strong></span> <span class='ocrx_word' id='word_1_32' title='bbox 1530 445 1613 476; x_wconf 83' lang='lat' dir='ltr'><strong>arte</strong></span> 
     </span>
     <span class='ocr_line' id='line_1_5' title="bbox 151 495 1615 549; baseline -0.002 -14"><span class='ocrx_word' id='word_1_33' title='bbox 151 498 398 535; x_wconf 83' lang='lat' dir='ltr'><strong>elaboratum</strong></span> <span class='ocrx_word' id='word_1_34' title='bbox 410 528 420 546; x_wconf 89' lang='lat'>,</span> <span class='ocrx_word' id='word_1_35' title='bbox 449 499 493 534; x_wconf 90' lang='lat' dir='ltr'><strong>in</strong></span> <span class='ocrx_word' id='word_1_36' title='bbox 513 510 592 549; x_wconf 90' lang='lat' dir='ltr'><strong>quo</strong></span> <span class='ocrx_word' id='word_1_37' title='bbox 613 496 811 535; x_wconf 77' lang='lat' dir='ltr'><strong>chosroae</strong></span> <span class='ocrx_word' id='word_1_38' title='bbox 831 498 1091 543; x_wconf 69' lang='lat' dir='ltr'><strong>simulacrum</strong></span> <span class='ocrx_word' id='word_1_39' title='bbox 1110 497 1257 546; x_wconf 83' lang='lat' dir='ltr'><strong>stabat,</strong></span> <span class='ocrx_word' id='word_1_40' title='bbox 1289 503 1327 533; x_wconf 91' lang='lat' dir='ltr'><strong>et</strong></span> <span class='ocrx_word' id='word_1_41' title='bbox 1348 508 1403 533; x_wconf 84' lang='lat' dir='ltr'><strong>ex</strong></span> <span class='ocrx_word' id='word_1_42' title='bbox 1422 508 1501 548; x_wconf 91' lang='lat' dir='ltr'><strong>quo</strong></span> <span class='ocrx_word' id='word_1_43' title='bbox 1518 495 1615 546; x_wconf 84' lang='lat' dir='ltr'>plu-</span> 
     </span>
     <span class='ocr_line' id='line_1_6' title="bbox 150 548 1614 606; baseline -0.001 -14"><span class='ocrx_word' id='word_1_44' title='bbox 150 556 239 592; x_wconf 78' lang='lat' dir='ltr'><strong>viae</strong></span> <span class='ocrx_word' id='word_1_45' title='bbox 270 562 308 592; x_wconf 89' lang='lat' dir='ltr'><strong>et</strong></span> <span class='ocrx_word' id='word_1_46' title='bbox 334 556 509 592; x_wconf 84' lang='lat' dir='ltr'><strong>tonitrua</strong></span> <span class='ocrx_word' id='word_1_47' title='bbox 539 553 776 603; x_wconf 81' lang='lat' dir='ltr'><strong>edebantur,</strong></span> <span class='ocrx_word' id='word_1_48' title='bbox 806 560 852 591; x_wconf 88' lang='lat' dir='ltr'><strong>ut</strong></span> <span class='ocrx_word' id='word_1_49' title='bbox 879 554 1023 592; x_wconf 79' lang='lat' dir='ltr'><strong>stultus</strong></span> <span class='ocrx_word' id='word_1_50' title='bbox 1051 554 1121 591; x_wconf 88' lang='lat' dir='ltr'><strong>ille</strong></span> <span class='ocrx_word' id='word_1_51' title='bbox 1143 566 1218 591; x_wconf 85' lang='lat' dir='ltr'><strong>rex</strong></span> <span class='ocrx_word' id='word_1_52' title='bbox 1240 548 1519 606; x_wconf 74' lang='grc' dir='ltr'><strong><em>πυρσολᾶτρης</em></strong></span> <span class='ocrx_word' id='word_1_53' title='bbox 1538 550 1614 589; x_wconf 85' lang='lat' dir='ltr'><strong>deo</strong></span> 
     </span>
     <span class='ocr_line' id='line_1_7' title="bbox 151 608 1615 663; baseline -0.002 -15"><span class='ocrx_word' id='word_1_54' title='bbox 151 624 193 648; x_wconf 88' lang='lat' dir='ltr'><strong>se</strong></span> <span class='ocrx_word' id='word_1_55' title='bbox 224 624 364 662; x_wconf 82' lang='lat' dir='ltr'><strong>parem</strong></span> <span class='ocrx_word' id='word_1_56' title='bbox 390 611 552 648; x_wconf 81' lang='lat' dir='ltr'><strong>faceret.</strong></span> <span class='ocrx_word' id='word_1_57' title='bbox 609 624 751 649; x_wconf 82' lang='lat' dir='ltr'><strong>verum</strong></span> <span class='ocrx_word' id='word_1_58' title='bbox 778 612 883 660; x_wconf 78' lang='lat' dir='ltr'><strong>sive,</strong></span> <span class='ocrx_word' id='word_1_59' title='bbox 916 610 1026 663; x_wconf 85' lang='lat' dir='ltr'><strong>quod</strong></span> <span class='ocrx_word' id='word_1_60' title='bbox 1052 609 1254 648; x_wconf 83' lang='lat' dir='ltr'><strong>Cedrenus</strong></span> <span class='ocrx_word' id='word_1_61' title='bbox 1287 612 1343 647; x_wconf 80' lang='lat' dir='ltr'><strong>ait</strong></span> <span class='ocrx_word' id='word_1_62' title='bbox 1373 608 1422 646; x_wconf 85' lang='lat' dir='ltr'><strong>de</strong></span> <span class='ocrx_word' id='word_1_63' title='bbox 1445 609 1615 657; x_wconf 70' lang='lat' dir='ltr'><strong>Gnaeo,</strong></span> 
     </span>
     <span class='ocr_line' id='line_1_8' title="bbox 150 664 1615 719; baseline -0.001 -15"><span class='ocrx_word' id='word_1_64' title='bbox 150 667 203 704; x_wconf 88' lang='lat' dir='ltr'><strong>ad</strong></span> <span class='ocrx_word' id='word_1_65' title='bbox 229 664 522 718; x_wconf 83' lang='lat' dir='ltr'><strong>Dastagerdam</strong></span> <span class='ocrx_word' id='word_1_66' title='bbox 546 667 867 706; x_wconf 84' lang='lat' dir='ltr'><strong>transferendum</strong></span> <span class='ocrx_word' id='word_1_67' title='bbox 896 675 976 717; x_wconf 88' lang='lat' dir='ltr'><strong>est,</strong></span> <span class='ocrx_word' id='word_1_68' title='bbox 1008 668 1091 706; x_wconf 81' lang='lat' dir='ltr'><strong>sive</strong></span> <span class='ocrx_word' id='word_1_69' title='bbox 1115 668 1265 719; x_wconf 75' lang='lat' dir='ltr'><strong>palatio</strong></span> <span class='ocrx_word' id='word_1_70' title='bbox 1285 666 1431 704; x_wconf 86' lang='lat' dir='ltr'><strong>Gazaci</strong></span> <span class='ocrx_word' id='word_1_71' title='bbox 1451 667 1615 703; x_wconf 89' lang='lat' dir='ltr'><strong>omnino</strong></span> 
     </span>
     <span class='ocr_line' id='line_1_9' title="bbox 150 721 1615 776; baseline -0.001 -15"><span class='ocrx_word' id='word_1_72' title='bbox 150 725 280 761; x_wconf 87' lang='lat' dir='ltr'><strong>simile</strong></span> <span class='ocrx_word' id='word_1_73' title='bbox 300 725 424 762; x_wconf 87' lang='lat' dir='ltr'><strong>fuisse</strong></span> <span class='ocrx_word' id='word_1_74' title='bbox 446 724 716 776; x_wconf 82' lang='lat' dir='ltr'><strong>Dastagerdae</strong></span> <span class='ocrx_word' id='word_1_75' title='bbox 738 726 933 776; x_wconf 84' lang='lat' dir='ltr'><strong>palatium</strong></span> <span class='ocrx_word' id='word_1_76' title='bbox 954 723 1255 763; x_wconf 86' lang='lat' dir='ltr'><strong>concedendum</strong></span> <span class='ocrx_word' id='word_1_77' title='bbox 1284 730 1358 762; x_wconf 82' lang='lat' dir='ltr'><strong>est.</strong></span> <span class='ocrx_word' id='word_1_78' title='bbox 1416 721 1615 761; x_wconf 81' lang='lat' dir='ltr'><strong>coronidis</strong></span> 
     </span>
     <span class='ocr_line' id='line_1_10' title="bbox 147 778 1618 831; baseline -0.001 -13"><span class='ocrx_word' id='word_1_79' title='bbox 147 781 235 819; x_wconf 91' lang='lat' dir='ltr'><strong>loco</strong></span> <span class='ocrx_word' id='word_1_80' title='bbox 256 779 358 818; x_wconf 81' lang='lat' dir='ltr'><strong>adde</strong></span> <span class='ocrx_word' id='word_1_81' title='bbox 380 783 653 819; x_wconf 84' lang='lat' dir='ltr'><strong>testimonium</strong></span> <span class='ocrx_word' id='word_1_82' title='bbox 671 783 843 820; x_wconf 85' lang='lat' dir='ltr'><strong>Tzetzae</strong></span> <span class='ocrx_word' id='word_1_83' title='bbox 865 782 1042 820; x_wconf 73' lang='lat' dir='ltr'><strong>Chiliad.</strong></span> <span class='ocrx_word' id='word_1_84' title='bbox 1066 784 1091 823; x_wconf 79' lang='lat'><strong>3</strong></span> <span class='ocrx_word' id='word_1_85' title='bbox 1123 784 1201 831; x_wconf 89' lang='lat'><strong>66,</strong></span> <span class='ocrx_word' id='word_1_86' title='bbox 1233 793 1280 818; x_wconf 85' lang='lat' dir='ltr'><strong>ea</strong></span> <span class='ocrx_word' id='word_1_87' title='bbox 1309 780 1446 819; x_wconf 83' lang='lat' dir='ltr'><strong>omnia</strong></span> <span class='ocrx_word' id='word_1_88' title='bbox 1473 778 1618 817; x_wconf 86' lang='lat' dir='ltr'><strong>confir-</strong></span> 
     </span>
     <span class='ocr_line' id='line_1_11' title="bbox 147 834 1620 890; baseline -0.001 -15"><span class='ocrx_word' id='word_1_89' title='bbox 147 839 294 876; x_wconf 81' lang='lat' dir='ltr'><strong>mantis</strong></span> <span class='ocrx_word' id='word_1_90' title='bbox 320 850 422 890; x_wconf 82' lang='lat' dir='ltr'><strong>quae</strong></span> <span class='ocrx_word' id='word_1_91' title='bbox 442 837 634 877; x_wconf 83' lang='lat' dir='ltr'><strong>hactenus</strong></span> <span class='ocrx_word' id='word_1_92' title='bbox 655 837 705 876; x_wconf 88' lang='lat' dir='ltr'><strong>de</strong></span> <span class='ocrx_word' id='word_1_93' title='bbox 723 840 907 877; x_wconf 78' lang='lat' dir='ltr'><strong>Heraclio</strong></span> <span class='ocrx_word' id='word_1_94' title='bbox 930 838 1035 877; x_wconf 83' lang='lat' dir='ltr'><strong>dicta</strong></span> <span class='ocrx_word' id='word_1_95' title='bbox 1054 845 1166 877; x_wconf 85' lang='lat' dir='ltr'><strong>sunt:</strong></span> <span class='ocrx_word' id='word_1_96' title='bbox 1195 851 1291 876; x_wconf 82' lang='lat' dir='ltr'><strong>nam</strong></span> <span class='ocrx_word' id='word_1_97' title='bbox 1307 844 1347 875; x_wconf 84' lang='lat' dir='ltr'><strong>et</strong></span> <span class='ocrx_word' id='word_1_98' title='bbox 1362 838 1397 876; x_wconf 84' lang='lat' dir='ltr'><strong>is</strong></span> <span class='ocrx_word' id='word_1_99' title='bbox 1419 835 1468 874; x_wconf 85' lang='lat' dir='ltr'><strong>de</strong></span> <span class='ocrx_word' id='word_1_100' title='bbox 1489 834 1620 874; x_wconf 81' lang='lat' dir='ltr'><strong>Chos-</strong></span> 
     </span>
    </p>
   </div>
   <div class='ocr_carea' id='block_1_3' title="bbox 149 894 1619 990">
    <p class='ocr_par' dir='ltr' id='par_1_3' title="bbox 149 894 1619 990">
     <span class='ocr_line' id='line_1_12' title="bbox 149 894 1619 948; baseline -0.001 -17"><span class='ocrx_word' id='word_1_101' title='bbox 149 907 241 932; x_wconf 87' lang='lat' dir='ltr'><strong>roae</strong></span> <span class='ocrx_word' id='word_1_102' title='bbox 267 895 426 946; x_wconf 84' lang='lat' dir='ltr'><strong>palatiis</strong></span> <span class='ocrx_word' id='word_1_103' title='bbox 450 897 623 933; x_wconf 87' lang='lat' dir='ltr'><strong>incensis</strong></span> <span class='ocrx_word' id='word_1_104' title='bbox 648 896 750 947; x_wconf 81' lang='lat' dir='ltr'><strong>agit,</strong></span> <span class='ocrx_word' id='word_1_105' title='bbox 780 903 820 934; x_wconf 89' lang='lat' dir='ltr'><strong>et</strong></span> <span class='ocrx_word' id='word_1_106' title='bbox 838 894 916 934; x_wconf 93' lang='lat' dir='ltr'><strong>hoc</strong></span> <span class='ocrx_word' id='word_1_107' title='bbox 939 897 1073 948; x_wconf 86' lang='lat' dir='ltr'><strong>ipsum</strong></span> <span class='ocrx_word' id='word_1_108' title='bbox 1097 894 1366 934; x_wconf 79' lang='lat' dir='ltr'><strong>Heracliados</strong></span> <span class='ocrx_word' id='word_1_109' title='bbox 1386 894 1619 946; x_wconf 59' lang='lat' dir='ltr'><strong>poemation</strong></span> 
     </span>
     <span class='ocr_line' id='line_1_13' title="bbox 150 950 644 990; baseline 0.004 -2"><span class='ocrx_word' id='word_1_110' title='bbox 150 952 319 990; x_wconf 83' lang='lat' dir='ltr'><strong>innuens</strong></span> <span class='ocrx_word' id='word_1_111' title='bbox 338 950 517 990; x_wconf 78' lang='lat' dir='ltr'><strong>Pisidam</strong></span> <span class='ocrx_word' id='word_1_112' title='bbox 537 953 644 990; x_wconf 84' lang='lat' dir='ltr'><strong>citat.</strong></span> 
     </span>
    </p>
   </div>
  </div>
 </body>
</html>
