1890 3224
299 192 363 238 86
396 190 609 235 NICEPH.
629 191 785 234 CPOL.
802 190 876 233 DE
891 188 1069 235 REBUS
1088 188 1232 234 POST
1250 190 1418 235 MAUR.
1436 191 1641 237 GESTIS.

297 324 340 349 τε
359 306 502 363 μικρὸν
523 303 687 359 ὁόμημα
708 304 774 346 καὶ
794 303 840 347 τὸ
861 304 977 360 με’γα,
1002 307 1074 347 τοῦ
1091 308 1270 361 σωτῆρος
1288 305 1353 346 καὶ
1375 301 1454 347 τῶν
1473 303 1593 360 ἁγίων
1611 304 1734 356 οὕσας

298 375 367 417 διὰ
384 374 578 430 ψηφίδων
600 376 763 430 χρυσῶν
781 374 846 415 καὶ
867 370 1089 430 κηροχύτου
1110 371 1210 427 ὕλης
1229 374 1529 430 εἶκονογραφίας
1554 372 1735 424 ἄπέξυσε.

298 444 600 491 Κωνσταντῖνος
621 441 664 482 δὲ
687 441 781 490 τοὺς
799 445 879 483 τῶν
900 444 1144 495 Σκλαβηνῶν
1163 441 1393 483 ἀποστέλλει
1415 440 1633 498 ἄρχοντας,
1667 443 1734 484 καὶ

297 510 552 552 ἀνακαλεῖται
570 509 664 560 τοὺς
683 509 745 552 ε’πὶ
763 510 940 560 πλείονος
950 507 1100 566 χρόνου
1119 509 1211 566 παρ’
1233 508 1368 559 αὐτοῖς
1389 510 1734 563 αἶχμαλωτισθέν-

295 594 369 627 τας
391 577 663 634 Χριστιανοὺς
696 576 774 619 ἀπό
804 594 846 620 τε
867 577 1036 635 ’Ίμβρου
1060 578 1126 619 καὶ
1157 577 1329 620 Τενέδου
1361 579 1427 619 καὶ
1462 575 1766 640 Σαμοθρᾴκηςρ

293 650 374 688 τῶν
393 643 538 700 νήσων,
572 652 751 702 σηρικοῖς
767 645 938 701 ἱματίοις
953 643 1119 696 τούτους
1140 643 1416 700 ἀμειψάμενος
1424 677 1438 698 ,
1471 645 1540 688 τὸν
1559 645 1737 702 ἀριθμὸν

240 723 271 758 C
295 711 415 763 ὄντας
443 712 536 772 ἄχρι
564 715 766 768 δισχιλίων
786 715 853 756 καὶ
875 715 1163 766 πεντακοσίων,
1210 715 1278 759 καὶ
1297 713 1399 771 πρὸς
1418 712 1560 756 ἑαυτὸν
1578 713 1736 770 ἀγαγὼν

292 783 361 824 καὶ
376 782 503 839 μικρὰ
521 780 884 840 φιλοτιμησάμενος
902 782 1111 838 ἀπέπεμψε
1138 779 1385 840 πορεύεσθαι
1411 776 1459 824 οὗ
1483 781 1532 825 ἂν
1550 780 1736 837 βούλοιτο

291 850 470 900 ἕκαστος.

431 920 497 975 Τῇ
518 914 671 974 ἕβδόμῃ
691 919 924 970 ἲνδικτιῶνι,
963 917 1067 961 κατὰ
1083 916 1152 960 τὸν
1166 917 1367 975 Ἀπρίλιον
1388 921 1519 973 μῆνα,
1563 921 1621 976 τῷ
1639 915 1737 975 ἁγίῳ
1749 922 1793 958 10

293 982 490 1044 σαββάτῳ
514 986 649 1043 στέφει
670 986 972 1036 Κωνσταντῖνος
992 986 1065 1041 τὴν
1083 984 1228 1029 ἑαυτοῦ
1245 993 1411 1042 γυναῖκα
1427 987 1627 1029 Εὖδοκίαν
1645 985 1740 1029 Αὖ-

291 1057 487 1109 γοῦσταν,
529 1055 596 1094 καὶ
617 1058 667 1109 τῇ
684 1053 874 1110 ἐπαύριον
893 1058 973 1096 τῶν
993 1054 1091 1097 υἱῶν
1112 1054 1236 1096 αὐτοῦ
1255 1054 1349 1104 τοὺς
1367 1055 1441 1109 μὲν
1460 1053 1532 1096 δύο
1556 1055 1739 1111 Χριστο-

291 1118 419 1178 φόρον
445 1121 512 1162 καὶ
539 1119 775 1178 Νικηφόρον
797 1112 1034 1179 Καῗσαρας,
1069 1120 1253 1175 Νικήταν
1276 1122 1319 1163 δὲ
1341 1122 1602 1175 νοβελίσιμον,
1667 1125 1741 1176 τῆς

291 1188 337 1230 δὲ
356 1191 569 1242 βασιλικῆς
595 1186 772 1243 προόδου
799 1188 904 1230 κατὰ
930 1188 975 1229 τὸ
1003 1187 1148 1237 εἰωθὸς
1173 1188 1235 1230 ἐπὶ
1262 1189 1334 1242 τὴν
1355 1189 1579 1243 καθολικὴν
1593 1189 1741 1244 Ιἔκκλη-

235 1263 268 1298 D
296 1257 387 1298 σιάν
408 1255 618 1311 γενομένης
643 1252 834 1297 ὑπατείαν
863 1256 1053 1310 ἐποίησαν
1084 1257 1151 1298 καὶ
1173 1262 1257 1305 τοῖς
1277 1261 1527 1313 παρελθοῦσι
1547 1254 1740 1314 χρήματα
1751 1260 1795 1296 15

291 1324 512 1377 διένειμαν,
555 1323 599 1364 ἐκ
620 1327 692 1365 τοῦ
709 1323 904 1366 παλατιόυ
925 1322 1139 1381 ἀρξάμενοι
1162 1325 1280 1380 μέχρι
1305 1329 1377 1379 τῆς
1396 1326 1605 1379 ἐκκλησίας
1622 1330 1739 1368 τοῦτο

290 1393 569 1441 ἐπιτελοῦντες.
639 1388 764 1447 ὀγδόῃ
786 1392 830 1434 δὲ
852 1393 1064 1435 ῖνδικτιιῦνι
1085 1390 1222 1447 ἄγεται
1239 1393 1542 1443 Κωνσταντῖνος
1571 1394 1627 1443 εἷς
1652 1393 1741 1436 υἱὸν

290 1460 456 1502 Λέοντα
482 1458 658 1515 γαμετὴν
689 1459 732 1500 ἐκ
758 1463 829 1514 τῆς
849 1458 1044 1510 Ἑλλάδος
1071 1458 1247 1517 Εἰρήνην
1254 1491 1269 1512 ,
1316 1463 1382 1504 καὶ
1411 1465 1470 1519 τῷ
1501 1461 1739 1519 Δεκεμβρίῳ

290 1529 386 1582 μηνὶ
413 1527 549 1584 στέφει
580 1544 621 1570 τε
650 1527 775 1582 αὐτὴν
797 1527 1041 1584 Αὔγοῦσταν
1065 1529 1133 1571 καὶ
1162 1533 1221 1588 τῷ
1248 1528 1325 1588 υἱῷ
1353 1528 1491 1582 ζεύξας
1515 1529 1585 1572 τὸν
1610 1528 1741 1586 γάμον

290 1596 469 1638 ἐπιτελεῖ.

382 1702 406 1746 4
426 1697 500 1736 ἀπὸ
516 1700 536 1734 ι
670 1700 695 1734 6
718 1680 880 1745 σἠρικοῖς
897 1712 936 1735 τε
955 1700 1036 1745 zm

293 1794 489 1826 sanctorum
507 1789 675 1835 imagines
694 1802 800 1836 opere
817 1790 995 1826 tessellato
1014 1794 1118 1836 atque
1137 1802 1180 1826 ex
1199 1802 1282 1827 cera
1304 1791 1414 1827 factas
1433 1791 1558 1828 eradit.
1591 1795 1629 1828 at
1646 1793 1740 1829 Con-

293 1837 465 1871 stantinus
487 1836 611 1880 legatis
636 1837 681 1871 ad
703 1836 942 1871 sclavinorum
966 1838 1141 1883 principes
1163 1837 1278 1873 missis
1298 1838 1532 1883 Christianos,
1571 1839 1631 1884 qui
1655 1840 1741 1874 iam-

293 1884 420 1917 dudum
445 1883 537 1928 apud
556 1893 615 1916 eos
634 1882 766 1928 captivi
788 1882 1045 1927 detinebantur,
1069 1883 1207 1929 recipit,
1233 1895 1319 1929 quos
1342 1884 1392 1917 illi
1416 1896 1460 1918 ex
1481 1884 1602 1919 insulis
1625 1886 1742 1920 Imbro

293 1929 440 1962 Tenedo
464 1939 505 1961 ac
523 1927 760 1962 Samothracia
783 1929 966 1963 duxerant.
1013 1928 1076 1963 hos
1103 1941 1220 1963 omnes
1253 1929 1308 1964 bis
1343 1929 1434 1964 mille
1463 1942 1504 1964 ac
1535 1931 1744 1976 quingentos

291 1974 371 2008 fere
403 1973 525 2008 sericis
553 1973 711 2008 vestibus
739 1979 953 2020 permutatos
987 1985 1062 2009 cum
1094 1975 1292 2010 muneribus
1323 1976 1422 2010 abire
1450 1986 1588 2021 quoquo
1614 1976 1744 2011 vellent

321 2018 466 2053 ermisit.
613 2046 615 2049 Α
1310 2024 1314 2028 “

290 2030 318 2064 p
383 2064 578 2098 Indictione
597 2065 640 2108 7,
663 2076 781 2099 mense
796 2064 929 2110 Aprili,
951 2066 1097 2101 sabbato
1121 2070 1262 2111 sancto,
1286 2065 1531 2100 Constantinus
1553 2066 1744 2101 Eudociam

294 2109 474 2154 coniugem
497 2110 686 2154 Augustam
709 2115 865 2145 coronat.
893 2116 1034 2156 postera
1050 2111 1107 2146 die
1130 2113 1216 2146 duos
1240 2123 1260 2146 e
1281 2111 1400 2145 liberis
1418 2110 1489 2145 suis
1511 2111 1742 2156 Christopho-

293 2166 371 2189 rum
394 2160 430 2190 et
447 2155 684 2201 Nicephorum
706 2157 897 2201 Caesares,
931 2156 1091 2191 Nicetam
1115 2168 1198 2192 vero
1222 2156 1468 2191 nobilissimum
1491 2162 1600 2191 creat.
1647 2169 1741 2192 cum-

295 2211 375 2245 que,
398 2205 437 2235 ut
457 2201 703 2245 imperatorum
719 2213 792 2236 mos
812 2206 877 2245 est,
903 2201 941 2236 in
960 2202 1140 2236 ecclesiam
1155 2203 1398 2247 procederent,
1421 2201 1555 2246 ingenti
1574 2203 1612 2236 in
1628 2214 1741 2249 popu-

293 2245 363 2279 lum
384 2245 569 2290 largitione
596 2247 693 2281 facta
713 2247 894 2291 pecuniam
919 2259 941 2281 a
964 2247 1095 2293 palatio
1119 2248 1163 2282 ad
1186 2247 1366 2282 ecclesiam
1390 2258 1500 2292 usque
1527 2253 1742 2294 sparserunt.

293 2291 485 2326 indictione
517 2292 651 2326 demum
683 2296 806 2326 octava
833 2293 1080 2327 Constantinus
1109 2293 1222 2327 Leoni
1245 2293 1316 2328 filio
1343 2293 1523 2338 coniugem
1550 2306 1570 2328 e
1593 2294 1744 2328 Graecia

294 2337 422 2371 Irenen
439 2336 597 2372 arcessit.
643 2347 712 2382 qua
730 2337 915 2373 Decembri
932 2349 1049 2374 mense
1066 2338 1223 2385 Augusta
1244 2338 1470 2385 consalutata,
1494 2339 1647 2376 eiusdem
1663 2342 1743 2375 mox

296 2388 331 2417 et
353 2381 418 2417 filii
441 2383 580 2430 nuptias
601 2382 806 2420 celebravit.
