1890 3224
243 187 337 233 126
826 187 1104 242 QUERCIUS

237 295 357 335 tradit
386 296 454 334 lib.
476 295 501 338 5
528 299 573 338 1:
616 294 735 344 ε’θνος
762 293 805 336 δὲ
833 294 1040 339 Σκυθικον
1066 296 1108 339 οἳ
1132 293 1301 351 ’Ἀβαροι
1329 299 1408 338 τῶν
1440 297 1683 367 ἅμαξοβίων,

236 369 317 394 των
347 351 448 407 ὑπὲρ
471 351 542 393 τὸν
571 348 791 393 Καύκασον
815 369 863 393 τα
892 353 1071 394 ἐπέκεινα
1097 354 1214 394 πεδία
1242 353 1490 406 νεμομένων,
1527 356 1567 395 οἱ
1593 352 1686 402 τούς

236 412 488 475 γειτνιῶντας
514 404 716 462 Τούρκους
734 409 927 450 πασσυδεὶ
944 406 1200 479 πεφευγότες,
1229 408 1314 450 ἐπεὶ
1335 413 1468 458 κακῶς
1489 408 1595 480 πρός
1609 427 1685 480 αν(-

240 466 324 505 τῶν
343 459 640 514 ἐπεπόνθεσαν,
669 464 732 505 ἐπὶ
755 481 825 506 τον
843 464 1058 519 Βόσπορον
1086 462 1313 534 ἀφίκοντο.
1360 465 1526 519 μέχρις
1545 483 1592 507 ου
1616 483 1687 515 τας

239 517 378 573 ηἰονας
398 523 471 561 τοῦ
492 518 645 574 Ἴστρου
670 518 948 574 κατειλήφασι,
987 522 1055 563 καὶ
1074 520 1170 574 πρὸς
1183 517 1463 564 Ἰουστινιανον
1483 518 1688 575 ἐπρεσβεύ-

242 591 376 619 σαντο.
432 578 603 628 Evagrio
635 578 782 615 similia
810 586 942 617 narrat
969 579 1183 617 Simocatta
1202 578 1271 616 lib.
1294 582 1321 622 7
1348 581 1387 620 7.
1446 586 1550 616 recte
1569 580 1689 630 igitur

240 632 375 671 Pisida
400 634 552 671 Abares
579 634 622 670 in
655 641 925 686 contemptum
959 631 1194 682 οἷποσπᾶδας
1227 636 1368 672 recisos
1396 643 1529 674 vocat:
1573 635 1689 672 ducta

242 691 349 739 enim
368 688 601 741 metaphora
620 690 667 727 ab
688 691 870 730 arborum
891 693 1171 743 amputatione,
1190 704 1310 744 quam
1327 692 1406 729 late
1426 693 1689 743 prosequitur,

242 745 336 783 dicit
354 747 504 784 Abares
537 759 622 784 esse
652 748 809 785 avulsos
834 755 872 785 et
897 756 1076 786 exsectos
1100 761 1122 785 a
1144 749 1286 786 Turcis
1305 748 1413 785 velut
1430 749 1625 798 ignobiles
1646 761 1691 784 ac

241 803 402 840 inutiles
428 804 832 842 ramos.Hen1-icus
863 804 1087 856 Stephanus
1115 806 1158 841 in
1196 804 1308 841 The-9.
1338 803 1503 855 linguae
1534 804 1607 841 Gr.
1641 802 1693 840 ad

241 872 380 897 vocem
401 872 611 908 αποσπας,
654 873 743 897 cum
775 861 1114 898 animadvertisset
1145 856 1381 907 αποσπᾶδας
1409 859 1487 897 dici
1518 873 1541 897 a
1569 858 1694 898 suida

241 930 335 963 τους
364 911 697 963 ἀποσπασθέντας
726 916 903 962 avulsos,
939 911 1245 963 ἅποσπαδόντας
1267 922 1400 953 autem
1426 913 1519 964 τούς
1547 912 1694 956 ἀποκο-

241 970 385 1019 πέντας
413 971 612 1008 eunuchos
642 973 725 1008 sive
749 979 966 1019 castratos,
1008 979 1113 1010 recte
1144 973 1309 1010 coniecit
1338 985 1477 1010 vocem
1507 967 1697 1019 οἷποσπᾶς

243 1041 328 1066 esse
347 1028 531 1064 feminini
551 1028 706 1078 generis
723 1057 734 1076 ,
765 1028 873 1080 quod
890 1036 998 1080 patet
1019 1042 1071 1066 ex
1090 1042 1172 1080 seq.
1196 1042 1310 1065 versu
1330 1030 1396 1078 67,
1426 1030 1468 1066 in
1484 1041 1563 1080 quo
1584 1029 1695 1066 Aba·

243 1097 304 1121 res
322 1090 512 1121 vocantur
532 1083 619 1136 ρἱα
642 1086 714 1136 τῆς
740 1080 994 1135 ἆποσπάδος,
1027 1085 1175 1123 scilicet
1194 1080 1369 1139 ῥάβδου,
1398 1085 1516 1122 radix
1531 1084 1697 1122 avulsae

242 1142 392 1193 virgae.

358 1210 423 1250 18.
480 1208 630 1247 Abares
656 1222 678 1246 a
702 1209 844 1248 Turcis
872 1210 979 1262 pulsi
1004 1222 1096 1248 cum
1122 1208 1174 1247 ad
1201 1208 1430 1247 Danubium
1449 1221 1576 1262 usque
1602 1221 1696 1259 per—

241 1265 374 1315 vagati
402 1272 554 1314 essent,
601 1266 648 1302 ab
666 1267 883 1304 Iustiniano
911 1269 1009 1317 imp.
1038 1273 1173 1304 contra
1193 1267 1292 1303 alios
1315 1266 1502 1303 barbaros
1528 1265 1696 1316 populos

243 1323 285 1358 in
306 1321 503 1358 auxilium
524 1322 638 1357 acciti
657 1327 770 1368 sunt,
820 1329 858 1358 et
886 1323 930 1358 in
951 1324 1153 1358 Romanae
1175 1320 1341 1358 dicionis
1363 1319 1460 1357 fines
1484 1321 1632 1370 recepti
1653 1332 1699 1356 ac

243 1377 356 1414 donis
376 1377 602 1427 ingentibus
621 1375 817 1414 honorati.
861 1391 946 1415 rem
970 1378 1097 1415 fusius
1114 1383 1247 1414 narrat
1264 1375 1483 1414 Menander
1497 1377 1701 1413 Protector

243 1435 345 1471 inter
374 1440 554 1483 excerpta
582 1432 702 1484 legat.
725 1447 773 1483 p.
798 1435 850 1474 99
866 1463 876 1482 ‚
923 1432 1191 1485 Theophanes
1212 1447 1260 1484 p.
1284 1431 1387 1482 143,
1437 1438 1556 1484 atqne
1579 1445 1632 1469 ex
1652 1444 1699 1469 eo

243 1491 477 1528 Anastasius
504 1490 614 1526 Hist.
642 1487 756 1526 Ebot.
790 1489 848 1526 acl
874 1504 943 1527 an.
971 1490 1120 1528 Ias-tini
1147 1491 1321 1526 tertium.
1383 1501 1474 1527 cum
1497 1495 1630 1526 autem
1643 1488 1702 1525 ibi

245 1546 371 1584 semel
382 1544 664 1593 consedissent,
678 1558 760 1583 non
774 1543 868 1582 inde
890 1547 1061 1597 amplius
1080 1559 1146 1584 eos
1168 1543 1352 1583 eiiciendi
1362 1546 1553 1583 Romanis
1571 1546 1703 1595 impe-

245 1602 438 1639 ratoribus
453 1602 528 1638 fuit
541 1608 728 1652 potestas.
750 1602 942 1653 Corippus
953 1603 1162 1640 Africanus
1175 1602 1223 1639 de
1234 1601 1345 1638 laad.
1361 1601 1461 1638 lust.
1477 1602 1575 1638 min.
1589 1600 1660 1637 lib.
1676 1602 1702 1640 3

244 1659 423 1696 Abarum
439 1658 617 1710 legatum
634 1654 761 1695 multa
777 1659 1007 1707 iactantem,
1052 1665 1091 1695 et
1119 1670 1284 1695 munera
1314 1657 1389 1694 sibi
1416 1657 1464 1694 ab
1485 1657 1703 1694 Iustiniano

247 1714 335 1752 dari
355 1715 469 1751 solita
487 1720 732 1764 repetentem
749 1712 914 1763 inducit,
939 1716 1072 1765 legato
1091 1714 1259 1764 superbe
1278 1714 1458 1765 loquenti
1473 1714 1620 1750 iratum
1639 1726 1706 1749 re-

247 1769 482 1822 spondetem
500 1771 710 1808 Iustinum.
767 1771 823 1807 ita
845 1784 939 1808 sane
956 1772 1130 1808 Iustinus
1150 1771 1306 1807 locutus
1324 1777 1383 1807 est
1402 1776 1488 1806 tum
1510 1781 1600 1805 cum
1620 1769 1705 1819 pri-

248 1840 362 1864 mum
382 1825 433 1863 ad
449 1828 662 1877 imperium
683 1832 742 1863 est
762 1833 933 1875 evectus,
954 1840 1037 1864 11011
1057 1825 1242 1863 diffidens
1260 1839 1303 1863 se
1321 1827 1401 1863 suis
1419 1825 1569 1862 viribus
1589 1837 1707 1875 posse

246 1884 397 1921 Abares
426 1895 450 1919 a
474 1884 744 1919 Romanorum
767 1881 922 1919 dicione
945 1883 1172 1933 expellere:
1203 1880 1275 1919 sed
1293 1888 1432 1932 postea
1452 1882 1584 1932 ipsum
1605 1893 1708 1932 quo-

248 1953 326 1992 que
339 1969 349 1986 ‚
382 1939 563 1991 quamvis
581 1939 752 1975 invitum
770 1937 932 1976 foedera
949 1939 1128 1976 iunxisse
1151 1950 1242 1975 cum
1258 1938 1396 1976 invisis
1413 1937 1591 1975 barbaris
1612 1949 1708 1974 con-

249 2003 327 2036 stat
345 2009 398 2032 ex
418 1995 601 2033 omnibus
623 1993 810 2032 historiis.

363 2076 431 2115 23.
490 2074 640 2111 scilicet
661 2072 713 2111 ad
731 2074 836 2125 ripas
859 2073 1033 2110 Danubii
1052 2072 1247 2120 constitit,
1284 2077 1329 2108 ut
1350 2069 1500 2108 dictum
1516 2077 1574 2108 est
1591 2083 1710 2122 supra

251 2144 290 2170 v.
323 2132 390 2171 16.

366 2197 436 2239 25.
492 2198 643 2236 Abares
673 2210 764 2235 cum
797 2197 972 2248 primum
1003 2194 1055 2233 ad
1084 2206 1244 2232 amnem
1272 2205 1399 2245 usque
1425 2192 1709 2245 pervenissent,

254 2270 296 2293 se
321 2255 378 2292 eis
403 2257 548 2292 Istrum
576 2267 657 2291 non
684 2267 769 2290 esse
794 2254 1025 2290 transituros
1040 2253 1287 2298 iuraverant,
1327 2262 1372 2286 ac
1391 2251 1562 2287 Romani
1577 2255 1711 2286 contra

254 2325 296 2348 se
315 2317 422 2348 trans
443 2312 589 2347 Istrum
610 2322 690 2346 non
708 2310 832 2346 ituros
851 2309 1126 2360 promiserant.
1185 2305 1257 2344 sed
1274 2307 1386 2343 nulla
1405 2306 1481 2343 fuit
1502 2305 1599 2342 fides
1619 2305 1711 2341 bar-

253 2368 387 2414 baris3
416 2364 523 2403 unde
550 2372 608 2403 tot
637 2372 721 2402 orta
753 2367 856 2402 inter
888 2372 1077 2416 utrosque
1113 2362 1277 2400 dissidia
1296 2369 1334 2399 et
1351 2363 1480 2410 bella,
1523 2361 1713 2398 Romanis

256 2430 392 2460 autem
410 2421 554 2459 damna
574 2422 751 2458 maxima
768 2422 892 2458 illata.
951 2421 1181 2458 Franciscus
1204 2420 1315 2456 Foris
1336 2417 1561 2464 Otrokocsi,
1593 2428 1714 2468 quem

256 2481 299 2516 in
327 2480 478 2515 Monito
509 2477 780 2524 laudavimus,
834 2478 982 2514 nimius
1009 2490 1103 2514 sane
1133 2482 1192 2513 est
1235 2475 1446 2526 Originum
1477 2473 1710 2523 Hungaric.

255 2541 363 2586 part.
390 2537 410 2573 1
437 2548 471 2571 c.
495 2535 550 2575 5
539 2548 582 2571 111
603 2532 862 2571 defendendis
880 2535 1048 2581 Hunnis,
1071 2545 1170 2585 quos
1190 2538 1232 2568 ut
1250 2531 1298 2567 ab
1317 2532 1425 2567 omni
1443 2528 1591 2566 invidia
1611 2528 1715 2565 libe-

259 2598 331 2639 ret,
362 2592 560 2628 Romanos
585 2589 825 2640 foedifragos
850 2590 957 2638 facit,
987 2602 1077 2626 cum
1092 2596 1227 2625 tamen
1246 2593 1395 2624 constet
1413 2586 1555 2622 1111110
1545 2598 1629 2622 iure
1649 2596 1716 2621 eos

260 2649 303 2685 in
324 2647 496 2683 alienam
526 2646 724 2684 dicionem
748 2647 957 2696 irrupisse,
1001 2659 1077 2683 nec
1105 2644 1229 2682 semel
1253 2644 1474 2679 iuramenta
1498 2647 1537 2678 et
1555 2639 1717 2678 foedera

262 2703 355 2741 dolo
373 2703 480 2740 malo
499 2704 689 2751 violasse,
730 2701 837 2755 quod
858 2715 910 2739 ex
931 2703 979 2740 iis
1002 2715 1104 2754 quae
1122 2700 1194 2738 sub
1214 2699 1397 2737 Heraclio
1418 2700 1516 2749 imp.
1539 2697 1717 2747 contige—

264 2766 354 2798 runt
372 2759 514 2797 clarius
536 2759 676 2796 elucet.

377 2829 445 2868 30.
504 2833 608 2864 recte
629 2825 898 2879 παντογείτων
923 2825 1144 2876 appellatur
1161 2825 1261 2862 Ister
1281 2824 1362 2861 sive
1384 2821 1611 2866 Danubius,
1650 2818 1719 2878 qu}
