<?xml version="1.0" encoding="UTF-8"?>
<!DOCTYPE html PUBLIC "-//W3C//DTD XHTML 1.0 Transitional//EN"
    "http://www.w3.org/TR/xhtml1/DTD/xhtml1-transitional.dtd">
<html xmlns="http://www.w3.org/1999/xhtml" xml:lang="en" lang="en">
 <head>
  <title>
</title>
<meta http-equiv="Content-Type" content="text/html;charset=utf-8" />
  <meta name='ocr-system' content='tesseract 3.04.00' />
  <meta name='ocr-capabilities' content='ocr_page ocr_carea ocr_par ocr_line ocrx_word'/>
</head>
<body>
  <div class='ocr_page' id='page_1' title='image "./corpusscriptorum42niebuoft/corpusscriptorum42niebuoft_0546.png"; bbox 0 0 1890 3224; ppageno 0'>
   <div class='ocr_carea' id='block_1_1' title="bbox 281 165 1111 214">
    <p class='ocr_par' dir='ltr' id='par_1_1' title="bbox 281 165 1111 214">
     <span class='ocr_line' id='line_1_1' title="bbox 281 165 1111 214; baseline -0.007 0"><span class='ocrx_word' id='word_1_1' title='bbox 281 165 376 214; x_wconf 80' lang='lat'><strong>124</strong></span> <span class='ocrx_word' id='word_1_2' title='bbox 664 196 665 199; x_wconf 58' lang='lat'><em>=</em></span> <span class='ocrx_word' id='word_1_3' title='bbox 677 166 680 167; x_wconf 44' lang='lat'><em>⁷</em></span> <span class='ocrx_word' id='word_1_4' title='bbox 887 165 1111 209; x_wconf 81' lang='lat' dir='ltr'><strong>PETAvn</strong></span> 
     </span>
    </p>
   </div>
   <div class='ocr_carea' id='block_1_2' title="bbox 273 269 1724 613">
    <p class='ocr_par' dir='ltr' id='par_1_2' title="bbox 273 269 1724 607">
     <span class='ocr_line' id='line_1_2' title="bbox 273 269 1719 346; baseline -0.001 -32"><span class='ocrx_word' id='word_1_5' title='bbox 273 278 390 333; x_wconf 59' lang='lat' dir='ltr'><strong>tagla</strong></span> <span class='ocrx_word' id='word_1_6' title='bbox 406 276 473 318; x_wconf 79' lang='grc' dir='ltr'><strong>καὶ</strong></span> <span class='ocrx_word' id='word_1_7' title='bbox 475 279 609 346; x_wconf 71' lang='grc' dir='ltr'>τιμῇ.</span> <span class='ocrx_word' id='word_1_8' title='bbox 654 273 745 313; x_wconf 86' lang='lat' dir='ltr'><strong>ideo</strong></span> <span class='ocrx_word' id='word_1_9' title='bbox 775 286 905 313; x_wconf 81' lang='lat' dir='ltr'><strong>comes</strong></span> <span class='ocrx_word' id='word_1_10' title='bbox 932 276 981 314; x_wconf 83' lang='lat' dir='ltr'><strong>iis</strong></span> <span class='ocrx_word' id='word_1_11' title='bbox 1001 281 1202 327; x_wconf 79' lang='lat' dir='ltr'><strong>praeerat,</strong></span> <span class='ocrx_word' id='word_1_12' title='bbox 1245 287 1326 313; x_wconf 87' lang='lat' dir='ltr'><strong>non</strong></span> <span class='ocrx_word' id='word_1_13' title='bbox 1348 269 1570 327; x_wconf 77' lang='grc' dir='ltr'><strong><em>στρατηγός.</em></strong></span> <span class='ocrx_word' id='word_1_14' title='bbox 1625 272 1719 313; x_wconf 83' lang='lat' dir='ltr'><strong>inde</strong></span> 
     </span>
     <span class='ocr_line' id='line_1_3' title="bbox 274 328 1720 384; baseline -0.002 -11"><span class='ocrx_word' id='word_1_15' title='bbox 274 335 441 373; x_wconf 77' lang='lat' dir='ltr'><strong>verbum</strong></span> <span class='ocrx_word' id='word_1_16' title='bbox 462 328 683 384; x_wconf 77' lang='grc' dir='ltr'>ὅψικεύειν.</span> <span class='ocrx_word' id='word_1_17' title='bbox 712 334 879 370; x_wconf 83' lang='lat' dir='ltr'><strong>Ioannes</strong></span> <span class='ocrx_word' id='word_1_18' title='bbox 901 332 1096 370; x_wconf 76' lang='lat' dir='ltr'><strong>climacus</strong></span> <span class='ocrx_word' id='word_1_19' title='bbox 1113 333 1259 370; x_wconf 74' lang='lat' dir='ltr'><strong>Graece</strong></span> <span class='ocrx_word' id='word_1_20' title='bbox 1281 330 1459 370; x_wconf 88' lang='lat' dir='ltr'><strong>nondum</strong></span> <span class='ocrx_word' id='word_1_21' title='bbox 1480 329 1621 380; x_wconf 76' lang='lat' dir='ltr'><strong>editus,</strong></span> <span class='ocrx_word' id='word_1_22' title='bbox 1650 332 1720 384; x_wconf 85' lang='lat' dir='ltr'><strong>qui</strong></span> 
     </span>
     <span class='ocr_line' id='line_1_4' title="bbox 275 383 1722 442; baseline -0.001 -14"><span class='ocrx_word' id='word_1_23' title='bbox 275 399 335 429; x_wconf 89' lang='lat' dir='ltr'><strong>est</strong></span> <span class='ocrx_word' id='word_1_24' title='bbox 352 403 472 442; x_wconf 87' lang='lat' dir='ltr'><strong>penes</strong></span> <span class='ocrx_word' id='word_1_25' title='bbox 498 392 543 428; x_wconf 88' lang='lat' dir='ltr'><strong>R.</strong></span> <span class='ocrx_word' id='word_1_26' title='bbox 556 391 603 427; x_wconf 87' lang='lat' dir='ltr'><strong>P.</strong></span> <span class='ocrx_word' id='word_1_27' title='bbox 624 390 863 427; x_wconf 80' lang='lat' dir='ltr'><strong>Frontonem</strong></span> <span class='ocrx_word' id='word_1_28' title='bbox 881 389 1130 438; x_wconf 84' lang='lat' dir='ltr'><strong>Ducaeum,</strong></span> <span class='ocrx_word' id='word_1_29' title='bbox 1119 402 1161 426; x_wconf 85' lang='lat' dir='ltr'><strong>m</strong></span> <span class='ocrx_word' id='word_1_30' title='bbox 1180 392 1296 441; x_wconf 81' lang='grc' dir='ltr'>Κλιμ.</span> <span class='ocrx_word' id='word_1_31' title='bbox 1318 385 1370 428; x_wconf 86' lang='grc' dir='ltr'><strong>α’.·</strong></span> <span class='ocrx_word' id='word_1_32' title='bbox 1393 385 1499 428; x_wconf 83' lang='grc' dir='ltr'><strong><em>εἶδον</em></strong></span> <span class='ocrx_word' id='word_1_33' title='bbox 1518 383 1593 440; x_wconf 66' lang='grc' dir='ltr'><strong>γάρ</strong></span> <span class='ocrx_word' id='word_1_34' title='bbox 1610 401 1722 436; x_wconf 76' lang='grc' dir='ltr'>τινας</span> 
     </span>
     <span class='ocr_line' id='line_1_5' title="bbox 275 439 1723 512; baseline -0.002 -26"><span class='ocrx_word' id='word_1_35' title='bbox 275 445 498 500; x_wconf 79' lang='grc' dir='ltr'><strong><em>φεύγοντας</em></strong></span> <span class='ocrx_word' id='word_1_36' title='bbox 520 445 587 486; x_wconf 80' lang='grc' dir='ltr'><strong>καὶ</strong></span> <span class='ocrx_word' id='word_1_37' title='bbox 616 441 814 493; x_wconf 66' lang='grc' dir='ltr'><strong><em>ἀκουσίως</em></strong></span> <span class='ocrx_word' id='word_1_38' title='bbox 840 448 897 499; x_wconf 77' lang='grc' dir='ltr'><strong>τῷ</strong></span> <span class='ocrx_word' id='word_1_39' title='bbox 925 447 1079 498; x_wconf 81' lang='grc' dir='ltr'>βασιλεῖ</span> <span class='ocrx_word' id='word_1_40' title='bbox 1107 443 1466 512; x_wconf 77' lang='grc' dir='ltr'><strong><em>προσερχομένους,</em></strong></span> <span class='ocrx_word' id='word_1_41' title='bbox 1505 442 1574 484; x_wconf 84' lang='grc' dir='ltr'><strong>καὶ</strong></span> <span class='ocrx_word' id='word_1_42' title='bbox 1593 439 1723 483; x_wconf 75' lang='grc' dir='ltr'><strong><em>ἄπαν-</em></strong></span> 
     </span>
     <span class='ocr_line' id='line_1_6' title="bbox 273 495 1724 570; baseline -0.002 -27"><span class='ocrx_word' id='word_1_43' title='bbox 273 518 426 549; x_wconf 81' lang='grc' dir='ltr'><strong><em>τωντας</em></strong></span> <span class='ocrx_word' id='word_1_44' title='bbox 450 501 772 570; x_wconf 83' lang='grc' dir='ltr'><strong><em>προσερχομένω,</em></strong></span> <span class='ocrx_word' id='word_1_45' title='bbox 814 502 883 542; x_wconf 81' lang='grc' dir='ltr'><strong>καὶ</strong></span> <span class='ocrx_word' id='word_1_46' title='bbox 913 499 1039 557; x_wconf 80' lang='grc' dir='ltr'><strong><em>τούτῳ</em></strong></span> <span class='ocrx_word' id='word_1_47' title='bbox 1070 500 1212 544; x_wconf 79' lang='grc' dir='ltr'>λοιπὸν</span> <span class='ocrx_word' id='word_1_48' title='bbox 1234 501 1426 549; x_wconf 77' lang='grc' dir='ltr'><strong><em>ἑκουσίως</em></strong></span> <span class='ocrx_word' id='word_1_49' title='bbox 1447 495 1724 552; x_wconf 74' lang='grc' dir='ltr'>ὄψικευοντας,</span> 
     </span>
     <span class='ocr_line' id='line_1_7' title="bbox 273 554 1159 613; baseline -0.001 -14"><span class='ocrx_word' id='word_1_50' title='bbox 273 575 342 599; x_wconf 81' lang='grc' dir='ltr'><strong>και</strong></span> <span class='ocrx_word' id='word_1_51' title='bbox 365 558 408 599; x_wconf 79' lang='grc' dir='ltr'><strong><em>ἐν</em></strong></span> <span class='ocrx_word' id='word_1_52' title='bbox 427 562 480 612; x_wconf 84' lang='grc' dir='ltr'><strong>τῷ</strong></span> <span class='ocrx_word' id='word_1_53' title='bbox 501 560 675 613; x_wconf 76' lang='grc' dir='ltr'><strong><em>παλατίῳ</em></strong></span> <span class='ocrx_word' id='word_1_54' title='bbox 696 554 804 613; x_wconf 76' lang='grc' dir='ltr'><strong><em>αυτῷ</em></strong></span> <span class='ocrx_word' id='word_1_55' title='bbox 823 554 1159 607; x_wconf 80' lang='grc' dir='ltr'><strong><em>συνεισελθοντας.</em></strong></span> 
     </span>
    </p>
   </div>
   <div class='ocr_carea' id='block_1_3' title="bbox 273 626 1735 1251">
    <p class='ocr_par' dir='ltr' id='par_1_3' title="bbox 273 626 1735 1251">
     <span class='ocr_line' id='line_1_8' title="bbox 387 626 1735 707; baseline -0.005 -28"><span class='ocrx_word' id='word_1_56' title='bbox 387 651 427 688; x_wconf 75' lang='grc' dir='ltr'><strong>Ρ·</strong></span> <span class='ocrx_word' id='word_1_57' title='bbox 449 637 503 679; x_wconf 82' lang='lat'><strong>42</strong></span> <span class='ocrx_word' id='word_1_58' title='bbox 524 652 562 676; x_wconf 85' lang='lat' dir='ltr'><strong>v.</strong></span> <span class='ocrx_word' id='word_1_59' title='bbox 584 640 650 679; x_wconf 89' lang='lat'><strong>11</strong></span> <span class='ocrx_word' id='word_1_60' title='bbox 679 637 820 707; x_wconf 82' lang='grc' dir='ltr'><strong><em>ταμίας</em></strong></span> <span class='ocrx_word' id='word_1_61' title='bbox 839 640 919 677; x_wconf 77' lang='grc' dir='ltr'><strong><em>τῶν</em></strong></span> <span class='ocrx_word' id='word_1_62' title='bbox 942 636 1173 705; x_wconf 62' lang='grc' dir='ltr'>βασιλικων]</span> <span class='ocrx_word' id='word_1_63' title='bbox 1195 635 1443 674; x_wconf 88' lang='lat' dir='ltr'><strong>sacellarium</strong></span> <span class='ocrx_word' id='word_1_64' title='bbox 1456 641 1571 673; x_wconf 83' lang='lat' dir='ltr'><strong>vocat</strong></span> <span class='ocrx_word' id='word_1_65' title='bbox 1585 626 1735 673; x_wconf 67' lang='lat' dir='ltr'><strong>Theo--¹</strong></span> 
     </span>
     <span class='ocr_line' id='line_1_9' title="bbox 273 690 1725 748; baseline 0.001 -18"><span class='ocrx_word' id='word_1_66' title='bbox 273 692 426 748; x_wconf 84' lang='lat' dir='ltr'><strong>phanes</strong></span> <span class='ocrx_word' id='word_1_67' title='bbox 449 694 506 745; x_wconf 91' lang='lat' dir='ltr'><strong>(p.</strong></span> <span class='ocrx_word' id='word_1_68' title='bbox 525 695 605 735; x_wconf 83' lang='lat'><strong>306</strong></span> <span class='ocrx_word' id='word_1_69' title='bbox 625 690 1026 745; x_wconf 83' lang='grc' dir='ltr'>1)).Ἰουστινιανός</span> <span class='ocrx_word' id='word_1_70' title='bbox 1045 693 1099 743; x_wconf 80' lang='grc' dir='ltr'><strong>δέ,</strong></span> <span class='ocrx_word' id='word_1_71' title='bbox 1128 695 1270 746; x_wconf 89' lang='lat' dir='ltr'><strong>inquit,</strong></span> <span class='ocrx_word' id='word_1_72' title='bbox 1302 692 1358 741; x_wconf 80' lang='grc' dir='ltr'><strong>εἰς</strong></span> <span class='ocrx_word' id='word_1_73' title='bbox 1375 690 1421 732; x_wconf 76' lang='grc' dir='ltr'><strong>τοὶ</strong></span> <span class='ocrx_word' id='word_1_74' title='bbox 1442 694 1514 732; x_wconf 81' lang='grc' dir='ltr'><strong>τοῦ</strong></span> <span class='ocrx_word' id='word_1_75' title='bbox 1531 692 1725 732; x_wconf 65' lang='lat' dir='ltr'><strong>nazanzon</strong></span> 
     </span>
     <span class='ocr_line' id='line_1_10' title="bbox 273 743 1727 802; baseline -0.001 -12"><span class='ocrx_word' id='word_1_76' title='bbox 273 751 465 800; x_wconf 80' lang='grc' dir='ltr'><strong><em>κτίσματα</em></strong></span> <span class='ocrx_word' id='word_1_77' title='bbox 486 750 727 802; x_wconf 77' lang='grc' dir='ltr'><strong><em>ἐπεμελεῖτο,</em></strong></span> <span class='ocrx_word' id='word_1_78' title='bbox 766 749 835 791; x_wconf 77' lang='grc' dir='ltr'><strong>καὶ</strong></span> <span class='ocrx_word' id='word_1_79' title='bbox 865 749 988 791; x_wconf 73' lang='grc' dir='ltr'>ἔκτισε</span> <span class='ocrx_word' id='word_1_80' title='bbox 1015 747 1082 791; x_wconf 81' lang='grc' dir='ltr'><strong><em>τὸν</em></strong></span> <span class='ocrx_word' id='word_1_81' title='bbox 1103 746 1382 791; x_wconf 83' lang='grc' dir='ltr'>Ἰουστινιανοῦ</span> <span class='ocrx_word' id='word_1_82' title='bbox 1403 748 1601 802; x_wconf 82' lang='grc' dir='ltr'><strong><em>τρίκλινον</em></strong></span> <span class='ocrx_word' id='word_1_83' title='bbox 1619 743 1727 801; x_wconf 79' lang='grc' dir='ltr'><strong><em>λεγό-</em></strong></span> 
     </span>
     <span class='ocr_line' id='line_1_11' title="bbox 276 803 1728 873; baseline -0.001 -27"><span class='ocrx_word' id='word_1_84' title='bbox 276 822 400 859; x_wconf 84' lang='grc' dir='ltr'><strong><em>μενον</em></strong></span> <span class='ocrx_word' id='word_1_85' title='bbox 421 805 487 846; x_wconf 80' lang='grc' dir='ltr'><strong>καὶ</strong></span> <span class='ocrx_word' id='word_1_86' title='bbox 507 823 555 846; x_wconf 85' lang='grc' dir='ltr'><strong>τα</strong></span> <span class='ocrx_word' id='word_1_87' title='bbox 575 810 647 848; x_wconf 82' lang='grc' dir='ltr'><strong>τοῦ</strong></span> <span class='ocrx_word' id='word_1_88' title='bbox 664 807 856 847; x_wconf 78' lang='grc' dir='ltr'><strong><em>παλατίου</em></strong></span> <span class='ocrx_word' id='word_1_89' title='bbox 877 808 1203 873; x_wconf 82' lang='grc' dir='ltr'>περιτειχίσματα,</span> <span class='ocrx_word' id='word_1_90' title='bbox 1230 822 1299 847; x_wconf 84' lang='grc' dir='ltr'><strong>και</strong></span> <span class='ocrx_word' id='word_1_91' title='bbox 1316 804 1526 857; x_wconf 77' lang='grc' dir='ltr'><strong><em>ἐπέστησεν</em></strong></span> <span class='ocrx_word' id='word_1_92' title='bbox 1544 803 1728 855; x_wconf 75' lang='grc' dir='ltr'><strong><em>ἔπείκτην</em></strong></span> 
     </span>
     <span class='ocr_line' id='line_1_12' title="bbox 276 859 1727 916; baseline -0.003 -14"><span class='ocrx_word' id='word_1_93' title='bbox 276 862 489 912; x_wconf 80' lang='grc' dir='ltr'><strong><em>Στέφανον</em></strong></span> <span class='ocrx_word' id='word_1_94' title='bbox 513 859 584 903; x_wconf 85' lang='grc' dir='ltr'><strong><em>τόν</em></strong></span> <span class='ocrx_word' id='word_1_95' title='bbox 607 862 769 915; x_wconf 80' lang='grc' dir='ltr'><strong><em>Πέρσην</em></strong></span> <span class='ocrx_word' id='word_1_96' title='bbox 795 859 1063 916; x_wconf 80' lang='grc' dir='ltr'><strong><em>Σακελλαριον</em></strong></span> <span class='ocrx_word' id='word_1_97' title='bbox 1092 860 1227 904; x_wconf 67' lang='grc' dir='ltr'><strong><em>αὐτοῦ.</em></strong></span> <span class='ocrx_word' id='word_1_98' title='bbox 1286 863 1491 914; x_wconf 82' lang='lat' dir='ltr'><strong>egregium</strong></span> <span class='ocrx_word' id='word_1_99' title='bbox 1511 862 1586 898; x_wconf 87' lang='lat' dir='ltr'><strong>fuit</strong></span> <span class='ocrx_word' id='word_1_100' title='bbox 1605 862 1727 898; x_wconf 87' lang='lat' dir='ltr'><strong>Iusti-</strong></span> 
     </span>
     <span class='ocr_line' id='line_1_13' title="bbox 275 918 1728 972; baseline -0.001 -17"><span class='ocrx_word' id='word_1_101' title='bbox 275 920 388 956; x_wconf 86' lang='lat' dir='ltr'>niani</span> <span class='ocrx_word' id='word_1_102' title='bbox 410 933 509 971; x_wconf 90' lang='lat' dir='ltr'><strong>opus</strong></span> <span class='ocrx_word' id='word_1_103' title='bbox 527 918 650 967; x_wconf 83' lang='lat' dir='ltr'><strong>illud,</strong></span> <span class='ocrx_word' id='word_1_104' title='bbox 696 918 802 972; x_wconf 89' lang='lat' dir='ltr'><strong>quod</strong></span> <span class='ocrx_word' id='word_1_105' title='bbox 822 933 844 957; x_wconf 88' lang='lat' dir='ltr'><strong>a</strong></span> <span class='ocrx_word' id='word_1_106' title='bbox 867 921 1123 959; x_wconf 83' lang='lat' dir='ltr'><strong>Constantino</strong></span> <span class='ocrx_word' id='word_1_107' title='bbox 1145 922 1339 957; x_wconf 84' lang='lat' dir='ltr'><strong>Manassis</strong></span> <span class='ocrx_word' id='word_1_108' title='bbox 1362 919 1581 956; x_wconf 88' lang='lat' dir='ltr'><strong>celebratur</strong></span> <span class='ocrx_word' id='word_1_109' title='bbox 1600 918 1728 955; x_wconf 82' lang='lat' dir='ltr'><strong>versi-</strong></span> 
     </span>
     <span class='ocr_line' id='line_1_14' title="bbox 273 973 1728 1029; baseline -0.001 -17"><span class='ocrx_word' id='word_1_110' title='bbox 273 976 349 1012; x_wconf 87' lang='lat' dir='ltr'><strong>bus</strong></span> <span class='ocrx_word' id='word_1_111' title='bbox 373 973 716 1028; x_wconf 65' lang='lat'><strong>(3868—3872).</strong></span> <span class='ocrx_word' id='word_1_112' title='bbox 775 975 882 1029; x_wconf 87' lang='lat' dir='ltr'><strong>quod</strong></span> <span class='ocrx_word' id='word_1_113' title='bbox 900 978 942 1014; x_wconf 88' lang='lat' dir='ltr'><strong>in</strong></span> <span class='ocrx_word' id='word_1_114' title='bbox 961 990 996 1014; x_wconf 90' lang='lat' dir='ltr'><strong>a.</strong></span> <span class='ocrx_word' id='word_1_115' title='bbox 1023 978 1106 1015; x_wconf 91' lang='lat' dir='ltr'><strong>eius</strong></span> <span class='ocrx_word' id='word_1_116' title='bbox 1127 979 1152 1018; x_wconf 88' lang='lat'><strong>9</strong></span> <span class='ocrx_word' id='word_1_117' title='bbox 1175 976 1324 1014; x_wconf 83' lang='lat' dir='ltr'><strong>confert</strong></span> <span class='ocrx_word' id='word_1_118' title='bbox 1345 973 1626 1026; x_wconf 79' lang='lat' dir='ltr'><strong>Theophanes,</strong></span> <span class='ocrx_word' id='word_1_119' title='bbox 1658 973 1728 1026; x_wconf 90' lang='lat' dir='ltr'><strong>qui</strong></span> 
     </span>
     <span class='ocr_line' id='line_1_15' title="bbox 275 1029 1730 1100; baseline 0 -32"><span class='ocrx_word' id='word_1_120' title='bbox 275 1032 353 1069; x_wconf 84' lang='lat' dir='ltr'><strong>fuit</strong></span> <span class='ocrx_word' id='word_1_121' title='bbox 375 1030 520 1070; x_wconf 78' lang='lat' dir='ltr'><strong>Christi</strong></span> <span class='ocrx_word' id='word_1_122' title='bbox 537 1034 631 1073; x_wconf 85' lang='lat'><strong>693.</strong></span> <span class='ocrx_word' id='word_1_123' title='bbox 690 1046 768 1100; x_wconf 91' lang='lat' dir='ltr'><strong>quo</strong></span> <span class='ocrx_word' id='word_1_124' title='bbox 800 1046 904 1070; x_wconf 89' lang='lat' dir='ltr'><strong>anno</strong></span> <span class='ocrx_word' id='word_1_125' title='bbox 933 1034 1089 1083; x_wconf 83' lang='lat' dir='ltr'><strong>eclipsis</strong></span> <span class='ocrx_word' id='word_1_126' title='bbox 1111 1033 1205 1070; x_wconf 89' lang='lat' dir='ltr'><strong>solis</strong></span> <span class='ocrx_word' id='word_1_127' title='bbox 1226 1033 1388 1082; x_wconf 87' lang='lat' dir='ltr'><strong>contigit</strong></span> <span class='ocrx_word' id='word_1_128' title='bbox 1407 1047 1504 1082; x_wconf 89' lang='grc' dir='ltr'><strong><em>μηνι</em></strong></span> <span class='ocrx_word' id='word_1_129' title='bbox 1520 1029 1730 1082; x_wconf 80' lang='grc' dir='ltr'><strong><em>ὖπερβερε-</em></strong></span> 
     </span>
     <span class='ocr_line' id='line_1_16' title="bbox 274 1083 1728 1144; baseline -0.003 -17"><span class='ocrx_word' id='word_1_130' title='bbox 274 1088 373 1127; x_wconf 79' lang='grc' dir='ltr'><strong><em>ταίω</em></strong></span> <span class='ocrx_word' id='word_1_131' title='bbox 397 1084 437 1136; x_wconf 86' lang='grc' dir='ltr'><strong>ε’,</strong></span> <span class='ocrx_word' id='word_1_132' title='bbox 477 1086 605 1143; x_wconf 75' lang='grc' dir='ltr'><strong><em>ἡμέρα</em></strong></span> <span class='ocrx_word' id='word_1_133' title='bbox 633 1083 688 1137; x_wconf 85' lang='grc' dir='ltr'><strong>α’,</strong></span> <span class='ocrx_word' id='word_1_134' title='bbox 722 1104 806 1144; x_wconf 82' lang='grc' dir='ltr'><strong>ωρα</strong></span> <span class='ocrx_word' id='word_1_135' title='bbox 830 1085 864 1142; x_wconf 86' lang='lat' dir='ltr'><strong>y&#39;</strong></span> <span class='ocrx_word' id='word_1_136' title='bbox 876 1118 886 1136; x_wconf 93' lang='lat'>,</span> <span class='ocrx_word' id='word_1_137' title='bbox 920 1087 997 1126; x_wconf 89' lang='lat' dir='ltr'><strong>hoc</strong></span> <span class='ocrx_word' id='word_1_138' title='bbox 1024 1095 1082 1126; x_wconf 90' lang='lat' dir='ltr'><strong>est</strong></span> <span class='ocrx_word' id='word_1_139' title='bbox 1103 1089 1278 1126; x_wconf 87' lang='lat' dir='ltr'><strong>Octobris</strong></span> <span class='ocrx_word' id='word_1_140' title='bbox 1298 1088 1342 1134; x_wconf 94' lang='lat'><strong>5,</strong></span> <span class='ocrx_word' id='word_1_141' title='bbox 1371 1088 1471 1124; x_wconf 88' lang='lat' dir='ltr'><strong>feria</strong></span> <span class='ocrx_word' id='word_1_142' title='bbox 1495 1087 1539 1135; x_wconf 92' lang='lat'><strong>1,</strong></span> <span class='ocrx_word' id='word_1_143' title='bbox 1568 1084 1666 1123; x_wconf 89' lang='lat' dir='ltr'><strong>hora</strong></span> <span class='ocrx_word' id='word_1_144' title='bbox 1688 1089 1728 1133; x_wconf 81' lang='lat'><strong>3,</strong></span> 
     </span>
     <span class='ocr_line' id='line_1_17' title="bbox 275 1129 1729 1195; baseline -0.001 -15"><span class='ocrx_word' id='word_1_145' title='bbox 275 1129 386 1195; x_wconf 87' lang='lat' dir='ltr'><strong>cyclo</strong></span> <span class='ocrx_word' id='word_1_146' title='bbox 404 1144 522 1180; x_wconf 91' lang='lat' dir='ltr'><strong>lunae</strong></span> <span class='ocrx_word' id='word_1_147' title='bbox 548 1147 610 1191; x_wconf 92' lang='lat'><strong>10,</strong></span> <span class='ocrx_word' id='word_1_148' title='bbox 640 1145 734 1180; x_wconf 87' lang='lat' dir='ltr'><strong>solis</strong></span> <span class='ocrx_word' id='word_1_149' title='bbox 751 1147 793 1184; x_wconf 79' lang='lat'><strong>2·</strong></span> <span class='ocrx_word' id='word_1_150' title='bbox 851 1145 1080 1194; x_wconf 82' lang='lat' dir='ltr'><strong>Sigebertus</strong></span> <span class='ocrx_word' id='word_1_151' title='bbox 1102 1144 1246 1182; x_wconf 87' lang='lat' dir='ltr'><strong>frustra</strong></span> <span class='ocrx_word' id='word_1_152' title='bbox 1267 1157 1303 1180; x_wconf 87' lang='lat' dir='ltr'><strong>a.</strong></span> <span class='ocrx_word' id='word_1_153' title='bbox 1325 1142 1405 1184; x_wconf 84' lang='grc'><strong>695</strong></span> <span class='ocrx_word' id='word_1_154' title='bbox 1430 1155 1519 1180; x_wconf 88' lang='lat' dir='ltr'><strong>eam</strong></span> <span class='ocrx_word' id='word_1_155' title='bbox 1541 1140 1729 1179; x_wconf 86' lang='lat' dir='ltr'><strong>accidisse</strong></span> 
     </span>
     <span class='ocr_line' id='line_1_18' title="bbox 273 1199 718 1251; baseline -0.002 -14"><span class='ocrx_word' id='word_1_156' title='bbox 273 1200 406 1248; x_wconf 78' lang='lat' dir='ltr'><strong>refert,</strong></span> <span class='ocrx_word' id='word_1_157' title='bbox 435 1199 596 1236; x_wconf 85' lang='lat' dir='ltr'><strong>biennio</strong></span> <span class='ocrx_word' id='word_1_158' title='bbox 615 1206 718 1251; x_wconf 82' lang='lat' dir='ltr'><strong>post.</strong></span> 
     </span>
    </p>
   </div>
   <div class='ocr_carea' id='block_1_4' title="bbox 271 1260 1734 1474">
    <p class='ocr_par' dir='ltr' id='par_1_4' title="bbox 271 1260 1734 1474">
     <span class='ocr_line' id='line_1_19' title="bbox 390 1260 1732 1320; baseline -0.001 -17"><span class='ocrx_word' id='word_1_159' title='bbox 390 1266 614 1308; x_wconf 81' lang='lat' dir='ltr'><strong>ib.v.13.</strong></span> <span class='ocrx_word' id='word_1_160' title='bbox 671 1278 864 1318; x_wconf 79' lang='grc' dir='ltr'>μαστιγας</span> <span class='ocrx_word' id='word_1_161' title='bbox 901 1260 1005 1320; x_wconf 81' lang='grc' dir='ltr'><strong><em>αυτῇ</em></strong></span> <span class='ocrx_word' id='word_1_162' title='bbox 1037 1264 1081 1306; x_wconf 77' lang='grc' dir='ltr'><strong><em>ἓν</em></strong></span> <span class='ocrx_word' id='word_1_163' title='bbox 1116 1261 1311 1318; x_wconf 81' lang='grc' dir='ltr'>σχήματι]</span> <span class='ocrx_word' id='word_1_164' title='bbox 1353 1266 1568 1304; x_wconf 80' lang='lat' dir='ltr'><strong>intentasse</strong></span> <span class='ocrx_word' id='word_1_165' title='bbox 1598 1265 1732 1304; x_wconf 84' lang='lat' dir='ltr'><strong>solum</strong></span> 
     </span>
     <span class='ocr_line' id='line_1_20' title="bbox 273 1320 1734 1371; baseline -0.002 -9"><span class='ocrx_word' id='word_1_166' title='bbox 273 1324 486 1371; x_wconf 83' lang='lat' dir='ltr'><strong>scuticam,</strong></span> <span class='ocrx_word' id='word_1_167' title='bbox 524 1336 607 1360; x_wconf 90' lang='lat' dir='ltr'><strong>uon</strong></span> <span class='ocrx_word' id='word_1_168' title='bbox 633 1324 754 1360; x_wconf 89' lang='lat' dir='ltr'><strong>etiam</strong></span> <span class='ocrx_word' id='word_1_169' title='bbox 772 1323 999 1361; x_wconf 83' lang='lat' dir='ltr'><strong>verberasse</strong></span> <span class='ocrx_word' id='word_1_170' title='bbox 1024 1336 1076 1359; x_wconf 82' lang='lat' dir='ltr'><strong>ex</strong></span> <span class='ocrx_word' id='word_1_171' title='bbox 1102 1321 1176 1360; x_wconf 91' lang='lat' dir='ltr'><strong>hoc</strong></span> <span class='ocrx_word' id='word_1_172' title='bbox 1197 1323 1283 1360; x_wconf 85' lang='lat' dir='ltr'><strong>loco</strong></span> <span class='ocrx_word' id='word_1_173' title='bbox 1305 1321 1473 1360; x_wconf 81' lang='lat' dir='ltr'><strong>videtur.</strong></span> <span class='ocrx_word' id='word_1_174' title='bbox 1533 1329 1572 1360; x_wconf 88' lang='lat' dir='ltr'><strong>at</strong></span> <span class='ocrx_word' id='word_1_175' title='bbox 1590 1320 1734 1360; x_wconf 89' lang='lat' dir='ltr'><strong>Theo-</strong></span> 
     </span>
     <span class='ocr_line' id='line_1_21' title="bbox 271 1376 1731 1432; baseline -0.001 -15"><span class='ocrx_word' id='word_1_176' title='bbox 271 1379 426 1431; x_wconf 84' lang='lat' dir='ltr'><strong>phanes</strong></span> <span class='ocrx_word' id='word_1_177' title='bbox 446 1386 484 1417; x_wconf 89' lang='lat' dir='ltr'><strong>et</strong></span> <span class='ocrx_word' id='word_1_178' title='bbox 502 1378 702 1417; x_wconf 88' lang='lat' dir='ltr'><strong>Cedrenus</strong></span> <span class='ocrx_word' id='word_1_179' title='bbox 723 1376 779 1419; x_wconf 79' lang='grc' dir='ltr'><strong>δι’</strong></span> <span class='ocrx_word' id='word_1_180' title='bbox 803 1378 968 1432; x_wconf 79' lang='grc' dir='ltr'><strong><em>ἆβηνῶν</em></strong></span> <span class='ocrx_word' id='word_1_181' title='bbox 992 1382 1232 1432; x_wconf 79' lang='grc' dir='ltr'>μαστιγῶσαι</span> <span class='ocrx_word' id='word_1_182' title='bbox 1252 1378 1434 1428; x_wconf 87' lang='lat' dir='ltr'><strong>tradunt,</strong></span> <span class='ocrx_word' id='word_1_183' title='bbox 1472 1377 1548 1417; x_wconf 88' lang='lat' dir='ltr'><strong>hoc</strong></span> <span class='ocrx_word' id='word_1_184' title='bbox 1576 1385 1635 1417; x_wconf 88' lang='lat' dir='ltr'><strong>est</strong></span> <span class='ocrx_word' id='word_1_185' title='bbox 1654 1377 1731 1416; x_wconf 87' lang='lat' dir='ltr'><strong>ha-</strong></span> 
     </span>
     <span class='ocr_line' id='line_1_22' title="bbox 271 1435 818 1474; baseline 0 0"><span class='ocrx_word' id='word_1_186' title='bbox 271 1437 386 1474; x_wconf 86' lang='lat' dir='ltr'><strong>benis</strong></span> <span class='ocrx_word' id='word_1_187' title='bbox 412 1450 484 1474; x_wconf 88' lang='lat' dir='ltr'><strong>seu</strong></span> <span class='ocrx_word' id='word_1_188' title='bbox 498 1437 594 1474; x_wconf 90' lang='lat' dir='ltr'><strong>loris</strong></span> <span class='ocrx_word' id='word_1_189' title='bbox 614 1435 818 1474; x_wconf 87' lang='lat' dir='ltr'><strong>cecidisse.</strong></span> 
     </span>
    </p>
   </div>
   <div class='ocr_carea' id='block_1_5' title="bbox 151 1486 1732 1615">
    <p class='ocr_par' dir='ltr' id='par_1_5' title="bbox 151 1486 1732 1615">
     <span class='ocr_line' id='line_1_23' title="bbox 151 1486 1732 1557; baseline 0.003 -19"><span class='ocrx_word' id='word_1_190' title='bbox 151 1506 180 1538; x_wconf 90' lang='lat' dir='ltr'><strong>P</strong></span> <span class='ocrx_word' id='word_1_191' title='bbox 205 1507 250 1542; x_wconf 86' lang='lat'><strong>79</strong></span> <span class='ocrx_word' id='word_1_192' title='bbox 387 1503 440 1541; x_wconf 76' lang='lat' dir='ltr'><strong>ih.</strong></span> <span class='ocrx_word' id='word_1_193' title='bbox 474 1517 513 1541; x_wconf 86' lang='lat' dir='ltr'><strong>v.</strong></span> <span class='ocrx_word' id='word_1_194' title='bbox 551 1506 615 1545; x_wconf 88' lang='lat'><strong>16.</strong></span> <span class='ocrx_word' id='word_1_195' title='bbox 673 1506 755 1544; x_wconf 73' lang='grc' dir='ltr'><strong><em>τῶν</em></strong></span> <span class='ocrx_word' id='word_1_196' title='bbox 781 1503 989 1556; x_wconf 83' lang='grc' dir='ltr'><strong><em>δημοσίων</em></strong></span> <span class='ocrx_word' id='word_1_197' title='bbox 1015 1499 1226 1557; x_wconf 76' lang='grc' dir='ltr'>λογιστήν]</span> <span class='ocrx_word' id='word_1_198' title='bbox 1257 1486 1527 1555; x_wconf 84' lang='lat' dir='ltr'><strong>Theophanes</strong></span> <span class='ocrx_word' id='word_1_199' title='bbox 1551 1498 1732 1557; x_wconf 77' lang='grc' dir='ltr'><strong><em>γεννικὸν</em></strong></span> 
     </span>
     <span class='ocr_line' id='line_1_24' title="bbox 273 1559 659 1615; baseline -0.013 -14"><span class='ocrx_word' id='word_1_200' title='bbox 273 1559 512 1615; x_wconf 79' lang='grc' dir='ltr'><strong><em>λογοθέσιον</em></strong></span> <span class='ocrx_word' id='word_1_201' title='bbox 530 1566 659 1597; x_wconf 78' lang='lat' dir='ltr'><strong>vocat.</strong></span> 
     </span>
    </p>
   </div>
   <div class='ocr_carea' id='block_1_6' title="bbox 273 1622 1730 1735">
    <p class='ocr_par' dir='ltr' id='par_1_6' title="bbox 273 1622 1730 1735">
     <span class='ocr_line' id='line_1_25' title="bbox 382 1622 1730 1678; baseline -0.001 -14"><span class='ocrx_word' id='word_1_202' title='bbox 382 1627 436 1664; x_wconf 87' lang='lat' dir='ltr'><strong>ib.</strong></span> <span class='ocrx_word' id='word_1_203' title='bbox 471 1641 510 1664; x_wconf 86' lang='lat' dir='ltr'><strong>v.</strong></span> <span class='ocrx_word' id='word_1_204' title='bbox 538 1629 608 1668; x_wconf 78' lang='lat'><strong>23.</strong></span> <span class='ocrx_word' id='word_1_205' title='bbox 667 1622 933 1678; x_wconf 78' lang='grc' dir='ltr'><strong><em>οἷνατολικοῦ]</em></strong></span> <span class='ocrx_word' id='word_1_206' title='bbox 974 1625 1022 1663; x_wconf 89' lang='lat' dir='ltr'><strong>de</strong></span> <span class='ocrx_word' id='word_1_207' title='bbox 1049 1625 1124 1664; x_wconf 88' lang='lat' dir='ltr'><strong>hoc</strong></span> <span class='ocrx_word' id='word_1_208' title='bbox 1153 1625 1328 1664; x_wconf 83' lang='lat' dir='ltr'><strong>themate</strong></span> <span class='ocrx_word' id='word_1_209' title='bbox 1350 1626 1511 1664; x_wconf 87' lang='lat' dir='ltr'><strong>consule</strong></span> <span class='ocrx_word' id='word_1_210' title='bbox 1533 1638 1633 1677; x_wconf 86' lang='lat' dir='ltr'><strong>quae</strong></span> <span class='ocrx_word' id='word_1_211' title='bbox 1655 1623 1730 1662; x_wconf 87' lang='lat' dir='ltr'><strong>ha·-</strong></span> 
     </span>
     <span class='ocr_line' id='line_1_26' title="bbox 273 1682 749 1735; baseline -0.004 -13"><span class='ocrx_word' id='word_1_212' title='bbox 273 1685 343 1722; x_wconf 84' lang='lat' dir='ltr'><strong>bet</strong></span> <span class='ocrx_word' id='word_1_213' title='bbox 368 1682 749 1735; x_wconf 84' lang='lat' dir='ltr'><strong>Porphyrogenitus.</strong></span> 
     </span>
    </p>
   </div>
   <div class='ocr_carea' id='block_1_7' title="bbox 275 1747 1735 2184">
    <p class='ocr_par' dir='ltr' id='par_1_7' title="bbox 275 1747 1735 2184">
     <span class='ocr_line' id='line_1_27' title="bbox 389 1747 1735 1802; baseline -0.004 -11"><span class='ocrx_word' id='word_1_214' title='bbox 389 1765 429 1802; x_wconf 90' lang='grc' dir='ltr'><strong>Ρ</strong></span> <span class='ocrx_word' id='word_1_215' title='bbox 447 1749 500 1791; x_wconf 84' lang='grc'><strong>44</strong></span> <span class='ocrx_word' id='word_1_216' title='bbox 518 1763 557 1788; x_wconf 82' lang='lat' dir='ltr'><strong>v.</strong></span> <span class='ocrx_word' id='word_1_217' title='bbox 579 1753 620 1791; x_wconf 89' lang='lat'>7</span> <span class='ocrx_word' id='word_1_218' title='bbox 656 1765 732 1802; x_wconf 88' lang='grc' dir='ltr'><strong><em>την</em></strong></span> <span class='ocrx_word' id='word_1_219' title='bbox 753 1751 927 1802; x_wconf 72' lang='grc' dir='ltr'><strong><em>γλῶτταν</em></strong></span> <span class='ocrx_word' id='word_1_220' title='bbox 944 1765 1013 1789; x_wconf 82' lang='grc' dir='ltr'><strong>και</strong></span> <span class='ocrx_word' id='word_1_221' title='bbox 1029 1747 1103 1801; x_wconf 76' lang='grc' dir='ltr'><strong><em>τήν</em></strong></span> <span class='ocrx_word' id='word_1_222' title='bbox 1120 1748 1228 1801; x_wconf 76' lang='grc' dir='ltr'><strong><em>ῥῖνα]</em></strong></span> <span class='ocrx_word' id='word_1_223' title='bbox 1253 1748 1301 1786; x_wconf 86' lang='lat' dir='ltr'><strong>de</strong></span> <span class='ocrx_word' id='word_1_224' title='bbox 1321 1750 1459 1800; x_wconf 88' lang='lat' dir='ltr'><strong>lingua</strong></span> <span class='ocrx_word' id='word_1_225' title='bbox 1481 1750 1674 1786; x_wconf 81' lang='lat' dir='ltr'><strong>consentit</strong></span> <span class='ocrx_word' id='word_1_226' title='bbox 1695 1755 1735 1786; x_wconf 88' lang='lat' dir='ltr'><strong>et</strong></span> 
     </span>
     <span class='ocr_line' id='line_1_28' title="bbox 275 1805 1734 1859; baseline -0.003 -14"><span class='ocrx_word' id='word_1_227' title='bbox 275 1805 563 1859; x_wconf 83' lang='lat' dir='ltr'><strong>Theophanes.</strong></span> <span class='ocrx_word' id='word_1_228' title='bbox 622 1806 695 1844; x_wconf 89' lang='lat' dir='ltr'><strong>sed</strong></span> <span class='ocrx_word' id='word_1_229' title='bbox 714 1806 992 1844; x_wconf 85' lang='lat' dir='ltr'><strong>Constantinus</strong></span> <span class='ocrx_word' id='word_1_230' title='bbox 1011 1808 1185 1844; x_wconf 83' lang='lat' dir='ltr'><strong>Zonaras</strong></span> <span class='ocrx_word' id='word_1_231' title='bbox 1209 1805 1409 1844; x_wconf 90' lang='lat' dir='ltr'><strong>Cedrenus</strong></span> <span class='ocrx_word' id='word_1_232' title='bbox 1437 1812 1475 1842; x_wconf 90' lang='lat' dir='ltr'><strong>et</strong></span> <span class='ocrx_word' id='word_1_233' title='bbox 1498 1806 1566 1843; x_wconf 87' lang='lat' dir='ltr'><strong>alii</strong></span> <span class='ocrx_word' id='word_1_234' title='bbox 1592 1818 1734 1842; x_wconf 84' lang='lat' dir='ltr'><strong>nasum</strong></span> 
     </span>
     <span class='ocr_line' id='line_1_29' title="bbox 278 1853 1735 1914; baseline -0.002 -13"><span class='ocrx_word' id='word_1_235' title='bbox 278 1863 473 1901; x_wconf 85' lang='lat' dir='ltr'><strong>duntaxat</strong></span> <span class='ocrx_word' id='word_1_236' title='bbox 493 1870 742 1914; x_wconf 83' lang='lat' dir='ltr'><strong>amputatum</strong></span> <span class='ocrx_word' id='word_1_237' title='bbox 762 1869 952 1911; x_wconf 88' lang='lat' dir='ltr'><strong>asserunt,</strong></span> <span class='ocrx_word' id='word_1_238' title='bbox 985 1855 1091 1914; x_wconf 91' lang='lat' dir='ltr'><strong>quod</strong></span> <span class='ocrx_word' id='word_1_239' title='bbox 1108 1864 1239 1900; x_wconf 87' lang='lat' dir='ltr'><strong>verius</strong></span> <span class='ocrx_word' id='word_1_240' title='bbox 1258 1870 1369 1914; x_wconf 85' lang='lat' dir='ltr'><strong>puto.</strong></span> <span class='ocrx_word' id='word_1_241' title='bbox 1426 1875 1520 1898; x_wconf 82' lang='lat' dir='ltr'><strong>nam</strong></span> <span class='ocrx_word' id='word_1_242' title='bbox 1541 1868 1579 1899; x_wconf 93' lang='lat' dir='ltr'><strong>et</strong></span> <span class='ocrx_word' id='word_1_243' title='bbox 1598 1853 1735 1913; x_wconf 76' lang='lat' dir='ltr'><strong>postea</strong></span> 
     </span>
     <span class='ocr_line' id='line_1_30' title="bbox 276 1917 1735 1968; baseline -0.003 -10"><span class='ocrx_word' id='word_1_244' title='bbox 276 1921 434 1959; x_wconf 87' lang='lat' dir='ltr'><strong>locutus</strong></span> <span class='ocrx_word' id='word_1_245' title='bbox 455 1919 634 1968; x_wconf 85' lang='lat' dir='ltr'><strong>traditur,</strong></span> <span class='ocrx_word' id='word_1_246' title='bbox 667 1926 705 1957; x_wconf 90' lang='lat' dir='ltr'><strong>et</strong></span> <span class='ocrx_word' id='word_1_247' title='bbox 725 1920 829 1956; x_wconf 87' lang='lat' dir='ltr'><strong>inter</strong></span> <span class='ocrx_word' id='word_1_248' title='bbox 847 1926 995 1956; x_wconf 86' lang='lat' dir='ltr'><strong>ceteras</strong></span> <span class='ocrx_word' id='word_1_249' title='bbox 1010 1919 1161 1956; x_wconf 84' lang='lat' dir='ltr'><strong>nefaria</strong></span> <span class='ocrx_word' id='word_1_250' title='bbox 1181 1932 1262 1956; x_wconf 82' lang='lat' dir='ltr'><strong>vox</strong></span> <span class='ocrx_word' id='word_1_251' title='bbox 1284 1920 1367 1956; x_wconf 88' lang='lat' dir='ltr'><strong>eius</strong></span> <span class='ocrx_word' id='word_1_252' title='bbox 1386 1917 1520 1955; x_wconf 86' lang='lat' dir='ltr'><strong>audita</strong></span> <span class='ocrx_word' id='word_1_253' title='bbox 1542 1925 1613 1967; x_wconf 86' lang='lat' dir='ltr'><strong>est,</strong></span> <span class='ocrx_word' id='word_1_254' title='bbox 1645 1929 1735 1954; x_wconf 88' lang='lat' dir='ltr'><strong>cum</strong></span> 
     </span>
     <span class='ocr_line' id='line_1_31' title="bbox 278 1973 1734 2028; baseline -0.001 -15"><span class='ocrx_word' id='word_1_255' title='bbox 278 1978 323 2014; x_wconf 84' lang='lat' dir='ltr'><strong>in</strong></span> <span class='ocrx_word' id='word_1_256' title='bbox 349 1983 583 2028; x_wconf 84' lang='lat' dir='ltr'><strong>tempestate</strong></span> <span class='ocrx_word' id='word_1_257' title='bbox 609 1976 783 2013; x_wconf 86' lang='lat' dir='ltr'><strong>monitus</strong></span> <span class='ocrx_word' id='word_1_258' title='bbox 809 1981 854 2011; x_wconf 90' lang='lat' dir='ltr'><strong>ut</strong></span> <span class='ocrx_word' id='word_1_259' title='bbox 879 1976 1116 2011; x_wconf 87' lang='lat' dir='ltr'><strong>iniuriarum</strong></span> <span class='ocrx_word' id='word_1_260' title='bbox 1145 1976 1326 2012; x_wconf 85' lang='lat' dir='ltr'><strong>omnium</strong></span> <span class='ocrx_word' id='word_1_261' title='bbox 1347 1975 1563 2013; x_wconf 84' lang='lat' dir='ltr'><strong>obliturum</strong></span> <span class='ocrx_word' id='word_1_262' title='bbox 1591 1988 1633 2012; x_wconf 86' lang='lat' dir='ltr'><strong>se</strong></span> <span class='ocrx_word' id='word_1_263' title='bbox 1660 1973 1734 2012; x_wconf 82' lang='lat' dir='ltr'><strong>deo</strong></span> 
     </span>
     <span class='ocr_line' id='line_1_32' title="bbox 278 2026 1735 2084; baseline -0.001 -14"><span class='ocrx_word' id='word_1_264' title='bbox 278 2040 466 2081; x_wconf 79' lang='lat' dir='ltr'><strong>voveret,</strong></span> <span class='ocrx_word' id='word_1_265' title='bbox 506 2030 731 2084; x_wconf 85' lang='lat' dir='ltr'><strong>respondit.</strong></span> <span class='ocrx_word' id='word_1_266' title='bbox 764 2031 800 2071; x_wconf 84' lang='grc' dir='ltr'><strong>εἰ</strong></span> <span class='ocrx_word' id='word_1_267' title='bbox 815 2031 1005 2082; x_wconf 82' lang='grc' dir='ltr'>φείσομαι</span> <span class='ocrx_word' id='word_1_268' title='bbox 1021 2027 1174 2071; x_wconf 79' lang='grc' dir='ltr'><strong><em>τούτων</em></strong></span> <span class='ocrx_word' id='word_1_269' title='bbox 1192 2027 1319 2081; x_wconf 83' lang='grc' dir='ltr'>τινός,</span> <span class='ocrx_word' id='word_1_270' title='bbox 1351 2026 1490 2071; x_wconf 66' lang='grc' dir='ltr'><strong><em>αὐτίκα</em></strong></span> <span class='ocrx_word' id='word_1_271' title='bbox 1505 2045 1735 2070; x_wconf 80' lang='grc' dir='ltr'>καταποντι-</span> 
     </span>
     <span class='ocr_line' id='line_1_33' title="bbox 279 2085 1735 2141; baseline -0.003 -14"><span class='ocrx_word' id='word_1_272' title='bbox 279 2090 425 2140; x_wconf 84' lang='grc' dir='ltr'><strong><em>σθείην</em></strong></span> <span class='ocrx_word' id='word_1_273' title='bbox 449 2087 534 2130; x_wconf 85' lang='grc' dir='ltr'><strong><em>ωδί.</em></strong></span> <span class='ocrx_word' id='word_1_274' title='bbox 564 2096 683 2141; x_wconf 85' lang='lat' dir='ltr'><strong>atque</strong></span> <span class='ocrx_word' id='word_1_275' title='bbox 703 2086 780 2126; x_wconf 85' lang='lat' dir='ltr'><strong>hoc</strong></span> <span class='ocrx_word' id='word_1_276' title='bbox 799 2088 847 2125; x_wconf 87' lang='lat' dir='ltr'><strong>ab</strong></span> <span class='ocrx_word' id='word_1_277' title='bbox 867 2088 1138 2126; x_wconf 85' lang='lat' dir='ltr'><strong>Illustrissimo</strong></span> <span class='ocrx_word' id='word_1_278' title='bbox 1157 2089 1329 2126; x_wconf 87' lang='lat' dir='ltr'><strong>Baronio</strong></span> <span class='ocrx_word' id='word_1_279' title='bbox 1348 2093 1437 2124; x_wconf 88' lang='lat' dir='ltr'><strong>ante</strong></span> <span class='ocrx_word' id='word_1_280' title='bbox 1458 2099 1533 2125; x_wconf 87' lang='lat' dir='ltr'><strong>nos</strong></span> <span class='ocrx_word' id='word_1_281' title='bbox 1552 2085 1735 2124; x_wconf 79' lang='lat' dir='ltr'><strong>animad-</strong></span> 
     </span>
     <span class='ocr_line' id='line_1_34' title="bbox 276 2159 450 2184; baseline -0.006 0"><span class='ocrx_word' id='word_1_282' title='bbox 276 2159 450 2184; x_wconf 83' lang='lat' dir='ltr'><strong>versum.</strong></span> 
     </span>
    </p>
   </div>
   <div class='ocr_carea' id='block_1_8' title="bbox 277 2207 1737 2320">
    <p class='ocr_par' dir='ltr' id='par_1_8' title="bbox 277 2207 1737 2320">
     <span class='ocr_line' id='line_1_35' title="bbox 390 2207 1737 2265; baseline -0.004 -14"><span class='ocrx_word' id='word_1_283' title='bbox 390 2227 430 2265; x_wconf 90' lang='lat' dir='ltr'><strong>p.</strong></span> <span class='ocrx_word' id='word_1_284' title='bbox 451 2211 502 2253; x_wconf 88' lang='lat'><strong>45</strong></span> <span class='ocrx_word' id='word_1_285' title='bbox 521 2227 561 2251; x_wconf 84' lang='lat' dir='ltr'><strong>v.</strong></span> <span class='ocrx_word' id='word_1_286' title='bbox 583 2214 624 2252; x_wconf 88' lang='grc'><strong>9.</strong></span> <span class='ocrx_word' id='word_1_287' title='bbox 666 2214 746 2251; x_wconf 75' lang='grc' dir='ltr'><strong><em>τῶν</em></strong></span> <span class='ocrx_word' id='word_1_288' title='bbox 772 2210 1072 2265; x_wconf 75' lang='grc' dir='ltr'>Κουρικιωτῶν]</span> <span class='ocrx_word' id='word_1_289' title='bbox 1099 2209 1148 2248; x_wconf 86' lang='lat' dir='ltr'><strong>de</strong></span> <span class='ocrx_word' id='word_1_290' title='bbox 1167 2208 1342 2247; x_wconf 86' lang='lat' dir='ltr'><strong>themate</strong></span> <span class='ocrx_word' id='word_1_291' title='bbox 1365 2207 1737 2261; x_wconf 86' lang='lat' dir='ltr'><strong>Cibyrrhaeotarum</strong></span> 
     </span>
     <span class='ocr_line' id='line_1_36' title="bbox 277 2266 837 2320; baseline -0.005 -14"><span class='ocrx_word' id='word_1_292' title='bbox 277 2268 348 2307; x_wconf 76' lang='lat' dir='ltr'><strong>adi</strong></span> <span class='ocrx_word' id='word_1_293' title='bbox 365 2270 568 2308; x_wconf 83' lang='lat' dir='ltr'><strong>Constant.</strong></span> <span class='ocrx_word' id='word_1_294' title='bbox 587 2266 837 2320; x_wconf 86' lang='lat' dir='ltr'><strong>Porphyrog.</strong></span> 
     </span>
    </p>
   </div>
   <div class='ocr_carea' id='block_1_9' title="bbox 276 2328 1736 2442">
    <p class='ocr_par' dir='ltr' id='par_1_9' title="bbox 276 2328 1736 2442">
     <span class='ocr_line' id='line_1_37' title="bbox 387 2328 1736 2388; baseline -0.006 -11"><span class='ocrx_word' id='word_1_295' title='bbox 387 2350 429 2388; x_wconf 87' lang='lat' dir='ltr'><strong>p-</strong></span> <span class='ocrx_word' id='word_1_296' title='bbox 454 2336 505 2377; x_wconf 88' lang='lat'><strong>46</strong></span> <span class='ocrx_word' id='word_1_297' title='bbox 525 2349 565 2373; x_wconf 82' lang='lat' dir='ltr'><strong>v.</strong></span> <span class='ocrx_word' id='word_1_298' title='bbox 585 2334 625 2375; x_wconf 87' lang='lat'><strong>4.</strong></span> <span class='ocrx_word' id='word_1_299' title='bbox 683 2350 727 2374; x_wconf 85' lang='grc' dir='ltr'><strong>το</strong></span> <span class='ocrx_word' id='word_1_300' title='bbox 749 2330 958 2386; x_wconf 82' lang='grc' dir='ltr'><strong><em>λεγόμενον</em></strong></span> <span class='ocrx_word' id='word_1_301' title='bbox 980 2328 1123 2384; x_wconf 87' lang='grc' dir='ltr'><strong><em>Δόρος]</em></strong></span> <span class='ocrx_word' id='word_1_302' title='bbox 1154 2334 1279 2370; x_wconf 88' lang='lat' dir='ltr'><strong>Daras</strong></span> <span class='ocrx_word' id='word_1_303' title='bbox 1294 2330 1565 2383; x_wconf 87' lang='lat' dir='ltr'><strong>Theophanes</strong></span> <span class='ocrx_word' id='word_1_304' title='bbox 1588 2330 1736 2370; x_wconf 86' lang='lat' dir='ltr'><strong>Cedre-</strong></span> 
     </span>
     <span class='ocr_line' id='line_1_38' title="bbox 276 2387 1622 2442; baseline -0.004 -12"><span class='ocrx_word' id='word_1_305' title='bbox 276 2404 353 2431; x_wconf 80' lang='lat' dir='ltr'><strong>:uus</strong></span> <span class='ocrx_word' id='word_1_306' title='bbox 375 2401 413 2432; x_wconf 92' lang='lat' dir='ltr'><strong>et</strong></span> <span class='ocrx_word' id='word_1_307' title='bbox 432 2393 580 2430; x_wconf 85' lang='lat' dir='ltr'><strong>Paulus</strong></span> <span class='ocrx_word' id='word_1_308' title='bbox 597 2392 796 2429; x_wconf 84' lang='lat' dir='ltr'><strong>Diaconus</strong></span> <span class='ocrx_word' id='word_1_309' title='bbox 812 2391 962 2442; x_wconf 88' lang='lat' dir='ltr'><strong>legunt,</strong></span> <span class='ocrx_word' id='word_1_310' title='bbox 992 2391 1124 2442; x_wconf 86' lang='lat' dir='ltr'><strong>itaque</strong></span> <span class='ocrx_word' id='word_1_311' title='bbox 1143 2388 1432 2427; x_wconf 86' lang='lat' dir='ltr'><strong>restituendum</strong></span> <span class='ocrx_word' id='word_1_312' title='bbox 1451 2387 1622 2426; x_wconf 86' lang='lat' dir='ltr'><strong>videtur.</strong></span> 
     </span>
    </p>
   </div>
   <div class='ocr_carea' id='block_1_10' title="bbox 273 2465 1738 2807">
    <p class='ocr_par' dir='ltr' id='par_1_10' title="bbox 273 2465 1738 2807">
     <span class='ocr_line' id='line_1_39' title="bbox 390 2465 1737 2523; baseline -0.01 -8"><span class='ocrx_word' id='word_1_313' title='bbox 390 2486 432 2523; x_wconf 87' lang='lat' dir='ltr'><strong>p·</strong></span> <span class='ocrx_word' id='word_1_314' title='bbox 453 2471 507 2514; x_wconf 87' lang='lat'><strong>47</strong></span> <span class='ocrx_word' id='word_1_315' title='bbox 525 2484 564 2509; x_wconf 83' lang='lat' dir='ltr'><strong>v.</strong></span> <span class='ocrx_word' id='word_1_316' title='bbox 587 2474 628 2512; x_wconf 84' lang='lat'>2</span> <span class='ocrx_word' id='word_1_317' title='bbox 686 2470 743 2518; x_wconf 82' lang='grc' dir='ltr'><strong>εἰς</strong></span> <span class='ocrx_word' id='word_1_318' title='bbox 768 2465 909 2520; x_wconf 88' lang='grc' dir='ltr'>Τόμιν]</span> <span class='ocrx_word' id='word_1_319' title='bbox 943 2482 1043 2521; x_wconf 84' lang='lat' dir='ltr'><strong>quae</strong></span> <span class='ocrx_word' id='word_1_320' title='bbox 1070 2469 1122 2506; x_wconf 85' lang='lat' dir='ltr'><strong>sit</strong></span> <span class='ocrx_word' id='word_1_321' title='bbox 1148 2467 1248 2505; x_wconf 88' lang='lat' dir='ltr'><strong>haec</strong></span> <span class='ocrx_word' id='word_1_322' title='bbox 1269 2469 1411 2505; x_wconf 90' lang='lat' dir='ltr'><strong>Tomis</strong></span> <span class='ocrx_word' id='word_1_323' title='bbox 1429 2465 1607 2504; x_wconf 85' lang='lat' dir='ltr'><strong>noudum</strong></span> <span class='ocrx_word' id='word_1_324' title='bbox 1626 2478 1737 2503; x_wconf 88' lang='lat' dir='ltr'><strong>com-</strong></span> 
     </span>
     <span class='ocr_line' id='line_1_40' title="bbox 278 2521 1738 2579; baseline -0.004 -15"><span class='ocrx_word' id='word_1_325' title='bbox 278 2528 378 2579; x_wconf 86' lang='lat' dir='ltr'><strong>peri.</strong></span> <span class='ocrx_word' id='word_1_326' title='bbox 417 2540 547 2579; x_wconf 88' lang='lat' dir='ltr'><strong>neque</strong></span> <span class='ocrx_word' id='word_1_327' title='bbox 570 2529 676 2565; x_wconf 90' lang='lat' dir='ltr'><strong>enim</strong></span> <span class='ocrx_word' id='word_1_328' title='bbox 696 2525 888 2579; x_wconf 85' lang='lat' dir='ltr'><strong>oppidum</strong></span> <span class='ocrx_word' id='word_1_329' title='bbox 905 2524 1006 2561; x_wconf 83' lang='lat' dir='ltr'><strong>illud</strong></span> <span class='ocrx_word' id='word_1_330' title='bbox 1025 2532 1083 2562; x_wconf 88' lang='lat' dir='ltr'><strong>est</strong></span> <span class='ocrx_word' id='word_1_331' title='bbox 1103 2525 1300 2562; x_wconf 89' lang='lat' dir='ltr'><strong>inferioris</strong></span> <span class='ocrx_word' id='word_1_332' title='bbox 1320 2525 1472 2575; x_wconf 87' lang='lat' dir='ltr'><strong>Mysiae</strong></span> <span class='ocrx_word' id='word_1_333' title='bbox 1495 2521 1626 2560; x_wconf 86' lang='lat' dir='ltr'><strong>Ovidii</strong></span> <span class='ocrx_word' id='word_1_334' title='bbox 1646 2523 1738 2559; x_wconf 87' lang='lat' dir='ltr'><strong>exi-</strong></span> 
     </span>
     <span class='ocr_line' id='line_1_41' title="bbox 273 2580 1736 2635; baseline -0.004 -14"><span class='ocrx_word' id='word_1_335' title='bbox 273 2585 336 2622; x_wconf 74' lang='lat' dir='ltr'><strong>lio</strong></span> <span class='ocrx_word' id='word_1_336' title='bbox 357 2583 534 2631; x_wconf 87' lang='lat' dir='ltr'><strong>celebre,</strong></span> <span class='ocrx_word' id='word_1_337' title='bbox 590 2582 697 2635; x_wconf 89' lang='lat' dir='ltr'><strong>quod</strong></span> <span class='ocrx_word' id='word_1_338' title='bbox 723 2597 744 2620; x_wconf 86' lang='lat' dir='ltr'><strong>a</strong></span> <span class='ocrx_word' id='word_1_339' title='bbox 771 2581 1020 2632; x_wconf 84' lang='lat' dir='ltr'><strong>Phanagoria</strong></span> <span class='ocrx_word' id='word_1_340' title='bbox 1051 2582 1171 2632; x_wconf 84' lang='lat' dir='ltr'><strong>longo</strong></span> <span class='ocrx_word' id='word_1_341' title='bbox 1197 2582 1319 2618; x_wconf 86' lang='lat' dir='ltr'><strong>maris</strong></span> <span class='ocrx_word' id='word_1_342' title='bbox 1349 2586 1476 2617; x_wconf 84' lang='lat' dir='ltr'><strong>tractu</strong></span> <span class='ocrx_word' id='word_1_343' title='bbox 1507 2580 1736 2616; x_wconf 90' lang='lat' dir='ltr'><strong>secernitur.</strong></span> 
     </span>
     <span class='ocr_line' id='line_1_42' title="bbox 279 2635 1736 2690; baseline -0.004 -13"><span class='ocrx_word' id='word_1_344' title='bbox 279 2653 378 2677; x_wconf 88' lang='lat' dir='ltr'><strong>nam</strong></span> <span class='ocrx_word' id='word_1_345' title='bbox 395 2638 471 2677; x_wconf 91' lang='lat' dir='ltr'><strong>hoc</strong></span> <span class='ocrx_word' id='word_1_346' title='bbox 494 2646 674 2677; x_wconf 85' lang='lat' dir='ltr'><strong>nostrum</strong></span> <span class='ocrx_word' id='word_1_347' title='bbox 693 2653 715 2677; x_wconf 84' lang='lat' dir='ltr'><strong>a</strong></span> <span class='ocrx_word' id='word_1_348' title='bbox 732 2641 942 2678; x_wconf 87' lang='lat' dir='ltr'><strong>Cimmerio</strong></span> <span class='ocrx_word' id='word_1_349' title='bbox 964 2640 1139 2690; x_wconf 87' lang='lat' dir='ltr'><strong>Bosporo</strong></span> <span class='ocrx_word' id='word_1_350' title='bbox 1165 2644 1203 2675; x_wconf 84' lang='lat' dir='ltr'><strong>et</strong></span> <span class='ocrx_word' id='word_1_351' title='bbox 1228 2637 1275 2674; x_wconf 89' lang='lat' dir='ltr'><strong>ab</strong></span> <span class='ocrx_word' id='word_1_352' title='bbox 1303 2637 1373 2673; x_wconf 93' lang='lat' dir='ltr'><strong>illa</strong></span> <span class='ocrx_word' id='word_1_353' title='bbox 1401 2636 1498 2673; x_wconf 87' lang='lat' dir='ltr'><strong>urbe</strong></span> <span class='ocrx_word' id='word_1_354' title='bbox 1517 2648 1599 2673; x_wconf 88' lang='lat' dir='ltr'><strong>nou</strong></span> <span class='ocrx_word' id='word_1_355' title='bbox 1618 2635 1736 2685; x_wconf 85' lang='lat' dir='ltr'><strong>longe</strong></span> 
     </span>
     <span class='ocr_line' id='line_1_43' title="bbox 280 2691 1736 2749; baseline -0.004 -15"><span class='ocrx_word' id='word_1_356' title='bbox 280 2697 420 2734; x_wconf 76' lang='lat' dir='ltr'><strong>abesse</strong></span> <span class='ocrx_word' id='word_1_357' title='bbox 441 2709 602 2734; x_wconf 87' lang='lat' dir='ltr'><strong>necesse</strong></span> <span class='ocrx_word' id='word_1_358' title='bbox 622 2704 692 2745; x_wconf 87' lang='lat' dir='ltr'><strong>est,</strong></span> <span class='ocrx_word' id='word_1_359' title='bbox 724 2709 802 2749; x_wconf 90' lang='lat' dir='ltr'><strong>quo</strong></span> <span class='ocrx_word' id='word_1_360' title='bbox 823 2708 864 2734; x_wconf 87' lang='lat' dir='ltr'><strong>se</strong></span> <span class='ocrx_word' id='word_1_361' title='bbox 886 2695 1112 2732; x_wconf 82' lang='lat' dir='ltr'><strong>clanculum</strong></span> <span class='ocrx_word' id='word_1_362' title='bbox 1127 2694 1370 2732; x_wconf 76' lang='lat' dir='ltr'><strong>lastinianus</strong></span> <span class='ocrx_word' id='word_1_363' title='bbox 1388 2691 1591 2739; x_wconf 80' lang='lat' dir='ltr'><strong>subduxit,</strong></span> <span class='ocrx_word' id='word_1_364' title='bbox 1622 2698 1736 2728; x_wconf 84' lang='lat' dir='ltr'><strong>aute-</strong></span> 
     </span>
     <span class='ocr_line' id='line_1_44' title="bbox 282 2745 1735 2807; baseline -0.003 -17"><span class='ocrx_word' id='word_1_365' title='bbox 282 2766 404 2806; x_wconf 90' lang='lat' dir='ltr'><strong>quam</strong></span> <span class='ocrx_word' id='word_1_366' title='bbox 422 2751 578 2793; x_wconf 72' lang='lat' dir='ltr'><strong>hor-iam</strong></span> <span class='ocrx_word' id='word_1_367' title='bbox 596 2754 678 2794; x_wconf 80' lang='lat' dir='ltr'><strong>sive</strong></span> <span class='ocrx_word' id='word_1_368' title='bbox 696 2752 949 2807; x_wconf 73' lang='lat' dir='ltr'><strong>piscatoriam</strong></span> <span class='ocrx_word' id='word_1_369' title='bbox 969 2749 1158 2805; x_wconf 79' lang='lat' dir='ltr'><strong>scapham</strong></span> <span class='ocrx_word' id='word_1_370' title='bbox 1179 2748 1472 2791; x_wconf 80' lang='lat' dir='ltr'><strong>conscenderet.</strong></span> <span class='ocrx_word' id='word_1_371' title='bbox 1515 2745 1735 2802; x_wconf 78' lang='lat' dir='ltr'><strong>Theopha-</strong></span> 
     </span>
    </p>
   </div>
   <div class='ocr_carea' id='block_1_11' title="bbox 281 2807 617 2863">
    <p class='ocr_par' dir='ltr' id='par_1_11' title="bbox 281 2807 617 2863">
     <span class='ocr_line' id='line_1_45' title="bbox 281 2807 617 2863; baseline 0.003 -17"><span class='ocrx_word' id='word_1_372' title='bbox 281 2821 351 2848; x_wconf 83' lang='lat' dir='ltr'><strong>nes</strong></span> <span class='ocrx_word' id='word_1_373' title='bbox 374 2809 432 2863; x_wconf 88' lang='grc' dir='ltr'><strong>(Ρ.</strong></span> <span class='ocrx_word' id='word_1_374' title='bbox 451 2812 533 2855; x_wconf 83' lang='lat'><strong>312</strong></span> <span class='ocrx_word' id='word_1_375' title='bbox 551 2807 617 2861; x_wconf 86' lang='lat' dir='ltr'><strong>B).</strong></span> 
     </span>
    </p>
   </div>
  </div>
 </body>
</html>
