1890 3224
287 205 351 251 36
643 200 995 246 NICEPHORUS
1028 199 1371 245 CPOLITANUS

235 327 265 363 C
288 333 390 369 νων,
425 310 480 359 ὧν
508 315 780 373 προασπισταὶ
800 311 1227 371 ἓτ-ὖγχανονΜάξιμος
1244 314 1311 355 καὶ
1331 307 1546 363 Θεοδόσιος
1562 309 1671 363 ὅντες
1683 311 1726 354 ἓν

279 386 462 443 Ἀφρικῇ.
529 385 596 426 καὶ
617 384 669 426 τὰ
687 384 761 438 μὲν
778 383 881 426 κατὰ
902 380 1072 440 Πύρρον
1088 382 1192 424 οὕτω
1211 398 1297 432 πως
1317 379 1441 436 ἴσχεν.

413 453 520 494 Ἐπεὶ
544 446 614 494 οὖν
636 451 731 502 τοὺς
753 453 842 509 περὶ
868 450 1126 493 Οὖαλεντῖνον
1146 448 1173 505 ἦ
1196 449 1427 503 Χαλκηδών
1452 445 1575 502 εἶχεν,
1601 445 1728 503 ἀναγ-

283 519 496 577 καιοτέρως
518 517 758 577 εΗράκλειος
785 521 852 562 καὶ
880 521 1101 576 Μαρτῒνα,
1136 516 1190 568 ὡς
1215 517 1272 572 μὴ
1301 519 1363 560 ἐπὶ
1385 521 1518 559 πλεῖον
1537 515 1588 558 τὰ
1607 516 1726 558 ἐκεῖσε

282 586 500 646 προάστεια
531 587 796 640 βλάπτοιντο,
831 586 1035 641 ἕνωθῆναί
1062 602 1105 628 τε
1138 586 1249 644 αὐτῷ
1283 587 1351 628 καὶ
1383 584 1518 642 ὅρκοις
1547 582 1599 626 τὰ
1628 582 1759 639 πρός5

283 655 481 711 ἀλλήλους
507 655 687 698 θέσθαι·
722 659 789 699 καὶ
815 656 908 715 ἀξίᾳ
936 655 1056 697 αὐτὸν
1084 655 1272 709 ἐτίμησαν
1291 653 1341 708 ἣν
1353 651 1543 707 Ῥωμαῖοι
1562 654 1729 693 καλοῦσι

281 723 438 779 κόμητα
459 722 770 781 ἓξκουβιτόρων,
803 726 871 766 καὶ
891 723 993 778 μηδ’
1019 720 1123 773 ὅλως
1143 723 1397 778 ἐγκαλεῖσθαι
1419 721 1508 776 περὶ
1537 714 1592 761 ὧν
1617 718 1729 775 παρὰ

282 793 585 835 Κωνσταντίνου
604 792 763 842 ἐδέξατο
778 789 1023 850 χρημάτων,
1057 793 1372 849 φιλοτιμηθῆναι
1393 789 1436 831 δὲ
1448 786 1632 844 χρήμασι
1649 792 1732 836 τοῖς

282 863 545 902 συνελθοῦσιν
581 860 689 917 αὖτῷ
722 859 1009 918 στρατιώταις,
1057 862 1284 917 στεφθῆναι
1318 858 1362 899 δὲ
1397 858 1468 899 καὶ
1493 855 1633 908 Auem
1663 853 1734 896 τὸν

284 929 476 985 Καίσαρα
502 930 568 970 καὶ
594 933 950 984 μετονομασθῆναι
970 928 1170 984 Τιβέριον.
1238 929 1306 969 καὶ
1327 924 1479 968 τούτων
1500 922 1605 966 οὕτω
1624 926 1732 964 τελε-
1745 927 1787 963 10

231 1001 263 1036 D
287 997 465 1039 σθέντων
492 999 779 1054 προχειρίζεται
805 999 994 1046 Παῦλος,
1030 993 1236 1048 οἲκονόμος
1264 992 1433 1049 γεγονὼς
1459 996 1531 1045 τῆς
1558 989 1734 1046 μεγάλης

281 1065 512 1118 ἐκκλησίας,
543 1064 749 1122 ἀρχιερεὺς
771 1061 1249 1113 Κωνσταντινουπόλεως,
1279 1060 1382 1103 κατὰ
1403 1059 1473 1102 τὸν
1489 1057 1734 1114 Ὀκτώβριον

281 1135 412 1186 μῆνα,
454 1135 527 1184 τῆς
557 1130 907 1185 πεντεκαιδεκάτης
937 1132 1195 1180 ἶνδικτιῶνος.
1263 1130 1565 1176 Κωνσταντῖνος
1593 1121 1663 1167 οὖν
1693 1126 1734 1166 ἐν

283 1200 446 1257 Σικελία
473 1197 551 1239 ὑπὸ
583 1202 662 1241 τῶν
688 1201 804 1240 ἰδίων
830 1197 1038 1253 ὑπηρετῶν
1065 1195 1170 1254 δόλῳ
1195 1197 1406 1253 φονευθεὶς
1427 1195 1468 1236 ἓν
1486 1197 1544 1251 τῷ
1564 1197 1734 1251 λουτρῷ,

282 1266 361 1322 ἤδη
383 1267 424 1308 ἓν
446 1270 495 1321 τῇ
516 1267 701 1325 βασιλεία
723 1266 900 1309 εἰκοστὸν
922 1265 1094 1319 ἓζθδομον
1117 1262 1267 1315 ἀνύσας
1285 1262 1392 1314 ἴτυς,
1427 1259 1620 1304 ἐτελεύτα.
1698 1263 1702 1266 ’
1730 1263 1788 1303 ’15

418 1333 543 1377 Μεθ’
569 1333 615 1375 ὃν
637 1336 941 1383 Κωνσταντῖνος
957 1331 982 1374 ὁ
1000 1333 1088 1382 υἱὸς
1106 1332 1157 1375 τὰ
1175 1336 1246 1386 τῆς
1260 1331 1468 1386 βασιλείας
1485 1329 1735 1386 ἐγχειρίζεται

283 1406 483 1458 σκῆπτρα.
551 1403 618 1443 καὶ
646 1401 788 1447 τούτου
810 1401 1036 1459 ἀρξαμένου
1059 1400 1184 1450 εὐθὺς
1202 1399 1224 1442 ὃ
1245 1403 1325 1442 τῶν
1346 1401 1592 1454 Σαρακηνῶν
1613 1394 1736 1452 ἡγού-

284 1486 404 1524 μενος
429 1473 527 1519 ναῦς
553 1471 740 1521 πλείστας
758 1467 1061 1518 κατασκευάσας
1079 1469 1181 1510 κατὰ
1205 1472 1278 1510 τοῦ
1297 1467 1518 1519 Βυζαντίου
1534 1465 1734 1519 ἐκπέμπει,

285 1536 459 1593 ῆγεμόνα
481 1537 613 1579 αὐτῶν
634 1538 871 1593 ἐπιστήσας,
899 1535 967 1579 ἅτε
990 1535 1227 1579 πιστότατον
1248 1537 1315 1577 καὶ
1336 1535 1388 1577 τὰ
1407 1534 1578 1588 πολέμια
1600 1532 1736 1588 {unet-

286 1622 382 1662 ρον,
412 1604 515 1646 κατὰ
543 1604 615 1658 τὴν
637 1605 798 1648 ’ἑαυτῶν
829 1603 1034 1646 διάλεκτον
1057 1606 1199 1645 Χαλεῦ
1220 1600 1532 1656 ὀνομαζόμενον·
1566 1599 1612 1651 ὃς
1634 1601 1790 1651 ‹iva-20

282 1674 401 1726 χθεὶς
418 1675 714 1729 προσωρμίζετο
738 1674 778 1715 ἓν
799 1672 1049 1729 προαστείοις
1070 1674 1143 1712 τοῦ
1160 1671 1402 1722 Βυζαντίου,
1437 1669 1541 1710 κατὰ
1564 1667 1632 1710 τὸν
1655 1685 1737 1709 πα-

168 1746 198 1780 Ρ
221 1745 266 1781 22
289 1738 571 1797 ραθαλάσσιον
589 1740 712 1783 τόπον
728 1741 798 1783 τὸν
814 1737 1281 1793 καλούμενον“Εβδομον.
1335 1741 1476 1780 τοῦτον
1495 1733 1738 1790 αἰσθόμενος

375 1890 400 1924 3
427 1885 675 1923 Οὖαλεντῒνον
697 1888 884 1932 petavius,
916 1885 1166 1923 Οὐαλεντίνου
1190 1887 1220 1921 Ρ
1369 1886 1392 1921 6
1413 1889 1494 1932 post
1513 1884 1654 1922 θέσθαι
1671 1885 1735 1920 de-

378 1934 624 2015 elegsoei7videtur
653 1932 807 1977 ἐζήτουν
836 1940 896 1969 aut
924 1932 1179 1979 ἐβουλεύοντο.
1334 1931 1382 1966 22
1410 1931 1574 1967 wv'tov?
1619 1932 1667 1966 cf.
1697 1943 1735 1978 p.

285 2125 331 2150 ac
352 2112 592 2156 Theodosius,
616 2111 677 2157 qui
693 2114 765 2146 tum
787 2110 825 2147 in
848 2111 969 2148 Africa
991 2112 1233 2147 versabantur.
1279 2109 1366 2145 haec
1388 2112 1468 2145 sunt
1490 2120 1579 2157 qnae
1597 2109 1736 2156 Pyrrho

287 2172 352 2206 per
371 2159 457 2193 illud
478 2165 613 2203 tempus
633 2158 845 2192 acciderunt.

379 2204 522 2238 Interim
544 2204 623 2236 dum
643 2203 881 2238 Valentiniani
904 2203 1124 2238 Chalcedone
1143 2205 1339 2246 morantur,
1369 2199 1555 2236 Heraclius
1581 2203 1619 2235 et
1638 2198 1736 2234 Mar-

288 2251 382 2293 tina,
416 2261 461 2283 ne
483 2249 627 2292 amplius
653 2249 851 2282 suburbana
878 2261 922 2294 po
947 2249 1141 2293 ularentur,
1171 2259 1292 2293 pacem
1315 2259 1391 2281 cum
1413 2259 1455 2281 eo
1476 2247 1594 2280 facere
1616 2257 1657 2280 ac
1680 2245 1736 2279 iu-

287 2295 471 2330 reiurando
498 2295 637 2328 firmare
662 2298 844 2336 coguntur.
890 2306 911 2327 a
935 2293 1027 2328 iecta
1061 2294 1171 2328 eidem
1192 2299 1228 2328 et
1250 2293 1386 2328 comitis
1415 2292 1672 2334 excubitorum,
1698 2294 1738 2324 ut

289 2340 436 2375 Romani
457 2343 604 2383 vocant,
629 2338 798 2382 dignitas,
830 2349 905 2372 cum
929 2351 972 2373 ea
993 2340 1199 2384 praesertim
1223 2338 1445 2383 condicione,
1471 2344 1512 2372 ut
1531 2337 1576 2371 de
1594 2337 1649 2371 his
1671 2347 1735 2382 pe-

291 2386 402 2420 cuniis
432 2397 518 2431 quas
546 2396 567 2418 a
598 2384 825 2418 Constantino
858 2389 1042 2429 acceperat
1063 2397 1084 2419 a
1108 2384 1244 2419 nemine
1266 2397 1310 2430 ap
1337 2384 1520 2427 ellaretur,
1546 2387 1654 2428 utque
1676 2380 1737 2426 qni

291 2443 366 2465 cum
385 2443 426 2464 eo
450 2434 550 2464 erant
570 2429 696 2463 milites
721 2429 883 2474 praemiis
902 2431 1146 2475 afficerentur,
1170 2431 1232 2465 sed
1254 2435 1291 2464 et
1311 2396 1426 2464 flavid
1446 2429 1579 2463 Caesar
1595 2438 1735 2462 creare—

291 2481 348 2510 tur
371 2488 412 2509 ac
435 2475 601 2510 Tiberius
629 2480 824 2517 vocaretur.
872 2475 926 2510 his
955 2476 1005 2511 ita
1034 2476 1219 2519 confectis,
1253 2475 1380 2509 Paulus
1403 2474 1542 2508 maioris
1569 2472 1737 2507 ecclesiae

291 2532 495 2556 oeconomus
526 2520 724 2565 patriarcha
754 2520 959 2567 Cpolitanus
993 2521 1153 2567 eligitur,
1187 2520 1334 2556 Octobri
1365 2531 1503 2564 mense,
1535 2517 1736 2554 indictionis

290 2566 443 2600 decimae
477 2567 631 2610 quintae.
677 2565 784 2611 igitur
815 2567 1061 2602 Constantinus
1092 2568 1129 2602 in
1159 2566 1280 2601 Sicilia
1308 2577 1330 2600 a
1360 2565 1471 2600 servis
1500 2564 1574 2599 suis
1597 2564 1675 2598 dolo
1698 2563 1736 2597 in

289 2611 423 2646 balneis
447 2611 650 2646 interfectus
673 2623 761 2646 anno
785 2613 921 2657 expleto
944 2613 1081 2658 imperii
1103 2613 1159 2648 sui
1180 2610 1511 2657 vicesimo'septimo
1531 2609 1690 2645 moritur.

381 2657 474 2690 Huic
505 2658 750 2692 Constantinus
775 2658 867 2692 filius
893 2658 1072 2693 successit.
1119 2670 1186 2704 quo
1218 2657 1397 2703 imperium
1422 2657 1563 2691 ineunte
1586 2656 1735 2689 Sarace-

291 2714 412 2737 norum
442 2702 602 2748 princeps
632 2704 803 2748 ingentem
836 2703 978 2738 classem
1011 2705 1176 2739 adversus
1209 2701 1345 2748 cpolim
1373 2702 1499 2745 mittit,
1558 2699 1734 2746 raeposito

292 2749 380 2782 duce
401 2759 502 2793 quem
526 2753 561 2782 et
582 2749 782 2784 fidissimum
800 2748 950 2783 habebat
971 2754 1007 2783 et
1027 2750 1110 2784 belli
1133 2749 1224 2783 haud
1248 2752 1443 2793 expertem,
1468 2714 1600 2782 clugien
1619 2755 1735 2780 eorum

292 2794 410 2838 lingua
435 2793 655 2830 nominatum.
714 2794 772 2830 hic
804 2795 849 2829 ad
880 2795 1044 2839 Byzantii
1072 2795 1285 2839 suburbana,
1323 2804 1468 2839 eumque
1500 2793 1611 2827 locum
1634 2801 1736 2836 quem

293 2839 507 2874 Hebdomum
536 2846 682 2886 vocant,
718 2841 860 2875 classem
893 2841 1047 2886 appellit.
1094 2846 1215 2874 'contra
1248 2851 1348 2885 quem
1380 2839 1627 2875 Constantinus
1658 2847 1735 2870 cum
