1898 3256
739 197 1065 246 PRAEFATIO.
1147 211 1150 216 '
1563 221 1628 252 vn

166 304 336 345 rendum
359 304 537 358 videtur,
569 314 614 347 ut
638 309 788 349 Paulus
809 311 930 363 Gyri,
960 312 1087 365 Cyrus
1108 326 1201 353 vero
1221 290 1330 354 Flori
1352 315 1456 357 filius
1480 318 1626 371 fuerit3

165 385 288 440 idque
306 384 463 425 addidit
478 386 673 439 Agathias
685 418 704 439 ,.
726 397 771 430 ut
787 389 937 443 Cyrum
953 393 1077 431 istum
1095 393 1144 432 ab
1162 394 1251 434 aliis
1275 396 1346 449 qui
1365 396 1509 456 eodem
1531 405 1626 438 tunc
1651 406 1679 440 P
1704 405 1771 441 498

166 466 356 505 florebant
386 469 550 506 nomine
581 467 856 527 distingueret.
910 471 1021 511 Flori
1054 480 1188 512 autem
1220 475 1427 516 cuiusdam
1452 480 1626 519 consulis

166 544 403 585 codicillaris
431 548 582 586 mentio
595 559 689 587 non
712 551 843 590 semel
858 553 1027 590 occurrit
1048 553 1121 591 sub
1140 555 1394 608 lastinianus
1408 565 1455 596 ut
1474 566 1627 598 constat

164 638 219 663 ex
234 626 390 664 Novell.
413 628 478 677 12,
495 628 564 678 22,
592 627 672 671 154-
696 636 736 667 et
752 643 806 668 ex
823 630 903 682 leg.
911 635 942 673 ,3
962 629 1050 670 cod.
1073 630 1122 671 de
1140 633 1379 682 Quadrienn.
1395 626 1629 691 praescript.

165 702 242 742 hac
272 704 466 758 loquendi
494 709 615 747 etiam
645 709 817 747 formula
847 723 943 749 usus
973 709 1131 750 'videtur
1155 714 1328 753 Iustinus
1346 718 1498 771 Mai-tyr
1515 719 1628 770 Apo-

164 783 246 835 log.
266 787 314 834 2,
342 785 414 822 ubi
435 798 479 823 se
497 786 583 838 ipse
601 783 815 829 Ἰουστῖνον
833 789 1017 842 Πρίσκου
1039 793 1115 832 τοῦ
1133 790 1333 847 Βακχείου
1353 804 1478 847 vocat,
1503 796 1547 836 id
1567 806 1627 837 est

164 862 294 901 filium
326 863 475 914 Prisci,
506 863 905 919 Bacchiinepotem,
930 868 1050 922 -quod
1079 870 1250 912 advertit
1279 875 1400 914 etiam
1430 879 1625 917 Henricus

164 941 345 981 Valesius
365 940 418 980 ad
434 944 667 984 Eusebium.
711 952 926 1000 'utcunque
947 950 1027 1000 sit,
1049 959 1202 992 constat
1218 966 1379 1005 prorsus
1398 953 1625 996 hallucina-

164 1027 227 1060 tos
250 1022 487 1062 Vulcanium
509 1023 707 1077 Agathiae
733 1026 993 1078 interpretem
1015 1036 1054 1068 et
1074 1032 1259 1071 Vossium
1275 1034 1306 1072 l.
1326 1037 1355 1076 2
1377 1033 1426 1072 de
1444 1043 1625 1075 veterum

163 1105 372 1153 poetarum
396 1104 642 1155 temporibus
669 1111 709 1143 et
731 1105 803 1145 lib.
827 1104 879 1144 de
896 1100 1099 1149 historicis
1113 1112 1296 1163 Graecis,
1337 1115 1407 1167 qui
1429 1115 1473 1152 in
1497 1129 1623 1155 unum

163 1182 295 1219 virum
312 1180 423 1221 -haec
452 1183 529 1222 tria
557 1184 722 1223 uomina
748 1197 981 1237 congessere
1013 1189 1265 1244 Paulumque
1289 1193 1438 1250 Cyrum
1461 1197 1623 1236 Florum

164 1261 430 1313 appellavere.
467 1308 469 1310 v
495 1263 1105 1321 Pauli.epigrammata·-aliquot
1131 1270 1175 1309 in
1204 1272 1398 1311 Graecam
1423 1275 1623 1316 Antholo-

163 1341 273 1391 giam
298 1342 465 1380 contulit
490 1342 574 1381 iam
604 1344 702 1382 olim
730 1346 934 1386 Maximus
963 1348 1164 1388 Planudes
1188 1351 1298 1391 illius
1318 1357 1622 1408 consarcinator,

163 1432 243 1458 una
258 1427 350 1459 cum
364 1421 659 1473 elegantissima
675 1422 776 1474 ode,
804 1438 928 1477 quam
947 1428 990 1464 in
1013 1428 1159 1480 Pythia
1180 1429 1623 1490 Therma-conscripsit,

163 1510 266 1550 quae
294 1505 426 1537 exstat
453 1507 658 1552 praeterea
679 1504 732 1559 in
757 1503 1004 1544 bibliotheca
1028 1510 1133 1559 regis
1155 1508 1503 1566 Christianissimi‚
1535 1531 1627 1556 cum

162 1575 325 1616 scholiis
358 1591 431 1616 seu
462 1576 559 1632 μετὰ
587 1577 829 1635 ἐξηγήσεως,
871 1583 989 1624 codd.
1017 1586 1114 1637 995,
1145 1590 1268 1640 1911,
1299 1591 1408 1633 1334
1436 1601 1475 1633 et
1503 1595 1626 1639 1441.

162 1654 266 1695 hanc
285 1663 427 1695 autem2
438 1658 692 1708 publicarunt
713 1657 904 1701 denuo-et
921 1664 1074 1716 Latinis
1092 1669 1269 1707 numeris
1288 1669 1483 1711 donarunt
1504 1676 1626 1715 Clau-

163 1734 253 1775 dius
277 1734 546 1776 Archanterus
571 1750 609 1776 a.
631 1737 738 1782 1586
755 1742 931 1782 venetiis
958 1751 998 1782 et
1021 1743 1441 1791 {federicus-morellus
1459 1766 1496 1792 a.
1519 1755 1626 1798 1598

161 1815 326 1854 Parisiis
353 1813 516 1854 editam.
574 1815 646 1854 sed
669 1831 765 1869 prae
786 1823 925 1861 ceteris
942 1822 1169 1876 Sophianae
1188 1826 1299 1868 aedis
1317 1828 1624 1885 descriptionem

161 1901 272 1932 tanta
293 1907 385 1933 cum
406 1895 654 1934 accuratione
676 1909 885 1949 aggressus
909 1908 970 1940 est
990 1904 1161 1955 Paulus,
1191 1914 1236 1946 ut
1263 1910 1491 1951 universam
1512 1915 1623 1954 illius

160 1980 397 2013 structuram
433 1974 690 2027 singulasque
724 1985 877 2029 partes,
925 1981 1104 2036 quisquis
1138 1983 1244 2025 hano
1276 1987 1441 2041 legerit,
1484 1995 1619 2033 statim

160 2052 456 2107 quodamnodo
475 2047 599 2093 o'culis
614 2055 780 2107 perinde
799 2071 845 2096 ac
859 2061 993 2100 animo
1009 2063 1331 2118 comprehendat,
1362 2082 1433 2108 seu
1448 2077 1492 2109 ut
1506 2074 1617 2125 Aga-

159 2131 269 2172 thiae
296 2134 427 2173 verbis
454 2141 565 2185 utar,
593 2131 781 2192 καθάπερ
807 2136 951 2194 παρών
978 2140 1048 2183 καὶ
1077 2140 1298 2198 θεώμενος.
1354 2162 1402 2187 ea
1427 2157 1486 2189 est
1508 2153 1616 2191 enim

158 2209 391 2267 ἐκφράσεως
409 2216 471 2253 vis
488 2228 534 2253 ac
549 2222 690 2254 natura
718 2223 764 2256 ut
792 2231 879 2256 rem
904 2220 1034 2273 ipsam
1056 2234 1178 2275 quam
1199 2223 1386 2266 describit
1408 2230 1458 2268 ob
1479 2233 1614 2272 oculos

157 2299 281 2345 ponat
306 2300 347 2332 et
375 2301 662 2347 repraesentet'3
691 2296 798 2336 unde
825 2306 930 2338 recte
951 2301 995 2339 in
1017 2302 1146 2342 Gloss.
1165 2304 1305 2345 Graec.
1323 2309 1412 2347 Lat.
1432 2308 1616 2366 ἐκφρᾶζω

159 2373 360 2424 exprimo,
399 2373 590 2429 ἔκφρασις
616 2379 871 2428 exprinustio:
910 2381 1133 2433 exprimere
1163 2385 1271 2424 enim
1294 2388 1448 2429 Latinis
1475 2398 1536 2430 est
1566 2391 1618 2431 ad

159 2452 297 2490 vivum
332 2453 533 2506 effingere.
590 2458 848 2510 quamobrem
887 2458 1073 2502 definitur
1107 2463 1297 2521 ἔκφρασις
1332 2468 1381 2506 ab
1412 2470 1614 2525 Hesychia

157 2527 274 2585 λόγος
293 2530 484 2588 ἐναργής,
513 2535 563 2574 ab
583 2534 814 2588 Aphthonio
836 2553 930 2580 vero
950 2538 1063 2599 λόγος
1084 2544 1387 2599 διηγηματικᾶς,
1414 2547 1492 2591 ’ὑπ’
1512 2548 1615 2604 ὅψιν

158 2605 269 2663 ἄγων
295 2610 472 2667 ἐναργῶς
499 2611 543 2656 τὸ
564 2612 841 2670 δηλούμενον,
871 2622 1093 2661 cuiusmodi
1114 2632 1174 2663 est
1196 2627 1296 2665 arcis
1314 2628 1611 2669 Alexandrinae

160 2687 268 2740 apud
295 2690 467 2730 eundem
498 2692 720 2748 descripfio.
779 2706 896 2753 atque
924 2702 967 2739 in
994 2715 1063 2754 eo,
1092 2711 1138 2742 ut
1168 2712 1228 2744 est
1248 2705 1355 2759 apud
1373 2709 1487 2748 istius
1509 2711 1609 2748 scri-

157 2768 280 2819 ptoris
312 2768 586 2824 scholiastem,
617 2775 798 2831 διαφέρει
824 2777 855 2832 ἦ
879 2779 1073 2835 ἕκφρασις
1096 2782 1358 2838 διηγήματος,
1386 2784 1447 2827 ὅτι
1467 2785 1514 2829 τό
1533 2786 1608 2840 μὲν

155 2844 282 2902 ψιλήν
307 2847 385 2902 ἔχει
409 2853 484 2893 τοῦ
509 2850 736 2907 πράγματος
757 2857 938 2911 ἔκθεσιν,
968 2860 999 2914 ἡ
1018 2859 1061 2903 δὲ
1078 2866 1259 2917 πειρᾶται
1280 2863 1428 2915 θεατοῖς
1448 2862 1605 2921 ἐργάζε-
