1890 3224
245 191 339 239 140
460 194 694 248 QUERCII
715 194 791 236 DE
817 193 1164 236 HERACLIADE
1190 193 1471 237 MONITUM.

243 302 518 351 constituerat,
556 308 600 339 ut
629 314 682 339 ex
703 299 875 339 secunda
897 301 1045 338 acroasi
1066 308 1173 352 patet
1195 301 1434 339 clarissime:
1465 303 1522 339 ita
1540 309 1583 339 ut
1606 303 1687 340 sive

242 359 363 396 finem
380 361 507 411 operis
528 365 678 408 spectes
695 360 777 396 sive
793 365 968 395 mentem
988 358 1190 395 scribentis
1208 387 1218 406 ,
1246 371 1432 409 praesens
1448 360 1687 409 poemenion,

241 416 284 452 in
313 428 391 466 quo
420 415 592 452 Heraclii
621 416 701 451 vita
729 416 975 461 συνοπτικῶς
1001 416 1242 462 continetur,
1291 415 1563 466 qualecunque
1589 413 1690 452 illud

241 470 402 509 tandem
423 473 474 508 sit
485 500 495 519 ‚
531 483 612 508 non
629 471 826 508 immerito
840 470 1107 508 Heracllados
1125 471 1238 508 titulo
1256 471 1502 522 praefulgeat
1521 472 1690 522 insigni-

241 534 339 565 tum.
400 534 575 564 ceterum
600 539 650 564 ne
682 529 776 564 satis
804 526 967 578 quidem
987 526 1168 564 distincte
1190 533 1228 564 et
1249 528 1474 575 enucleate,
1519 539 1619 578 quae
1640 526 1692 564 ad

242 582 395 620 cladem
415 585 545 634 ipsam
562 596 781 635 necemque
803 582 998 621 Chosroae
1019 590 1197 634 spectant
1211 613 1221 631 ,
1251 584 1365 621 nobis
1387 590 1541 621 enarrat
1560 587 1694 634 poeta,-

241 641 422 690 quamvis
447 653 528 677 non
557 640 635 677 alio
661 640 795 678 forsan
825 639 944 677 modo
962 638 1060 677 haec
1079 641 1165 691 ipsa
1183 646 1418 690 pertractare
1436 641 1473 677 ei
1494 641 1693 690 integrum

242 696 331 732 fuit.
389 709 470 733 non
490 697 598 733 enim
620 697 690 733 ille
709 695 904 734 secundae
924 703 967 733 ut
989 698 1140 747 primae
1155 695 1421 747 expeditionis
1443 696 1490 733 ab
1508 696 1692 733 Heraclio

244 759 467 803 assumptus
489 765 620 790 comes
642 759 724 800 est,
759 765 834 790 nec
862 754 955 791 satis
984 754 1138 804 patiens
1162 765 1296 790 morae
1321 753 1419 800 fuit,
1459 759 1503 789 ut
1522 751 1694 790 reditum

242 809 489 859 imperatoris
514 815 773 860 exspectaret,
805 822 827 846 a
850 822 928 861 quo
951 816 995 846 ut
1015 817 1122 846 actae
1142 822 1204 846 res
1224 815 1353 846 essent
1369 809 1486 846 facile
1505 810 1695 860 potuisset

243 863 470 912 addiscere3
510 864 581 903 sed
607 873 650 902 ut
676 867 851 916 primum
879 867 1063 903 nuntium
1094 864 1143 901 de
1164 863 1360 902 Chosroae
1387 872 1511 902 morte
1539 865 1695 916 Cpolim

243 917 420 958 adlatum
443 927 513 970 est,
544 924 676 959 statim
698 923 850 972 ingenti
872 922 1022 958 laetitia
1040 922 1222 972 perfusus
1246 928 1283 958 et
1298 923 1451 972 poetico
1471 922 1602 958 furore
1623 921 1695 958 ab-

242 984 376 1028 reptus
397 976 469 1015 hos
485 978 650 1024 iambos,
673 985 716 1015 ut
734 977 903 1025 videtur,
934 977 1050 1025 fudit,
1080 978 1245 1015 fortasse
1264 980 1383 1015 etiam
1402 977 1454 1015 ad
1469 978 1695 1015 Heraclium

241 1035 362 1081 misit,
392 1040 436 1070 ut
457 1035 493 1070 ei
512 1047 590 1085 qua
608 1040 761 1085 poterat
782 1036 932 1071 ratione
955 1034 1113 1071 obviam
1132 1035 1219 1081 iret,
1242 1040 1280 1071 et
1299 1047 1368 1084 pro
1388 1047 1430 1071 re
1449 1041 1531 1071 tam
1549 1046 1695 1084 magna

244 1096 283 1126 et
305 1096 387 1126 tam
408 1090 575 1128 feliciter
594 1097 704 1141 gesta
723 1103 803 1127 nou
822 1091 985 1127 ultimus
1004 1091 1150 1127 civium
1168 1090 1443 1140 gratularetur.
1476 1089 1583 1142 quod
1605 1091 1695 1142 qui-

245 1145 337 1183 dem
360 1159 412 1183 ex
437 1148 486 1183 iis
508 1158 609 1198 quae
629 1147 815 1197 leguntur
835 1147 878 1183 in
899 1146 975 1183 fine
994 1147 1146 1197 primae
1166 1159 1369 1183 acroaseos
1391 1147 1576 1197 colligere
1595 1144 1697 1183 mihi

243 1201 381 1239 videor
400 1215 514 1253 posse
530 1213 540 1239 z
570 1203 627 1239 ibi
646 1204 753 1239 enim
772 1201 915 1239 dubius
935 1209 974 1239 et
989 1201 1156 1239 haerens
1176 1201 1272 1254 quid
1292 1203 1477 1253 primum,
1509 1201 1607 1255 quid
1624 1201 1697 1240 de-

243 1257 337 1296 inde
359 1257 517 1306 diceret,
538 1271 671 1297 rerum
689 1271 854 1295 numero
879 1265 917 1294 et
936 1257 1110 1308 pondere
1129 1258 1290 1296 obrutus
1312 1265 1351 1295 et
1369 1272 1527 1308 pressus
1543 1272 1564 1296 a
1579 1272 1696 1310 prae-

243 1315 308 1352 liis
330 1313 596 1352 describendis
616 1315 691 1352 sibi
711 1316 754 1351 in
774 1315 997 1364 praesentia
1015 1313 1294 1351 abstinendum
1311 1327 1396 1351 esse
1414 1313 1601 1363 decernit,
1627 1328 1698 1352 us-

245 1370 421 1423 quedum
448 1372 661 1422 ,imperator
677 1371 916 1421 Byzantium
947 1383 1126 1408 reversus
1156 1383 1241 1407 rem
1268 1383 1429 1408 omnem
1457 1370 1614 1419 ordine,
1653 1378 1699 1408 ut

215 1439 222 1445 ⁸
245 1428 396 1465 factum
417 1434 531 1475 esset,
563 1428 730 1477 aperiret
743 1456 753 1474 ,
785 1434 823 1464 et
842 1425 1138 1477 impedimentis
1160 1426 1212 1464 ad
1229 1426 1474 1479 loquendum
1491 1428 1698 1465 summotis

248 1486 401 1522 animos
421 1485 566 1521 civium
585 1482 636 1520 ad
654 1482 906 1521 scribendum
925 1485 1135 1531 excitaret,
1167 1497 1207 1521 v.
1228 1485 1324 1524 238.
1383 1491 1501 1536 atque
1522 1482 1615 1521 inde
1639 1490 1699 1521 et-

245 1542 327 1578 iam
341 1570 351 1588 ,
384 1547 576 1592 quantum
594 1541 816 1578 coniectura
836 1541 1024 1592 consequi
1042 1553 1205 1591 possum
1218 1569 1227 1587 ,
1257 1539 1393 1577 Pisida
1412 1539 1460 1577 de
1484 1538 1560 1577 hoc
1581 1553 1701 1591 argu-

245 1604 379 1634 mento
398 1598 552 1648 plenius
574 1603 611 1634 et
627 1597 771 1634 melius
787 1595 1060 1648 pertractando
1080 1598 1162 1633 iam
1180 1602 1274 1632 tunc
1294 1595 1464 1643 videtur,
1495 1610 1585 1633 cum
1602 1595 1700 1633 haec

246 1654 445 1701 scriberet,
477 1655 681 1704 cogitasse.
741 1660 780 1690 at
799 1654 833 1690 si
855 1654 1040 1703 cogitavit
1052 1682 1061 1700 ,
1092 1654 1134 1689 in
1153 1650 1261 1688 aliud
1281 1651 1525 1691 commodius
1543 1659 1701 1703 tempus

246 1723 330 1747 rem
357 1716 459 1747 certe
488 1709 654 1747 distulit.
710 1710 948 1760 praestiterit
977 1716 1110 1745 autem
1138 1721 1263 1745 necne
1287 1707 1395 1759 quod
1425 1710 1468 1745 in
1498 1710 1630 1745 animo
1664 1709 1702 1745 ei

247 1765 395 1804 sedisse
415 1767 593 1813 coniicio,
618 1779 699 1802 non
722 1767 848 1802 ausim
867 1764 1073 1802 adfirmare
1090 1777 1100 1811 3
1133 1765 1313 1816 quamvis
1332 1765 1573 1815 praestitisse
1595 1764 1707 1805 arbi-7

246 1829 340 1870 tror,
372 1830 410 1859 et
431 1824 524 1874 quia
543 1822 659 1872 plura
679 1829 770 1858 sunt
790 1822 1025 1872 fragmenta,
1057 1833 1158 1872 quae
1177 1819 1269 1857 huic
1289 1827 1519 1871 argumento
1539 1820 1703 1872 quidem

248 1880 505 1926 conveniunt,
551 1877 622 1916 sed
651 1890 752 1929 quae
779 1877 831 1914 ad
859 1876 935 1914 hoc
963 1878 1190 1928 poemation
1217 1877 1362 1914 referre
1381 1878 1475 1914 satis
1496 1876 1702 1914 commode

248 1948 327 1972 nou
348 1936 489 1986 possis.
548 1935 658 1971 cuius
689 1935 746 1970 rei
774 1946 909 1971 eorum
936 1940 1019 1971 esto
1049 1932 1266 1981 iudicium,
1306 1946 1403 1985 quos
1430 1932 1587 1970 Pisidae
1619 1934 1703 1970 fra-

249 1998 409 2042 gmenta
431 1989 482 2027 ad
502 1991 649 2027 calcem
671 1992 799 2040 operis
828 1991 871 2027 in
893 2003 1019 2027 unum
1040 2002 1063 2026 a
1080 1990 1193 2027 nobis
1215 1995 1455 2040 comportata
1472 1990 1647 2027 conferre
1665 1996 1705 2026 et

250 2046 476 2098 expendere
493 2060 575 2084 non
593 2047 756 2097 pigebit.
817 2053 966 2083 certum
985 2047 1127 2096 igitur,
1167 2045 1402 2097 firmumque
1431 2047 1482 2082 sit
1507 2047 1703 2096 epinicion

249 2106 382 2155 potius
413 2116 533 2155 quam
559 2107 702 2154 poema
730 2101 840 2140 hisce
871 2101 1022 2140 duabus
1053 2102 1275 2139 acroasibus
1307 2102 1509 2138 contineri.
1568 2115 1630 2139 res
1665 2108 1704 2138 et

250 2167 407 2211 tempus
426 2160 633 2197 nobiscum
649 2159 813 2196 faciunt.
871 2172 966 2196 nam
994 2165 1268 2209 praeterquam
1295 2156 1403 2208 quod
1427 2158 1480 2194 ita
1500 2157 1706 2195 exorditur

249 2216 386 2255 Pisida
403 2223 446 2253 ut
468 2214 664 2265 hymnum
686 2216 888 2253 existimes
917 2228 1055 2251 canere
1069 2243 1079 2262 ,
1118 2214 1258 2250 leviter
1282 2212 1498 2250 admodum
1523 2227 1569 2250 ea
1603 2226 1705 2265 quae

253 2272 306 2310 ad
331 2271 596 2324 expeditionis
625 2270 788 2308 ductum
816 2277 855 2307 et
883 2272 1038 2307 exitum
1058 2276 1235 2321 spectant
1258 2271 1385 2320 tangit
1406 2277 1443 2307 et
1461 2272 1503 2306 in
1522 2272 1704 2316 transitu,

252 2336 379 2366 totum
408 2335 541 2365 autem
567 2339 608 2364 se
638 2328 679 2363 in
705 2327 877 2364 Heraclii
904 2328 1048 2377 pietate
1085 2325 1398 2363 commendanda
1431 2325 1618 2373 effundit3
1660 2338 1706 2362 ac

256 2384 351 2422 dum
371 2386 413 2422 in
431 2397 477 2421 eo
500 2396 584 2420 esse
605 2381 731 2420 credis
747 2389 791 2419 ut
809 2382 962 2449 aliquid
981 2382 1029 2420 de
1050 2396 1089 2419 re
1111 2384 1312 2434 proposita
1338 2381 1465 2430 dicat,
1496 2383 1608 2434 quasi
1633 2382 1706 2418 ab-

254 2443 430 2479 sterritus
449 2438 604 2477 videtur
626 2440 788 2487 resilire,
820 2445 858 2475 et
875 2440 915 2475 in
936 2441 985 2476 iis
1004 2452 1105 2490 quae
1130 2446 1219 2476 ante
1237 2445 1458 2489 susceptam
1481 2437 1708 2488 expeditio-

255 2510 347 2534 nem
366 2497 535 2548 gloriose
554 2497 701 2533 fecerat
719 2497 932 2546 imperator
950 2494 1177 2532 enarrandis
1199 2496 1418 2546 pervagari.
1465 2495 1550 2545 ipse
1573 2500 1707 2531 autem

259 2525 389 2592 testis&
389 2560 447 2591 est
467 2551 648 2599 disertus,
679 2551 814 2589 dicens
835 2551 1006 2589 Acroas.
1031 2553 1054 2592 1
1085 2553 1190 2592 240:

472 2605 579 2660 ὅμως
607 2605 790 2654 ἇπλωσας
819 2604 1096 2676 ριψοκινδύνῳ
1122 2603 1264 2659 θράσει

474 2662 542 2704 τὸν
560 2668 681 2714 νοῦν,
717 2660 782 2704 ἐπ’
803 2660 937 2704 αὐτῶν
955 2660 1128 2716 νήχομαι
1143 2666 1222 2703 τῶν
1241 2659 1492 2714 πραγμάτων.

252 2723 315 2759 ita
338 2727 470 2758 autem
491 2720 536 2758 id
555 2721 706 2758 factum
729 2727 807 2768 est,
846 2722 940 2772 quia
959 2719 1052 2758 huic
1071 2721 1180 2772 operi
1198 2732 1360 2755 manum
1382 2720 1499 2756 nimis
1519 2718 1711 2755 sollicitus

254 2777 450 2825 admovit,
481 2778 651 2825 scilicet,
682 2784 725 2814 ut
744 2790 833 2814 mea
855 2778 931 2814 fert
950 2779 1103 2828 opinio,
1135 2775 1270 2827 paullo
1293 2782 1382 2825 post
1399 2787 1519 2842 quam
1543 2768 1712 2826 οἷνεγνω-

262 2838 423 2889 σθησαν
451 2832 557 2886 (utar
581 2835 687 2872 euim
712 2834 842 2871 verbis
862 2832 1046 2873 Chronici
1064 2831 1267 2870 Pasa-halis
1287 2845 1332 2881 p.
1361 2835 1385 2873 7
1389 2832 1461 2881 ³7)
1486 2826 1715 2882 ἀποκρίσεις
