1890 3224
254 194 326 240 96
580 193 857 249 QUERGIUS
890 193 950 238 IN
982 193 1381 240 EXPEDITIONIS

255 306 373 358 plane
393 318 478 344 esse
496 305 599 342 inter
613 310 671 342 tot
688 304 917 343 Homericos
933 302 1073 343 heroas
1091 317 1211 374 quem
1226 305 1335 343 omni
1351 305 1541 375 virtutum²
1555 318 1699 357 genere

257 363 499 401 cumulatum
518 359 802 412 deprehendas,
833 361 904 400 sed
922 377 994 409 τας
1013 376 1160 431 αρετας
1171 360 1440 430 νενεμημένας
1454 358 1541 405 κατ’
1560 359 1699 412 ἄνδρα,

254 417 331 488 τη“ν
358 417 430 471 μὲν
460 414 649 487 ἄνδρείαν
676 415 775 458 κατὰ
802 415 874 459 τὸν
902 417 1077 468 Αἴαντα,
1110 433 1186 485 την
1211 416 1254 459 δὲ
1280 413 1484 487 ἀγχίνοιαν
1507 434 1606 459 κατα
1626 417 1697 460 τὸν

254 471 463 524 Ὀδυσσέα,
491 471 534 514 τό
563 471 606 514 δὲ
631 469 787 528 θάρσος
815 471 916 516 κατὰ
945 471 1012 516 τὸν
1043 470 1275 527 Διομήδην,
1313 471 1388 526 τήν
1419 474 1460 516 δὲ
1485 471 1700 527 ενβουλίαν

255 528 355 572 uncto?
380 545 450 572 τον
471 528 664 582 Νέστορα.
719 532 853 583 itaque
873 532 907 569 si
931 532 1019 583 quis
1041 532 1135 580 viri,
1165 532 1236 583 qui
1254 531 1305 568 sit
1325 531 1508 569 omnibus
1526 532 1701 570 numeris

256 587 459 626 absolutus
471 616 482 635 ,
511 585 646 624 ideam
663 587 759 625 velit
778 586 924 626 habere
945 601 999 626 ex
1018 589 1190 627 Homero
1204 616 1214 636 ‚
1245 600 1382 626 omnes
1401 586 1518 626 hasce
1538 589 1702 626 virtutes

254 644 297 680 iu
329 644 485 694 singula
505 645 631 695 capita
651 642 877 682 distributas
898 645 939 681 in
960 657 1085 682 unuln
1103 642 1257 695 redigat
1274 650 1447 695 oportet3
1476 642 1586 695 quod
1606 656 1701 683 saue

254 712 336 737 non
359 700 550 738 infitiatur
572 701 794 738 Maximus:
823 714 919 739 nam
951 697 1078 749 οὕτως
1106 702 1161 739 ait
1190 696 1326 741 εἰκόνα
1348 698 1447 752 ἡμῖν
1467 699 1702 740 ὑποτίθεται

251 759 424 808 χρηστοῦ
443 757 535 809 βίου
557 755 625 796 καὶ
646 753 790 810 ἀρετῆς
812 752 1018 809 ἀκριβοῦς.
1074 756 1220 796 videsis
1242 758 1363 795 etiam
1380 754 1639 796 Plutarchum
1658 756 1700 792 in

258 812 370 850 Orat.
391 821 494 863 post.
517 813 566 850 de
575 813 677 864 jbrt.
702 813 931 852 Alexandri
945 828 993 864 p.
1017 811 1111 854 343.

363 869 432 910 74.
490 882 611 921 quam
636 870 678 906 in
701 877 841 908 natura
859 871 954 908 boni
972 869 1193 908 definienda
1213 869 1361 906 fuerint
1379 869 1519 906 Graeci
1534 868 1637 905 inter
1659 880 1702 905 se

250 924 527 964 dissentientes
559 933 598 963 et
624 927 785 975 incerti,
818 933 926 978 patet
954 940 1007 964 ex
1026 927 1110 965 solo
1131 927 1327 965 Ciceronis
1346 925 1448 963 libro
1468 924 1515 961 de
1525 923 1696 972 finibus.

249 983 384 1034 itaque
411 984 446 1021 si
473 995 604 1034 neque
633 983 880 1034 sequioribus
900 983 1144 1034 temporibus
1165 983 1291 1020 ullam
1311 988 1458 1018 certam
1477 979 1701 1018 definitam-

250 1045 328 1090 que
358 1052 405 1075 ea
432 1037 481 1075 de
511 1052 553 1075 re
586 1037 809 1076 habuerunt
837 1040 1043 1076 scientiam
1069 1039 1315 1076 celeberrimi
1339 1034 1592 1088 philosophi,
1621 1036 1702 1072 mi-

249 1092 418 1132 randum
445 1095 563 1145 plane
591 1107 673 1130 non
702 1101 761 1132 est
790 1107 880 1132 eam
898 1107 981 1132 non
1002 1107 1086 1132 esse
1106 1101 1190 1131 tam
1212 1095 1287 1129 cito
1307 1100 1532 1130 assecutum
1551 1094 1703 1129 Home·-

251 1163 361 1199 rum,
391 1149 591 1202 siquidem
616 1151 776 1186 nonnisi
808 1146 956 1199 χρόνον
983 1148 1184 1196 δείξαντος
1210 1148 1323 1184 Plato
1343 1153 1381 1184 et
1398 1148 1630 1184 Aristoteles
1651 1146 1705 1184 ad

250 1205 354 1244 hanc
381 1208 485 1244 vitae
512 1206 644 1242 lucem
666 1205 853 1254 protracti
873 1216 965 1241 suos
987 1204 1107 1241 libros
1126 1202 1356 1251 ediderunt,
1386 1203 1430 1240 in
1451 1203 1594 1254 quibus
1613 1216 1703 1240 me-

249 1262 373 1300 thodo
396 1260 569 1314 quadam
587 1259 800 1298 scientifica
812 1289 822 1308 ,
852 1266 969 1310 prout
985 1261 1065 1297 illis
1085 1260 1252 1297 facultas
1272 1266 1406 1296 tamen
1423 1259 1522 1307 fuit,
1554 1257 1703 1296 ethices

251 1324 460 1370 praecepta
475 1315 734 1364 tradiderunt,
758 1322 875 1368 atque
894 1329 947 1353 ex
963 1316 1047 1354 solo
1064 1316 1182 1365 bono,
1204 1322 1394 1371 tanquam
1410 1327 1463 1352 ex
1479 1327 1560 1352 uno
1577 1315 1702 1363 fonte,

252 1387 391 1412 omnes
410 1376 574 1412 virtutes
593 1385 776 1410 emanare
794 1371 1123 1412 demonstrarunt.
1168 1385 1236 1411 ex
1261 1366 1369 1409 hisce
1393 1371 1575 1409 omnibus
1594 1377 1704 1422 patet

250 1429 430 1469 Pisidam
469 1428 652 1468 nonnihil
687 1429 859 1467 voluisse
890 1427 939 1466 de
965 1430 1093 1480 gloria
1124 1430 1289 1467 Homeri
1317 1427 1513 1476 deterere,
1557 1439 1704 1479 eosque

250 1487 454 1525 confutare
477 1487 548 1539 qui
573 1499 665 1523 eum
684 1487 812 1523 omnis
831 1486 1018 1523 scientiae
1039 1492 1193 1536 patrem
1215 1492 1254 1523 et
1270 1486 1505 1536 magistrum
1524 1484 1705 1535 appella-

249 1543 358 1581 bant.
417 1543 552 1581 confer
590 1542 762 1580 Gisberti
799 1542 943 1592 Cuperi
981 1541 1267 1591 Apotheosim,
1309 1543 1353 1579 in
1385 1553 1464 1591 qua
1496 1544 1704 1591 poetarum

249 1599 439 1651 principis
482 1597 622 1636 laudes
661 1598 972 1636 cumulatissime
1004 1604 1275 1645 recensentur,
1325 1603 1364 1634 et
1390 1595 1579 1633 Friderici
1605 1597 1703 1634 Rei-

249 1656 387 1693 manni
416 1654 606 1700 Iliadem,
634 1654 677 1690 in
707 1666 785 1705 qua
814 1652 993 1691 eiusdem
1023 1655 1120 1691 vitia
1146 1655 1230 1691 sive
1248 1653 1428 1691 maculae
1450 1651 1702 1703 deteguntur.

249 1712 292 1749 in
321 1710 456 1749 codice
483 1712 671 1750 Vaticano
699 1711 883 1761 imperita
903 1721 1044 1748 manus
1064 1710 1152 1748 voci
1169 1704 1316 1764 χρόνον
1335 1721 1474 1748 vocem
1490 1706 1612 1750 τόνου
1633 1721 1704 1746 su·-

247 1769 381 1821 perius
399 1768 568 1818 scripsit.

361 1824 430 1865 75
487 1822 557 1864 καὶ
578 1837 679 1872 των,
707 1821 751 1860 id
780 1828 839 1860 est
864 1819 1042 1874 ἐχόντων.
1101 1821 1280 1870 consule,
1308 1821 1343 1859 si
1365 1821 1516 1872 placet,
1549 1821 1704 1858 Aristo-

247 1882 338 1919 telis
364 1879 526 1929 Ethica,
560 1880 629 1932 qui
659 1892 754 1931 prae
787 1879 970 1917 omnibus
992 1878 1175 1916 subtilius
1199 1884 1239 1915 et
1262 1878 1504 1915 enucleatius
1527 1875 1577 1914 de
1595 1877 1704 1914 omni

245 1939 436 1977 virtutum
458 1950 603 1988 genere
625 1935 822 1974 disseruit.

357 1996 426 2036 76.
485 1994 520 2031 si
552 1995 750 2030 Homerus
780 1991 1009 2029 Heraclium
1042 1990 1310 2042 cognovisset,
1350 2002 1442 2028 suos
1469 1987 1630 2037 heroas,
1660 1994 1705 2025 ut

246 2051 381 2099 decet,
413 2050 523 2088 omni
546 2050 738 2087 virtutum
763 2047 883 2086 laude
909 2047 1150 2097 cumulatos,
1179 2059 1262 2084 non
1282 2059 1362 2083 uno
1385 2051 1452 2083 aut
1472 2045 1594 2083 altero
1611 2051 1704 2082 tan-

246 2115 333 2147 tum
353 2079 470 2145 titulo
491 2104 787 2156 conspiciendos
807 2103 1067 2142 exhibuisset.
1249 2118 1252 2122 ’

359 2165 427 2205 79.
486 2175 537 2200 en
565 2174 667 2213 quae
698 2167 801 2199 esset
825 2162 950 2199 virtus
978 2159 1171 2208 Heraclii,
1202 2157 1327 2195 animi
1343 2157 1549 2220 integritas
1568 2155 1705 2208 perfe-

246 2227 331 2270 cta,
361 2232 462 2273 quae
484 2219 650 2256 virtutes
671 2229 810 2254 omnes
830 2217 1116 2267 complectitur.

357 2278 427 2317 81
485 2274 557 2313 sub
582 2271 867 2325 quadriformi,
897 2271 969 2311 sed
987 2278 1123 2309 tamen
1140 2272 1257 2309 unico
1278 2277 1439 2322 aspectu
1456 2266 1705 2321 pingendum

244 2333 369 2371 fuisse
401 2331 631 2368 Heraclium
663 2335 703 2366 et
731 2341 871 2367 verum
901 2341 1180 2381 quemcunque
1216 2326 1339 2365 heroa
1368 2326 1463 2364 dicit
1485 2323 1620 2364 Pisida
1652 2323 1705 2362 ad

245 2395 431 2454 quattuor
449 2388 611 2425 virtutes
629 2386 842 2436 respiciens
853 2414 864 2434 ,
891 2398 992 2437 quae
1009 2385 1130 2435 vulgo
1148 2383 1374 2422 cardinales
1389 2388 1591 2422 vocantur.
1647 2381 1705 2418 ita

245 2447 289 2482 in
314 2442 511 2482 Hexae‘m.
544 2443 626 2483 170
657 2437 954 2495 τετραμὸρφους
982 2447 1097 2479 vocat
1124 2441 1308 2492 angelos,
1337 2447 1383 2477 ut
1411 2450 1547 2477 eorum
1569 2437 1704 2488 perfe-

245 2502 417 2539 ctionem
445 2499 647 2550 designet,
696 2496 895 2550 siquidem
927 2512 1202 2550 τετραμορφος
1229 2469 1390 2535 Pisidae
1419 2509 1443 2534 a
1473 2489 1704 2546 τετραγώνῳ

245 2557 466 2596 Aristotelis
494 2554 597 2593 nihil
625 2554 777 2604 differt,
809 2556 872 2591 cui
902 2554 1053 2591 ffIoral.
1089 2553 1327 2591 Nicomach.
1359 2554 1382 2593 1
1409 2553 1471 2589 vir
1494 2551 1565 2588 ille
1591 2550 1703 2588 fortis

246 2620 305 2653 est
327 2610 395 2667 ὅγε
417 2629 472 2661 ως
491 2608 657 2664 ἀληθῶς
677 2607 833 2665 αγαθος
853 2610 922 2651 καὶ
947 2625 1207 2665 τετραγωνος,
1239 2606 1340 2653 ἄνευ
1359 2604 1508 2661 ψόγου.

357 2672 425 2712 82.
483 2683 522 2708 v.
545 2667 660 2706 Iliad.
683 2670 705 2708 1
736 2667 832 2708 249·

357 2726 424 2768 85.
484 2724 698 2779 μελουργία
714 2737 784 2776 pro
804 2724 1066 2776 μελιτουργία.
1123 2722 1296 2760 Heraclii
1316 2721 1536 2760 bonitatem
1561 2726 1599 2758 et
1621 2719 1703 2757 cle-

245 2783 456 2831 mentiam,
487 2796 589 2835 quae
618 2783 740 2820 virtus
765 2781 943 2818 maxime
962 2780 1184 2832 principem
1204 2778 1337 2827 decet,
1368 2777 1439 2816 sub
1461 2790 1581 2829 apum
1595 2775 1703 2814 mel-

245 2841 373 2893 lisque
396 2840 585 2890 allegoria
604 2836 868 2877 commendat.
