1890 3224
295 182 318 228 1
326 181 389 227 02
910 141 1143 226 PETAVII¹

291 292 374 348 τίῳ.
432 290 608 343 ἔστὲφθη
633 287 676 330 δὲ
695 292 748 345 τῇ
767 285 872 343 αὐτῇ
891 288 1021 347 ημέρα
1039 290 1107 332 καὶ
1129 290 1159 344 ἤ
1178 288 1496 343 μεμνηστευμένη
1518 287 1627 347 αυτῷ
1652 287 1739 332 Ευ-

293 349 408 388 aonia
426 347 649 416 Αὔγουστα,
666 346 734 387 καὶ
752 344 938 399 ἕλαβον’
912 345 1131 401 αμφότεροι
1144 345 1252 402 παροέ
1270 348 1438 401 Σεργίου
1458 351 1530 388 τοῦ
1545 345 1740 432 πατριάρ-

290 421 363 458 χου
387 419 480 451 τους
501 399 724 453 στεφάνους
743 405 819 443 τοῦ
835 400 979 457 γάμου.

407 485 446 522 p
468 473 492 510 6
514 471 640 511 v.12.
698 469 866 511 τίκτεται
890 472 1005 522 παῖς]
1039 468 1238 509 cedrenus
1269 472 1383 509 tertio
1402 469 1466 508 die
1484 471 1580 508 Maii
1600 483 1636 508 a.
1657 472 1742 508 He-

294 528 406 564 raclii
427 530 454 567 2
480 527 665 576 natalem,
680 526 789 564 illius
814 529 1031 579 consignat.
1089 526 1199 564 addit
1218 526 1486 578 Theophanes
1511 525 1650 564 Indict.
1677 526 1741 574 15,

293 590 338 620 ut
365 589 403 620 et
422 584 570 620 Paulus
589 583 785 620 Diaconus
805 585 847 621 in
864 585 1055 622 Miscella.
1113 585 1154 620 in
1177 596 1254 636 quo
1276 585 1469 622 aberravit
1486 581 1630 621 Sethus
1651 582 1744 620 Cal-

295 640 440 688 visius,
478 638 573 676 dum
604 637 647 675 id
675 640 717 676 in
746 652 896 678 annum
927 640 1085 678 coniicit
1115 638 1261 678 Christi
1286 642 1380 680 611.
1447 641 1481 678 si
1506 638 1744 677 Indictiones

296 708 332 732 a.
351 697 394 733 C.
416 696 498 735 312
519 708 681 747 coepere
703 695 812 746 Sept.
834 695 909 744 24,
944 709 1046 734 anno
1065 698 1165 745 610,
1194 697 1366 733 Heraclii
1384 697 1533 748 primo,
1561 694 1746 733 inchoata

296 758 356 789 est
389 750 528 789 eodem
560 752 784 803 Septembri
816 751 869 793 14
897 752 1084 800 Indictio,
1114 765 1215 804 quae
1248 765 1374 804 usque
1399 752 1449 790 ad
1474 752 1748 804 Septembrem

297 821 333 844 a.
363 810 438 848 611
473 807 756 860 d111avit‚quo
785 809 836 850 15
866 810 1066 847 successit.
1122 808 1212 846 ideo
1236 810 1481 847 Constantini
1503 808 1620 845 huius
1642 814 1747 845 ortus

295 864 459 901 incurrit
481 866 522 900 111
545 877 580 901 a.
600 865 643 903 C.
669 867 774 913 622,
802 878 939 904 mense
957 867 1086 912 Maio,
1115 865 1273 903 labente
1296 856 1424 903 adhuc
1443 864 1660 902 Indictione
1680 862 1747 903 15·

297 918 449 957 accedit
469 921 591 957 feriae
614 918 815 959 character
835 935 888 959 ex
904 923 1023 960 Alex.
1046 919 1258 970 Chronico,
1286 922 1355 959 ubi
1373 929 1489 959 natus
1509 921 1717 959 scribitur
1706 933 1749 956 111

296 977 522 1014 suburbano
553 975 869 1028 Sophianorum,
908 980 1006 1016 Maii
1030 979 1168 1025 tertio,
1208 978 1306 1015 feria
1337 976 1377 1018 4.
1445 980 1589 1031 quippe
1616 972 1748 1027 cyclus

295 1040 379 1069 erat
399 1034 493 1070 solis
512 1033 538 1074 5
551 1061 562 1080 ,
591 1033 705 1070 litera
726 1033 833 1072 dom.
853 1036 902 1072 A.
959 1032 1124 1086 proinde
1143 1035 1239 1072 Maii
1261 1036 1308 1083 3,
1336 1034 1435 1071 feria
1454 1034 1493 1076 4.
1550 1032 1641 1070 ideo
1659 1045 1748 1070 cor-

294 1087 482 1140 rigendus
505 1087 795 1140 Theophanes,
827 1092 895 1143 qui
915 1090 941 1132 5
960 1097 1099 1127 natum
1118 1091 1266 1127 scribit.

409 1166 463 1203 ib.
485 1180 523 1203 v.
542 1169 611 1206 20.
668 1168 962 1219 υἷοθετεῖσθαι]
979 1179 1061 1204 11011
1078 1173 1138 1204 est
1159 1166 1358 1218 adoptare,
1382 1164 1454 1204 sed
1473 1179 1494 1203 e
1513 1178 1623 1203 sacro
1639 1165 1750 1203 fonte

295 1224 509 1273 suscipere.
567 1224 623 1260 ita
653 1230 792 1273 postea
821 1221 1066 1294 Nicephorus
1092 1229 1226 1260 noster
1258 1221 1306 1260 de
1333 1223 1488 1260 Hunnis
1511 1233 1652 1273 agens.
1682 1219 1751 1261 καὶ

296 1276 367 1326 τοὶς
398 1279 561 1319 ἐκείνων
591 1276 763 1332 γαμετοῖς
794 1279 839 1320 αἱ
866 1276 1019 1320 τούτων
1045 1274 1179 1320 αυτῶν
1200 1281 1258 1334 τῷ
1282 1279 1384 1335 θείω
1408 1281 1563 1333 λουτρῷ
1585 1272 1752 1319 ἐτεκνώ-

297 1347 417 1375 σαντο
440 1331 615 1389 σύζυγοι.

409 1427 451 1465 p·
467 1416 495 1455 7
512 1427 550 1451 v.
567 1415 606 1454 9.
663 1408 834 1483 λαβόντα
853 1409 993 1466 τόμον]
1015 1412 1237 1452 cedrenus:
1257 1412 1324 1454 καὶ
1341 1410 1389 1454 τὰ
1405 1428 1507 1467 προς
1522 1408 1753 1479 Ἡράκλειον

296 1466 494 1524 γενόμενα
518 1469 695 1540 ἔγγραφοι
719 1466 846 1510 αυτοῦ
871 1470 1081 1522 κατέχων“
1061 1487 1081 1512 ο
1099 1467 1295 1539 βασιλεῦς
1305 1469 1347 1511 ἐν
1366 1472 1417 1524 τῇ
1432 1470 1553 1522 χειρί,
1581 1465 1755 1536 κρούσας

297 1527 483 1577 ,Κρίσπον
503 1524 579 1578 τήν
599 1524 781 1578 κεφαλὴν
797 1524 892 1577 μετοῖ
912 1530 987 1568 τοῦ
1002 1524 1148 1581 χάρτου
1166 1527 1245 1578 ἔφη
1270 1521 1295 1539 “
1305 1527 1545 1577 ταλαίπωρε,
1573 1521 1755 1577 γαμβρὸν

302 1598 379 1622 ουκ
403 1582 613 1633 ἐποίησας·
642 1583 762 1632 φίλον
783 1579 950 1650 αληθως
972 1586 1058 1630 πῶς
1075 1578 1308 1634 ποιήσεις,·”
1343 1584 1386 1619 111
1413 1595 1459 1619 eo
1488 1583 1621 1632 itaque
1650 1581 1752 1618 libro

298 1638 600 1683 continebantur
621 1653 669 1677 τα
692 1637 870 1690 ἔγγραφοι
894 1634 1040 1686 αὐτοῦ,
1068 1638 1145 1676 hoc
1171 1646 1250 1685 est,
1281 1644 1326 1675 ut
1347 1638 1500 1674 verba
1488 1650 1575 1687 lpsa
1594 1649 1688 1687 prae
1710 1649 1753 1673 se

295 1695 450 1742 ferunt,
476 1694 614 1730 literae
644 1705 742 1744 quas
769 1692 820 1730 ad
842 1694 1100 1731 Heraclium
1089 1707 1174 1745 ipse
1195 1706 1286 1730 cum
1309 1693 1397 1730 aliis
1417 1693 1660 1730 senatoribus
1682 1691 1755 1729 de-

299 1750 433 1797 derat,
474 1749 698 1800 quibusque
730 1748 782 1786 ad
811 1748 1083 1787 invadendum
1110 1751 1323 1800 imperium
1346 1750 1540 1786 incitarat.
1597 1749 1756 1786 tametsi

299 1805 349 1843 de
369 1803 505 1848 libello
525 1806 666 1842 malim
681 1807 856 1856 accipere
878 1818 955 1859 quo
974 1807 1233 1844 accusationis
1249 1806 1378 1857 capita
1391 1806 1632 1856 criminaque
1645 1818 1756 1842 com-

298 1860 510 1913 prehensa.
569 1863 717 1899 etenim
744 1863 906 1900 solenne
934 1860 978 1899 id
1003 1863 1099 1911 fuit,
1128 1869 1173 1900 ut
1194 1862 1289 1914 qui,
1320 1862 1368 1899 ab
1387 1863 1622 1913 imperatore
1638 1873 1756 1912 prae-

288 1920 456 1966 sertim,
487 1931 576 1956 reus
606 1925 889 1967 arcesseretur,
920 1919 1003 1956 eius
1030 1931 1152 1969 genas
1184 1919 1443 1956 accusationis
1469 1918 1604 1954 libello
1627 1917 1757 1955 scriba

298 1974 538 2012 verberaret.
595 1973 839 2026 Nicephorus
870 1981 1003 2013 noster
1032 1977 1075 2013 in
1101 1975 1179 2012 fine
1202 1973 1320 2012 huius
1341 1973 1550 2022 historiae,
1580 1972 1630 2011 de
1649 1974 1756 2011 Con-

298 2032 473 2068 stantino
489 2029 711 2081 patriarcha
728 2032 915 2084 loquens,
935 2044 1078 2100 quem-1
1086 2032 1389 2083 Copronymus’
1378 2044 1420 2068 1n
1441 2029 1620 2068 ordinem
1639 2027 1757 2066 rede-

301 2088 382 2137 git:
415 2085 680 2139 συνεκπὲμπει
707 2087 750 2128 δέ
778 2103 868 2128 τινα
893 2083 1008 2157 αυτῷ
1023 2090 1103 2128 τῶν
1124 2089 1339 2156 βασιλικῶν
1358 2085 1616 2151 γραμματέων
1638 2085 1756 2136 κομί-

300 2145 420 2191 ζοντα
438 2141 481 2183 ἐν
501 2140 764 2199 γραμματίῳ
750 2140 825 2184 ὅσα
845 2139 937 2184 κατ’
956 2139 1095 2185 αυτοῦ
1137 2158 1239 2212 απερ
1257 2143 1315 2191 εἷς
1334 2138 1509 2193 ἐπήκοον
1524 2144 1598 2181 τοῦ
1614 2137 1757 2209 ἄθροι-

301 2197 471 2246 σθέντος
502 2199 627 2240 ἐκεῖσε
657 2202 758 2240 λαοῦΙ
789 2196 968 2252 ανέγνω,
1007 2201 1138 2240 παίων
1168 2195 1277 2253 αυτῷ
1304 2213 1413 2238 κατα
1431 2194 1582 2249 κόρρης
1604 2191 1674 2248 ἐφ’
1697 2195 1758 2237 ἑνὶ

298 2250 450 2309 ἑκάστῳ
480 2269 560 2294 των
590 2254 958 2307 κατηγορουμένων.
1015 2255 1125 2293 idem
1151 2261 1284 2292 narrat
1312 2255 1354 2291 in
1382 2267 1418 2291 a.
1442 2254 1683 2305 Copronymi
1701 2254 1756 2293 27

300 2295 586 2362 Theophanes.
641 2324 757 2362 porro
781 2312 953 2348 Heraclii
972 2312 1092 2349 verba
1111 2323 1320 2363 perperam
1336 2309 1402 2347 hic
1419 2316 1625 2361 concepta,
1654 2315 1699 2346 ut
1718 2315 1758 2346 et

302 2366 412 2418 apud
441 2365 684 2415 Cedrenum,
722 2366 828 2418 apud
852 2368 1050 2406 Zonaram
1076 2369 1132 2405 ita
1159 2368 1369 2418 leguntur.
1399 2379 1471 2406 οσα
1496 2381 1552 2414 ως
1576 2362 1758 2417 γαμβρόν

305 2438 380 2463 ουκ
408 2422 619 2475 ἐποίησας,
649 2419 745 2464 ου’δὲ
773 2424 895 2474 φίλον
925 2439 978 2464 αν
1005 2421 1188 2476 ποιήσεις
1210 2421 1318 2464 ποτέ.
1375 2421 1445 2461 sed
1464 2420 1759 2459 emendandum

305 2479 363 2525 εἰς
392 2476 592 2531 γαμβρόν,
620 2487 665 2517 ut
692 2486 731 2517 et
755 2477 833 2517 hoc
861 2480 973 2518 loco:
1007 2481 1079 2531 qni
1101 2494 1230 2518 socero
1247 2479 1407 2517 Phocae
1425 2492 1504 2515 non
1513 2478 1771 2528 praestiteris*

292 2534 441 2583 fidem,
470 2537 541 2586 qui
559 2536 717 2573 tandem
733 2535 832 2573 mihi
843 2535 1094 2586 praestabis?
1136 2549 1270 2574 socero
1290 2536 1396 2572 enim
1414 2532 1647 2585 legendum,
1676 2546 1759 2570 non

305 2602 478 2641 genero:
510 2592 659 2644 alioqui
687 2590 863 2645 γαμβρὸν
891 2596 1022 2633 ποιεῖν
1049 2605 1151 2630 nova
1172 2590 1363 2644 loquendi
1384 2592 1532 2628 ratione
1557 2591 1630 2627 erit
1649 2588 1759 2626 idem

305 2659 354 2684 ac
374 2659 564 2698 generum
582 2661 624 2685 se
643 2649 846 2703 praebere.
874 2655 1003 2700 potest
1024 2656 1062 2686 et
1079 2662 1132 2686 ex
1150 2646 1362 2714 Nicephori
1378 2646 1546 2684 Cedreni
1566 2658 1611 2683 ac
1631 2646 1758 2682 Geor-

306 2704 365 2754 gii
389 2703 566 2755 Syncelli
591 2706 722 2743 verbis
742 2705 843 2743 alius
861 2705 964 2742 effici
981 2719 1140 2753 sensus,
1169 2705 1357 2742 nimirum
1378 2703 1607 2740 Heraclium
1630 2701 1760 2752 Crispi

307 2760 432 2797 filiam
460 2760 557 2798 olim
582 2761 769 2799 ambiisse
802 2767 842 2799 et
873 2761 922 2798 ab
956 2775 1002 2799 eo
1030 2759 1300 2813 repudiatum,
1332 2758 1381 2797 de
1405 2772 1483 2813 quo
1504 2759 1636 2796 minus
1662 2770 1759 2795 con-

309 2822 411 2854 stare
429 2815 560 2855 video.
604 2817 646 2854 in
662 2818 780 2856 Alex.
801 2816 946 2857 Chron.
966 2819 1156 2870 scriptum
1172 2824 1231 2855 est
1248 2815 1390 2855 Indict.
1415 2820 1450 2865 1,
1472 2814 1702 2853 Decembris
1717 2812 1758 2861 5,
