1838 3210
260 168 324 219 62
831 168 910 212 DU
945 166 1129 212 CANGII

255 445 295 484 1.
352 415 644 483 Exaedificato
675 449 715 482 et
737 445 953 488 moenibus,
974 446 1093 498 longe
1121 445 1357 498 amplificato
1385 446 1600 498 Byzantio,
1627 459 1700 484 ve-

257 501 410 552 terique
435 502 542 539 urbis
571 501 834 553 appellatione
860 503 902 539 iu
928 515 1044 540 suum
1064 515 1211 540 nomen
1229 502 1446 551 transfusa,
1475 503 1703 540 Constanti-

256 569 331 594 nus
356 559 411 594 M.
444 571 578 595 recens
608 557 870 596 Christianam
903 560 1134 610 religionem
1162 559 1392 610 amplexus,
1423 571 1524 596 anno
1543 559 1702 610 imperii

256 614 464 662 vicesimo,
494 615 689 665 templum
710 613 784 652 deo
803 616 1080 666 omnipotenti,
1111 617 1173 652 cui
1189 623 1316 652 totum
1335 628 1376 652 se
1395 614 1701 663 commendarat,

256 671 476 718 exstruxit,
507 669 688 723 illudque
716 674 767 726 τῇ
795 669 905 726 Ἁγίᾳ
922 671 1065 727 Σοφίᾳ
1084 684 1154 709 seu
1178 670 1335 708 divinae
1356 672 1571 722 sapientiae
1591 670 1703 708 dica-

256 727 335 772 vit,
367 726 408 763 id
430 734 487 764 est
507 725 685 765 Christo:
703 711 844 775 filium
865 740 1036 779 namque
1053 727 1132 773 dei,
1161 734 1204 764 ut
1221 729 1274 764 ait
1289 729 1484 778 Rupertus
1501 726 1550 764 de
1567 728 1702 765 Divin.

256 782 359 819 offic.
385 786 435 824 10
467 783 542 832 15,
575 783 743 821 dicimus
762 797 895 821 veram
919 790 955 819 et
973 782 1334 821 incommutabilem
1354 784 1606 833 sapientiam,
1630 796 1704 834 per

258 852 380 889 quam
412 840 636 877 universam
668 839 845 877 condidit
869 846 1103 877 creaturam.
1162 840 1370 890 Byzantini
1397 846 1530 877 autem
1558 841 1704 877 omisso

255 893 386 947 Ἀγίας
416 896 607 934 vocabulo
638 897 798 947 Σοφίαν
831 894 970 933 aedem
987 897 1105 934 istam
1126 894 1232 933 nude
1251 894 1505 946 postmodum
1523 896 1704 947 appella-

257 958 361 988 runt.
418 953 531 990 istius
573 951 813 990 conditorem
845 959 1060 1002 agnoscunt
1094 952 1393 990 Constantinum
1420 951 1703 1003 Theophanes,

259 1006 473 1056 cedrenus,
508 1009 664 1059 Glycas‚
694 1009 841 1045 Paulus
862 1010 1025 1046 Diacou.
1044 1011 1083 1055 2,
1111 1006 1355 1060 Nicephorus
1377 1008 1562 1047 Callistus
1579 1012 1604 1050 7
1634 1008 1702 1058 49,

260 1070 300 1100 et
327 1071 519 1116 quotquot
548 1065 632 1101 fere
654 1065 904 1102 vConstantini
925 1078 985 1103 res
1008 1066 1172 1115 attigere
1194 1065 1415 1115 scriptores.
1472 1071 1513 1102 at
1530 1063 1704 1103 Codinus

258 1131 338 1157 non
358 1119 406 1157 de
426 1134 529 1158 novo
552 1122 744 1158 excitasse
762 1133 948 1171 magnam
966 1121 1185 1168 ecclesiam,
1215 1119 1286 1159 sed
1305 1119 1444 1157 aedem
1459 1133 1705 1172 paganorum

255 1177 366 1227 prius
387 1178 663 1226 exsistentem,
692 1176 811 1215 idolis
829 1184 868 1214 et
887 1176 1051 1215 deorum
1069 1178 1287 1215 simulacris
1307 1184 1535 1228 purgatam,
1567 1176 1619 1214 ad
1636 1189 1706 1214 ec-

255 1233 398 1270 clesiae
420 1232 662 1272 Christianae
683 1247 799 1271 usum
817 1234 1045 1271 immutasse
1065 1234 1363 1271 constantinum
1378 1246 1585 1284 perperam
1604 1234 1705 1271 scri-

253 1290 355 1340 psit,
391 1303 480 1327 cum
502 1289 655 1328 disertis
673 1290 803 1328 verbis
823 1289 952 1327 tradat
971 1288 1170 1328 Cedrenus
1195 1303 1217 1327 a
1239 1288 1509 1327 fundamentis
1529 1288 1705 1341 Sophia-

253 1358 350 1382 nam
380 1345 605 1383 aedificasse
636 1345 795 1393 aedem,
825 1347 1012 1398 illiusque
1040 1345 1267 1384 condendae
1292 1344 1518 1397 Euphratae
1546 1345 1705 1383 cuidam

255 1401 304 1438 ab
327 1414 372 1439 eo
393 1416 526 1439 curam
546 1401 839 1439 demandatam.
883 1401 992 1440 aedis
1013 1403 1357 1440 Constantinianae
1371 1403 1500 1440 forma
1515 1403 1592 1440 fuit
1610 1400 1705 1439 dro-

250 1459 376 1506 mica,
406 1457 448 1495 id
469 1465 527 1496 est
548 1458 758 1510 quadrata,
789 1456 860 1495 sed
885 1459 1103 1509 oblongior.
1159 1460 1215 1496 ita
1243 1460 1350 1495 enim
1381 1454 1572 1510 δρομικόν
1599 1459 1706 1496 acci-

250 1514 445 1566 piendum
474 1522 634 1553 censent
662 1516 840 1565 plerique
870 1528 891 1552 e
918 1513 1178 1562 doctioribus,
1209 1515 1470 1560 etsi-Allatius
1488 1520 1705 1565 repugnet3

249 1570 357 1608 unde
385 1578 489 1608 recte
519 1569 769 1608 Theodosius
790 1570 1029 1622 Zygomalas
1060 1568 1193 1621 (apud
1213 1570 1395 1608 Crusium
1410 1583 1451 1621 p.
1469 1569 1578 1622 201)
1611 1572 1706 1622 δρο-

251 1623 391 1680 μικόν,
423 1626 529 1679 quod
549 1633 607 1664 est
626 1627 741 1677 δίκην
760 1623 989 1678 νάρθηκος,
1018 1631 1056 1662 et
1077 1628 1160 1665 πᾶν
1181 1623 1371 1678 δρομικόν
1393 1622 1583 1677 νάρθηκα
1602 1625 1707 1665 dixit

251 1684 477 1733 appellari„
516 1681 711 1720 eiusmodi
736 1689 869 1720 autem
898 1688 957 1720 est
986 1680 1183 1719 narthecis
1213 1695 1285 1719 seu
1312 1682 1462 1719 ferulae
1485 1682 1630 1733 figura,
1659 1689 1706 1720 ut

249 1739 356 1778 infra
393 1738 651 1777 ostendimus.
710 1737 882 1791 denique
916 1733 1111 1790 δρομικόν
1143 1737 1292 1775 dictum
1325 1737 1483 1776 videtur
1513 1751 1535 1775 a
1566 1737 1704 1777 stadiis

256 1797 439 1833 oux-soriis
453 1825 463 1844 ,
497 1808 598 1848 quae
613 1796 655 1832 in
672 1796 863 1832 maiorem
882 1793 1172 1844 longitudinem
1193 1807 1314 1846 quam
1332 1793 1584 1831 latitudinem
1609 1808 1705 1847 por-

257 1852 450 1902 riguntur.
507 1864 674 1902 magnae
695 1852 815 1901 igitur
832 1851 1020 1888 ecclesiae
1039 1851 1382 1888 Constantinianae
1396 1851 1566 1889 formam
1582 1851 1705 1889 fuisse

257 1906 475 1945 dromicam
495 1915 660 1945 testatur
681 1906 886 1945 Codinus‘
875 1920 917 1943 m
937 1907 1070 1944 Descr.
1096 1907 1138 1944 S.
1162 1905 1348 1957 Sophiae.
1406 1905 1517 1944 addit
1539 1909 1706 1959 Anony-

256 1977 347 2003 mus
385 1971 519 2002 auctor
558 1963 828 2034 descriptionis
862 1961 1039 2000 eiusdem
1070 1961 1199 2011 aedis,
1239 1975 1262 1999 a
1295 1962 1528 2001 Combefisio
1561 1962 1705 2012 editus,

255 2019 399 2072 ὁμοίαν
424 2021 547 2058 fuisse
573 2022 645 2060 τοῦ
672 2018 787 2073 αγίου
804 2015 1063 2087 Ἀνδρονίκου
1082 2018 1150 2058 καὶ
1169 2021 1243 2058 τοῦ
1261 2015 1383 2084 ἁγίου.
1391 2013 1594 2067 Ἀκακίου,
1625 2032 1704 2071 quo

255 2077 346 2115 loco
370 2079 546 2128 apposite
565 2071 833 2129 ’Λγαθονίκου
854 2087 924 2125 pro
942 2070 1220 2125 Ἀνδρονίκου,
1249 2075 1403 2125 reponit
1423 2074 1705 2114 Combefisius:

256 2133 369 2170 nulla
396 2134 501 2169 enim
527 2132 569 2169 S.
586 2130 801 2168 Andronici
823 2129 939 2168 aedes
960 2131 1125 2167 occurrit
1143 2136 1341 2167 exstructa
1362 2130 1494 2181 Cpoli,
1523 2130 1707 2182 Agatho-

255 2190 337 2226 nici
354 2201 446 2225 vero
466 2201 490 2225 a
510 2188 764 2225 Constantino
781 2185 937 2224 condita
953 2186 1098 2236 legitur
1114 2185 1221 2236 apud
1239 2185 1474 2234 Cedrenum,
1502 2187 1705 2239 Nicepho-

255 2257 345 2282 rum
362 2248 388 2286 7
417 2245 493 2292 49,
523 2242 689 2281 Suidam
715 2242 823 2280 verb.
851 2242 1025 2293 Βηρίνη,
1055 2248 1095 2279 et
1120 2241 1314 2279 Codinum
1340 2243 1382 2279 in
1407 2244 1513 2293 Orig.
1529 2244 1705 2282 Lambe-

255 2301 379 2338 cianis
408 2313 449 2351 p.
479 2301 531 2340 37
561 2306 598 2337 et
624 2298 691 2339 38.
749 2299 819 2349 qui
850 2296 1012 2350 perinde
1046 2294 1241 2350 δρομικήν
1271 2298 1393 2336 fuisse
1424 2300 1621 2349 scribunt,
1665 2305 1705 2339 et

253 2369 375 2409 quam
408 2355 578 2407 denique
611 2356 654 2392 in
685 2355 953 2405 augustIorem
979 2354 1147 2392 formam
1177 2355 1389 2392 excitatam
1417 2356 1536 2394 refert
1555 2358 1706 2394 Proco-

253 2415 343 2464 pius
369 2410 418 2449 de
441 2411 574 2449 Aedif.
598 2412 622 2451 1
656 2409 695 2452 5.
752 2412 939 2448 Acaciani
958 2417 1091 2448 autem
1107 2412 1249 2462 templi
1265 2413 1414 2448 mentio
1435 2413 1554 2449 estin
1571 2413 1703 2450 Veteri

253 2469 370 2507 Urbis
393 2467 678 2519 descriptione,
708 2467 776 2503 ubi
801 2468 843 2504 in
871 2468 923 2507 10
946 2468 1105 2517 regione
1125 2468 1328 2514 statuitur,
1359 2468 1445 2505 loco
1467 2468 1703 2519 Heptascalo

252 2531 504 2577 nuncupato,
541 2530 586 2561 ut
615 2530 672 2560 est
702 2522 808 2574 apud
835 2523 1038 2560 Socratem
1065 2525 1090 2563 2
1119 2524 1173 2565 38
1203 2529 1241 2560 et
1269 2525 1294 2564 6
1324 2525 1401 2572 23,
1437 2522 1704 2576 Nicephorum

255 2583 280 2622 ὃ
309 2581 362 2622 38
396 2588 435 2618 et
463 2582 488 2621 9
519 2579 594 2627 42,
627 2578 870 2626 cedrenum,
902 2580 1096 2631 Synaxar.
1124 2586 1199 2616 etc.

110 2644 139 2677 P
164 2644 232 2680 526
366 2639 407 2678 2.
464 2638 612 2675 Verum
640 2648 729 2672 cum
757 2636 925 2671 nimium
954 2642 1118 2685 angusta
1146 2636 1231 2673 visa
1259 2641 1361 2673 esset
1381 2635 1704 2673 Constantiniana

256 2692 374 2732 aedes
400 2706 474 2730 nec
501 2693 595 2730 satis
623 2704 769 2742 capax,
811 2692 876 2727 vel
905 2690 1030 2742 quod,
1071 2698 1115 2728 ut
1152 2692 1220 2727 alii
1255 2692 1413 2739 volunt,
1455 2691 1703 2739 concidisset,

257 2750 359 2787 forte
390 2762 442 2786 ex
468 2755 593 2786 terrae
618 2748 811 2794 motibus,
850 2747 1099 2784 Constantius
1129 2747 1373 2784 Constantini
1401 2747 1505 2785 filius
1535 2747 1587 2786 ad
1614 2759 1703 2785 eam

258 2804 584 2857 amplitudinem,
623 2816 702 2857 qua
734 2802 986 2855 postmodum
1018 2810 1225 2855 conspecta
1258 2810 1337 2855 est,
1367 2803 1569 2856 perduxit.
1625 2804 1704 2843 So-
