<?xml version="1.0" encoding="UTF-8"?>
<!DOCTYPE html PUBLIC "-//W3C//DTD XHTML 1.0 Transitional//EN"
    "http://www.w3.org/TR/xhtml1/DTD/xhtml1-transitional.dtd">
<html xmlns="http://www.w3.org/1999/xhtml" xml:lang="en" lang="en">
 <head>
  <title>
</title>
<meta http-equiv="Content-Type" content="text/html;charset=utf-8" />
  <meta name='ocr-system' content='tesseract 3.04.00' />
  <meta name='ocr-capabilities' content='ocr_page ocr_carea ocr_par ocr_line ocrx_word'/>
</head>
<body>
  <div class='ocr_page' id='page_1' title='image "./corpusscriptorum42niebuoft/corpusscriptorum42niebuoft_0531.png"; bbox 0 0 1890 3224; ppageno 0'>
   <div class='ocr_carea' id='block_1_1' title="bbox 507 163 1592 215">
    <p class='ocr_par' dir='ltr' id='par_1_1' title="bbox 507 163 1592 215">
     <span class='ocr_line' id='line_1_1' title="bbox 507 163 1592 215; baseline -0.007 0"><span class='ocrx_word' id='word_1_1' title='bbox 507 170 580 215; x_wconf 84' lang='lat' dir='ltr'><strong>AD</strong></span> <span class='ocrx_word' id='word_1_2' title='bbox 614 166 983 212; x_wconf 86' lang='lat' dir='ltr'><strong>NICEPHORUM</strong></span> <span class='ocrx_word' id='word_1_3' title='bbox 1014 164 1219 210; x_wconf 83' lang='lat' dir='ltr'><strong>NOTAE.</strong></span> <span class='ocrx_word' id='word_1_4' title='bbox 1494 163 1592 208; x_wconf 83' lang='lat'><strong>109</strong></span> 
     </span>
    </p>
   </div>
   <div class='ocr_carea' id='block_1_2' title="bbox 140 271 1734 2871">
    <p class='ocr_par' dir='ltr' id='par_1_2' title="bbox 140 271 1591 390">
     <span class='ocr_line' id='line_1_2' title="bbox 140 271 1591 332; baseline -0.008 -11"><span class='ocrx_word' id='word_1_5' title='bbox 140 279 310 322; x_wconf 78' lang='grc' dir='ltr'><strong><em>Δαισίου</em></strong></span> <span class='ocrx_word' id='word_1_6' title='bbox 339 275 368 320; x_wconf 84' lang='grc' dir='ltr'><strong><em>ε’</em></strong></span> <span class='ocrx_word' id='word_1_7' title='bbox 400 278 618 332; x_wconf 85' lang='lat' dir='ltr'><strong>legendum</strong></span> <span class='ocrx_word' id='word_1_8' title='bbox 650 279 812 317; x_wconf 88' lang='lat' dir='ltr'><strong>omnino</strong></span> <span class='ocrx_word' id='word_1_9' title='bbox 850 276 1024 317; x_wconf 77' lang='grc' dir='ltr'><em>Δαισίου</em></span> <span class='ocrx_word' id='word_1_10' title='bbox 1049 271 1098 328; x_wconf 83' lang='lat' dir='ltr'><strong>y&#39;:</strong></span> <span class='ocrx_word' id='word_1_11' title='bbox 1135 274 1326 312; x_wconf 88' lang='lat' dir='ltr'><strong>nimirum</strong></span> <span class='ocrx_word' id='word_1_12' title='bbox 1353 286 1392 312; x_wconf 88' lang='lat' dir='ltr'><strong>a.</strong></span> <span class='ocrx_word' id='word_1_13' title='bbox 1421 274 1466 312; x_wconf 87' lang='lat' dir='ltr'><strong>C.</strong></span> <span class='ocrx_word' id='word_1_14' title='bbox 1495 275 1591 321; x_wconf 87' lang='lat'><strong>619,</strong></span> 
     </span>
     <span class='ocr_line' id='line_1_3' title="bbox 141 332 1332 390; baseline -0.006 -14"><span class='ocrx_word' id='word_1_15' title='bbox 141 338 250 390; x_wconf 83' lang='lat' dir='ltr'>cyclo</span> <span class='ocrx_word' id='word_1_16' title='bbox 269 337 365 374; x_wconf 86' lang='lat' dir='ltr'><strong>solis</strong></span> <span class='ocrx_word' id='word_1_17' title='bbox 387 338 461 386; x_wconf 83' lang='lat'><strong>12,</strong></span> <span class='ocrx_word' id='word_1_18' title='bbox 490 338 551 374; x_wconf 89' lang='lat' dir='ltr'><strong>lit.</strong></span> <span class='ocrx_word' id='word_1_19' title='bbox 572 335 678 374; x_wconf 86' lang='lat' dir='ltr'><strong>dom.</strong></span> <span class='ocrx_word' id='word_1_20' title='bbox 698 337 755 383; x_wconf 83' lang='lat' dir='ltr'><strong>G,</strong></span> <span class='ocrx_word' id='word_1_21' title='bbox 782 334 952 386; x_wconf 83' lang='lat' dir='ltr'><strong>ideoque</strong></span> <span class='ocrx_word' id='word_1_22' title='bbox 974 334 1078 370; x_wconf 89' lang='lat' dir='ltr'><strong>Iunii</strong></span> <span class='ocrx_word' id='word_1_23' title='bbox 1099 334 1146 380; x_wconf 84' lang='lat'><strong>3,</strong></span> <span class='ocrx_word' id='word_1_24' title='bbox 1175 332 1275 369; x_wconf 86' lang='lat' dir='ltr'><strong>feria</strong></span> <span class='ocrx_word' id='word_1_25' title='bbox 1294 334 1332 371; x_wconf 89' lang='lat'><strong>1.</strong></span> 
     </span>
    </p>

    <p class='ocr_par' dir='ltr' id='par_1_3' title="bbox 140 385 1594 559">
     <span class='ocr_line' id='line_1_4' title="bbox 251 385 1592 444; baseline -0.009 -10"><span class='ocrx_word' id='word_1_26' title='bbox 251 407 291 444; x_wconf 99' lang='grc' dir='ltr'><strong>Ρ.</strong></span> <span class='ocrx_word' id='word_1_27' title='bbox 323 391 374 434; x_wconf 90' lang='grc'><strong>14</strong></span> <span class='ocrx_word' id='word_1_28' title='bbox 400 407 438 431; x_wconf 79' lang='lat' dir='ltr'><strong>v.</strong></span> <span class='ocrx_word' id='word_1_29' title='bbox 464 396 531 434; x_wconf 79' lang='lat'><strong>23.</strong></span> <span class='ocrx_word' id='word_1_30' title='bbox 589 391 837 444; x_wconf 81' lang='grc' dir='ltr'><strong><em>κυαίστωρα]</em></strong></span> <span class='ocrx_word' id='word_1_31' title='bbox 882 396 1131 442; x_wconf 80' lang='lat' dir='ltr'><strong>quaestorem</strong></span> <span class='ocrx_word' id='word_1_32' title='bbox 1159 389 1260 426; x_wconf 87' lang='lat' dir='ltr'><strong>sacri</strong></span> <span class='ocrx_word' id='word_1_33' title='bbox 1289 387 1442 439; x_wconf 80' lang='lat' dir='ltr'><strong>palatii.</strong></span> <span class='ocrx_word' id='word_1_34' title='bbox 1498 385 1592 423; x_wconf 73' lang='lat' dir='ltr'><strong>vide</strong></span> 
     </span>
     <span class='ocr_line' id='line_1_5' title="bbox 140 441 1594 502; baseline -0.006 -15"><span class='ocrx_word' id='word_1_35' title='bbox 140 452 331 489; x_wconf 74' lang='lat' dir='ltr'>Notitiam</span> <span class='ocrx_word' id='word_1_36' title='bbox 348 451 519 502; x_wconf 88' lang='lat' dir='ltr'><strong>imperii.</strong></span> <span class='ocrx_word' id='word_1_37' title='bbox 577 448 685 502; x_wconf 91' lang='lat' dir='ltr'><strong>quod</strong></span> <span class='ocrx_word' id='word_1_38' title='bbox 701 451 879 502; x_wconf 85' lang='lat' dir='ltr'><strong>sequitur</strong></span> <span class='ocrx_word' id='word_1_39' title='bbox 895 447 1149 499; x_wconf 78' lang='lat' dir='ltr'><strong>participium</strong></span> <span class='ocrx_word' id='word_1_40' title='bbox 1167 441 1422 498; x_wconf 74' lang='grc' dir='ltr'><strong><em>ἅπαίροντας,</em></strong></span> <span class='ocrx_word' id='word_1_41' title='bbox 1451 444 1594 482; x_wconf 84' lang='lat' dir='ltr'><strong>vitium</strong></span> 
     </span>
     <span class='ocr_line' id='line_1_6' title="bbox 140 503 721 559; baseline 0.003 -14"><span class='ocrx_word' id='word_1_42' title='bbox 140 514 267 545; x_wconf 85' lang='lat' dir='ltr'><strong>sonat.</strong></span> <span class='ocrx_word' id='word_1_43' title='bbox 323 503 721 559; x_wconf 66' lang='grc' dir='ltr'><strong><em>ΐοη.οἶποφέροντας.</em></strong></span> 
     </span>
    </p>

    <p class='ocr_par' dir='ltr' id='par_1_4' title="bbox 142 555 1593 671">
     <span class='ocr_line' id='line_1_7' title="bbox 251 555 1593 614; baseline -0.009 -10"><span class='ocrx_word' id='word_1_44' title='bbox 251 576 292 614; x_wconf 80' lang='grc' dir='ltr'><strong>Ρ.</strong></span> <span class='ocrx_word' id='word_1_45' title='bbox 314 562 365 603; x_wconf 89' lang='grc'><strong>15</strong></span> <span class='ocrx_word' id='word_1_46' title='bbox 382 576 420 600; x_wconf 84' lang='lat' dir='ltr'><strong>v.</strong></span> <span class='ocrx_word' id='word_1_47' title='bbox 440 563 478 603; x_wconf 82' lang='lat'><strong>5.</strong></span> <span class='ocrx_word' id='word_1_48' title='bbox 537 560 656 603; x_wconf 82' lang='grc' dir='ltr'><strong><em>πόλιν</em></strong></span> <span class='ocrx_word' id='word_1_49' title='bbox 672 555 924 614; x_wconf 78' lang='grc' dir='ltr'><strong><em>Ἡράκλειαν]</em></strong></span> <span class='ocrx_word' id='word_1_50' title='bbox 956 571 1002 597; x_wconf 87' lang='lat' dir='ltr'><strong>ea</strong></span> <span class='ocrx_word' id='word_1_51' title='bbox 1023 564 1082 597; x_wconf 87' lang='lat' dir='ltr'><strong>est</strong></span> <span class='ocrx_word' id='word_1_52' title='bbox 1097 555 1329 605; x_wconf 86' lang='lat' dir='ltr'><strong>Perinthus,</strong></span> <span class='ocrx_word' id='word_1_53' title='bbox 1359 562 1404 594; x_wconf 92' lang='lat' dir='ltr'><strong>ut</strong></span> <span class='ocrx_word' id='word_1_54' title='bbox 1422 557 1477 593; x_wconf 89' lang='lat' dir='ltr'><strong>ait</strong></span> <span class='ocrx_word' id='word_1_55' title='bbox 1491 556 1593 593; x_wconf 89' lang='lat' dir='ltr'><strong>Pro-</strong></span> 
     </span>
     <span class='ocr_line' id='line_1_8' title="bbox 142 613 1270 671; baseline -0.005 -14"><span class='ocrx_word' id='word_1_56' title='bbox 142 621 278 671; x_wconf 90' lang='lat' dir='ltr'><strong>copius</strong></span> <span class='ocrx_word' id='word_1_57' title='bbox 299 620 328 655; x_wconf 92' lang='lat' dir='ltr'><strong>l.</strong></span> <span class='ocrx_word' id='word_1_58' title='bbox 352 619 375 658; x_wconf 91' lang='lat'><strong>1</strong></span> <span class='ocrx_word' id='word_1_59' title='bbox 397 619 445 656; x_wconf 89' lang='lat' dir='ltr'><strong>de</strong></span> <span class='ocrx_word' id='word_1_60' title='bbox 464 620 568 657; x_wconf 90' lang='lat' dir='ltr'><strong>bello</strong></span> <span class='ocrx_word' id='word_1_61' title='bbox 588 618 825 666; x_wconf 86' lang='lat' dir='ltr'><strong>Vandalico‚</strong></span> <span class='ocrx_word' id='word_1_62' title='bbox 854 618 898 654; x_wconf 89' lang='lat' dir='ltr'><strong>in</strong></span> <span class='ocrx_word' id='word_1_63' title='bbox 920 613 1159 667; x_wconf 82' lang='lat' dir='ltr'><strong>Propontide</strong></span> <span class='ocrx_word' id='word_1_64' title='bbox 1180 616 1270 652; x_wconf 84' lang='lat' dir='ltr'><strong>sita.</strong></span> 
     </span>
    </p>

    <p class='ocr_par' dir='ltr' id='par_1_5' title="bbox 143 669 1596 771">
     <span class='ocr_line' id='line_1_9' title="bbox 254 669 1596 728; baseline -0.009 -11"><span class='ocrx_word' id='word_1_65' title='bbox 254 674 308 712; x_wconf 78' lang='grc' dir='ltr'><strong><em>ι’ἶ).</em></strong></span> <span class='ocrx_word' id='word_1_66' title='bbox 331 688 371 713; x_wconf 75' lang='lat' dir='ltr'><strong>v·</strong></span> <span class='ocrx_word' id='word_1_67' title='bbox 395 675 461 716; x_wconf 88' lang='lat'><strong>15-</strong></span> <span class='ocrx_word' id='word_1_68' title='bbox 519 674 714 728; x_wconf 81' lang='grc' dir='ltr'><strong><em>χωρήσειν</em></strong></span> <span class='ocrx_word' id='word_1_69' title='bbox 742 673 791 715; x_wconf 73' lang='grc' dir='ltr'><strong><em>ια’</em></strong></span> <span class='ocrx_word' id='word_1_70' title='bbox 818 670 960 724; x_wconf 77' lang='grc' dir='ltr'><strong><em>λάσια]</em></strong></span> <span class='ocrx_word' id='word_1_71' title='bbox 991 671 1226 724; x_wconf 79' lang='lat' dir='ltr'><strong>depravatus</strong></span> <span class='ocrx_word' id='word_1_72' title='bbox 1250 669 1318 708; x_wconf 88' lang='lat' dir='ltr'><strong>hic</strong></span> <span class='ocrx_word' id='word_1_73' title='bbox 1339 669 1464 708; x_wconf 87' lang='lat' dir='ltr'><strong>locus.</strong></span> <span class='ocrx_word' id='word_1_74' title='bbox 1520 681 1596 705; x_wconf 88' lang='lat' dir='ltr'><strong>nec</strong></span> 
     </span>
     <span class='ocr_line' id='line_1_10' title="bbox 143 731 592 771; baseline -0.002 0"><span class='ocrx_word' id='word_1_75' title='bbox 143 731 320 771; x_wconf 85' lang='lat' dir='ltr'><strong>divinare</strong></span> <span class='ocrx_word' id='word_1_76' title='bbox 339 744 501 770; x_wconf 89' lang='lat' dir='ltr'><strong>necesse</strong></span> <span class='ocrx_word' id='word_1_77' title='bbox 521 740 592 770; x_wconf 88' lang='lat' dir='ltr'><strong>est.</strong></span> 
     </span>
    </p>

    <p class='ocr_par' dir='ltr' id='par_1_6' title="bbox 142 781 1600 1064">
     <span class='ocr_line' id='line_1_11' title="bbox 255 781 1599 841; baseline -0.01 -10"><span class='ocrx_word' id='word_1_78' title='bbox 255 788 309 825; x_wconf 74' lang='lat' dir='ltr'><strong>ib·</strong></span> <span class='ocrx_word' id='word_1_79' title='bbox 334 801 373 826; x_wconf 79' lang='lat' dir='ltr'><strong>V·</strong></span> <span class='ocrx_word' id='word_1_80' title='bbox 391 792 461 830; x_wconf 82' lang='lat'><strong>23.</strong></span> <span class='ocrx_word' id='word_1_81' title='bbox 505 786 736 841; x_wconf 71' lang='grc' dir='ltr'><strong><em>”Εβδομον]</em></strong></span> <span class='ocrx_word' id='word_1_82' title='bbox 767 786 1039 825; x_wconf 77' lang='lat' dir='ltr'><strong>suburbanum</strong></span> <span class='ocrx_word' id='word_1_83' title='bbox 1067 791 1127 823; x_wconf 87' lang='lat' dir='ltr'><strong>est</strong></span> <span class='ocrx_word' id='word_1_84' title='bbox 1156 784 1387 836; x_wconf 87' lang='lat' dir='ltr'><strong>Cpolitanae</strong></span> <span class='ocrx_word' id='word_1_85' title='bbox 1413 781 1544 828; x_wconf 85' lang='lat' dir='ltr'><strong>urbis,</strong></span> <span class='ocrx_word' id='word_1_86' title='bbox 1574 793 1599 817; x_wconf 88' lang='lat' dir='ltr'><strong>a</strong></span> 
     </span>
     <span class='ocr_line' id='line_1_12' title="bbox 142 839 1599 895; baseline -0.005 -12"><span class='ocrx_word' id='word_1_87' title='bbox 142 846 361 883; x_wconf 89' lang='lat' dir='ltr'><strong>miliarium</strong></span> <span class='ocrx_word' id='word_1_88' title='bbox 386 859 553 883; x_wconf 88' lang='lat' dir='ltr'><strong>numero</strong></span> <span class='ocrx_word' id='word_1_89' title='bbox 575 845 747 892; x_wconf 89' lang='lat' dir='ltr'><strong>dictum,</strong></span> <span class='ocrx_word' id='word_1_90' title='bbox 778 842 886 895; x_wconf 91' lang='lat' dir='ltr'><strong>quod</strong></span> <span class='ocrx_word' id='word_1_91' title='bbox 905 846 931 884; x_wconf 88' lang='lat'><strong>7</strong></span> <span class='ocrx_word' id='word_1_92' title='bbox 948 840 1081 893; x_wconf 89' lang='lat' dir='ltr'><strong>lapide</strong></span> <span class='ocrx_word' id='word_1_93' title='bbox 1102 842 1151 879; x_wconf 89' lang='lat' dir='ltr'><strong>ab</strong></span> <span class='ocrx_word' id='word_1_94' title='bbox 1173 842 1270 878; x_wconf 88' lang='lat' dir='ltr'><strong>urbe</strong></span> <span class='ocrx_word' id='word_1_95' title='bbox 1296 839 1471 877; x_wconf 86' lang='lat' dir='ltr'><strong>distaret.</strong></span> <span class='ocrx_word' id='word_1_96' title='bbox 1530 851 1599 874; x_wconf 90' lang='lat' dir='ltr'><strong>ce·-</strong></span> 
     </span>
     <span class='ocr_line' id='line_1_13' title="bbox 143 894 1600 954; baseline -0.007 -14"><span class='ocrx_word' id='word_1_97' title='bbox 143 909 275 940; x_wconf 88' lang='lat' dir='ltr'><strong>terum</strong></span> <span class='ocrx_word' id='word_1_98' title='bbox 305 900 441 939; x_wconf 86' lang='lat' dir='ltr'><strong>deesse</strong></span> <span class='ocrx_word' id='word_1_99' title='bbox 474 901 680 954; x_wconf 82' lang='lat' dir='ltr'>quidpiam</span> <span class='ocrx_word' id='word_1_100' title='bbox 708 902 812 937; x_wconf 88' lang='lat' dir='ltr'><strong>inter</strong></span> <span class='ocrx_word' id='word_1_101' title='bbox 841 896 954 950; x_wconf 84' lang='grc' dir='ltr'><strong><em>μόλις</em></strong></span> <span class='ocrx_word' id='word_1_102' title='bbox 983 905 1022 936; x_wconf 87' lang='lat' dir='ltr'><strong>et</strong></span> <span class='ocrx_word' id='word_1_103' title='bbox 1049 896 1150 951; x_wconf 75' lang='grc' dir='ltr'><strong><em>πρὸς</em></strong></span> <span class='ocrx_word' id='word_1_104' title='bbox 1174 894 1218 938; x_wconf 78' lang='grc' dir='ltr'><strong>τὰ</strong></span> <span class='ocrx_word' id='word_1_105' title='bbox 1241 897 1381 937; x_wconf 80' lang='grc' dir='ltr'><strong><em>πεδίον</em></strong></span> <span class='ocrx_word' id='word_1_106' title='bbox 1408 895 1600 946; x_wconf 85' lang='lat' dir='ltr'><strong>suspicari</strong></span> 
     </span>
     <span class='ocr_line' id='line_1_14' title="bbox 144 951 1600 1010; baseline -0.007 -14"><span class='ocrx_word' id='word_1_107' title='bbox 144 971 378 1010; x_wconf 89' lang='lat' dir='ltr'><strong>possumus,</strong></span> <span class='ocrx_word' id='word_1_108' title='bbox 405 965 449 996; x_wconf 91' lang='lat' dir='ltr'><strong>ut</strong></span> <span class='ocrx_word' id='word_1_109' title='bbox 479 961 606 1009; x_wconf 89' lang='lat' dir='ltr'><strong>primo</strong></span> <span class='ocrx_word' id='word_1_110' title='bbox 638 958 885 1007; x_wconf 82' lang='lat' dir='ltr'><strong>imperatoris</strong></span> <span class='ocrx_word' id='word_1_111' title='bbox 908 956 1046 1005; x_wconf 83' lang='lat' dir='ltr'><strong>fugam</strong></span> <span class='ocrx_word' id='word_1_112' title='bbox 1069 968 1116 992; x_wconf 90' lang='lat' dir='ltr'><strong>ac</strong></span> <span class='ocrx_word' id='word_1_113' title='bbox 1139 961 1362 1006; x_wconf 87' lang='lat' dir='ltr'><strong>receptum,</strong></span> <span class='ocrx_word' id='word_1_114' title='bbox 1390 951 1485 989; x_wconf 87' lang='lat' dir='ltr'><strong>inde</strong></span> <span class='ocrx_word' id='word_1_115' title='bbox 1506 951 1600 987; x_wconf 86' lang='lat' dir='ltr'><strong>bar-</strong></span> 
     </span>
     <span class='ocr_line' id='line_1_15' title="bbox 144 1011 1109 1064; baseline -0.004 -12"><span class='ocrx_word' id='word_1_116' title='bbox 144 1016 331 1053; x_wconf 85' lang='lat' dir='ltr'><strong>barorum</strong></span> <span class='ocrx_word' id='word_1_117' title='bbox 354 1013 569 1052; x_wconf 85' lang='lat' dir='ltr'><strong>adventum</strong></span> <span class='ocrx_word' id='word_1_118' title='bbox 590 1016 633 1052; x_wconf 90' lang='lat' dir='ltr'><strong>in</strong></span> <span class='ocrx_word' id='word_1_119' title='bbox 656 1015 881 1064; x_wconf 86' lang='lat' dir='ltr'><strong>Septimum</strong></span> <span class='ocrx_word' id='word_1_120' title='bbox 901 1011 1109 1049; x_wconf 77' lang='lat' dir='ltr'><strong>describat.</strong></span> 
     </span>
    </p>

    <p class='ocr_par' dir='ltr' id='par_1_7' title="bbox 147 1064 1603 1179">
     <span class='ocr_line' id='line_1_16' title="bbox 183 1064 1603 1123; baseline -0.01 -11"><span class='ocrx_word' id='word_1_121' title='bbox 183 1114 190 1123; x_wconf 59' lang='lat'><strong>,</strong></span> <span class='ocrx_word' id='word_1_122' title='bbox 257 1085 298 1121; x_wconf 89' lang='lat' dir='ltr'><strong>p·</strong></span> <span class='ocrx_word' id='word_1_123' title='bbox 319 1073 370 1111; x_wconf 90' lang='grc'><strong>16</strong></span> <span class='ocrx_word' id='word_1_124' title='bbox 386 1083 424 1107; x_wconf 79' lang='lat' dir='ltr'><strong>v-</strong></span> <span class='ocrx_word' id='word_1_125' title='bbox 443 1073 482 1109; x_wconf 80' lang='lat'><strong>2.</strong></span> <span class='ocrx_word' id='word_1_126' title='bbox 539 1065 798 1122; x_wconf 80' lang='grc' dir='ltr'><strong><em>Βαρνύσσου]</em></strong></span> <span class='ocrx_word' id='word_1_127' title='bbox 826 1071 1069 1119; x_wconf 87' lang='lat' dir='ltr'><strong>Barnyssum</strong></span> <span class='ocrx_word' id='word_1_128' title='bbox 1087 1072 1277 1118; x_wconf 87' lang='lat' dir='ltr'><strong>perpetuo</strong></span> <span class='ocrx_word' id='word_1_129' title='bbox 1292 1070 1407 1103; x_wconf 84' lang='lat' dir='ltr'><strong>vocat</strong></span> <span class='ocrx_word' id='word_1_130' title='bbox 1423 1064 1603 1109; x_wconf 83' lang='lat' dir='ltr'><strong>fluvium,</strong></span> 
     </span>
     <span class='ocr_line' id='line_1_17' title="bbox 147 1124 1216 1179; baseline -0.004 -15"><span class='ocrx_word' id='word_1_131' title='bbox 147 1139 268 1179; x_wconf 87' lang='lat' dir='ltr'><strong>quem</strong></span> <span class='ocrx_word' id='word_1_132' title='bbox 290 1126 410 1162; x_wconf 87' lang='lat' dir='ltr'><strong>ceteri</strong></span> <span class='ocrx_word' id='word_1_133' title='bbox 429 1126 632 1177; x_wconf 86' lang='lat' dir='ltr'><strong>Barbysen</strong></span> <span class='ocrx_word' id='word_1_134' title='bbox 653 1126 717 1161; x_wconf 80' lang='lat' dir='ltr'><strong>vel</strong></span> <span class='ocrx_word' id='word_1_135' title='bbox 737 1125 977 1173; x_wconf 87' lang='lat' dir='ltr'><strong>Barbyssum</strong></span> <span class='ocrx_word' id='word_1_136' title='bbox 999 1124 1216 1174; x_wconf 87' lang='lat' dir='ltr'><strong>appellant.</strong></span> 
     </span>
    </p>

    <p class='ocr_par' dir='ltr' id='par_1_8' title="bbox 149 1175 1605 1348">
     <span class='ocr_line' id='line_1_18' title="bbox 260 1175 1605 1231; baseline -0.006 -13"><span class='ocrx_word' id='word_1_137' title='bbox 260 1181 315 1218; x_wconf 79' lang='lat' dir='ltr'><strong>ih.</strong></span> <span class='ocrx_word' id='word_1_138' title='bbox 335 1194 375 1219; x_wconf 77' lang='lat' dir='ltr'><strong>v.</strong></span> <span class='ocrx_word' id='word_1_139' title='bbox 394 1182 460 1223; x_wconf 85' lang='lat'><strong>13.</strong></span> <span class='ocrx_word' id='word_1_140' title='bbox 518 1179 562 1221; x_wconf 77' lang='grc' dir='ltr'><strong>τὰ</strong></span> <span class='ocrx_word' id='word_1_141' title='bbox 584 1177 684 1231; x_wconf 78' lang='grc' dir='ltr'><strong><em>πρός</em></strong></span> <span class='ocrx_word' id='word_1_142' title='bbox 702 1177 776 1229; x_wconf 80' lang='grc' dir='ltr'><strong>τήν</strong></span> <span class='ocrx_word' id='word_1_143' title='bbox 794 1175 992 1228; x_wconf 73' lang='grc' dir='ltr'><strong><em>ἄνεψιοῖν]</em></strong></span> <span class='ocrx_word' id='word_1_144' title='bbox 1021 1175 1379 1214; x_wconf 87' lang='lat' dir='ltr'><strong>metachronismus</strong></span> <span class='ocrx_word' id='word_1_145' title='bbox 1398 1181 1458 1212; x_wconf 86' lang='lat' dir='ltr'><strong>est</strong></span> <span class='ocrx_word' id='word_1_146' title='bbox 1478 1187 1605 1211; x_wconf 89' lang='lat' dir='ltr'><strong>anuo-</strong></span> 
     </span>
     <span class='ocr_line' id='line_1_19' title="bbox 150 1228 1605 1289; baseline -0.006 -12"><span class='ocrx_word' id='word_1_147' title='bbox 150 1252 239 1277; x_wconf 88' lang='lat' dir='ltr'><strong>rum</strong></span> <span class='ocrx_word' id='word_1_148' title='bbox 254 1238 381 1275; x_wconf 83' lang='lat' dir='ltr'><strong>ferme</strong></span> <span class='ocrx_word' id='word_1_149' title='bbox 401 1239 439 1285; x_wconf 89' lang='lat'><strong>7,</strong></span> <span class='ocrx_word' id='word_1_150' title='bbox 470 1236 670 1289; x_wconf 82' lang='lat' dir='ltr'><strong>siquidem</strong></span> <span class='ocrx_word' id='word_1_151' title='bbox 689 1237 900 1273; x_wconf 84' lang='lat' dir='ltr'><strong>Martinam</strong></span> <span class='ocrx_word' id='word_1_152' title='bbox 921 1233 1036 1271; x_wconf 84' lang='lat' dir='ltr'><strong>duxit</strong></span> <span class='ocrx_word' id='word_1_153' title='bbox 1055 1246 1090 1271; x_wconf 85' lang='lat' dir='ltr'><strong>a.</strong></span> <span class='ocrx_word' id='word_1_154' title='bbox 1109 1234 1267 1284; x_wconf 88' lang='lat' dir='ltr'><strong>imperii</strong></span> <span class='ocrx_word' id='word_1_155' title='bbox 1282 1231 1322 1280; x_wconf 87' lang='grc'><strong>4,</strong></span> <span class='ocrx_word' id='word_1_156' title='bbox 1352 1230 1498 1269; x_wconf 84' lang='lat' dir='ltr'><strong>Christi</strong></span> <span class='ocrx_word' id='word_1_157' title='bbox 1509 1228 1605 1271; x_wconf 86' lang='lat'><strong>614.</strong></span> 
     </span>
     <span class='ocr_line' id='line_1_20' title="bbox 149 1289 1478 1348; baseline -0.008 -14"><span class='ocrx_word' id='word_1_158' title='bbox 149 1309 222 1348; x_wconf 82' lang='lat' dir='ltr'><strong>pro</strong></span> <span class='ocrx_word' id='word_1_159' title='bbox 243 1307 320 1347; x_wconf 93' lang='lat' dir='ltr'><strong>quo</strong></span> <span class='ocrx_word' id='word_1_160' title='bbox 341 1307 549 1346; x_wconf 83' lang='lat' dir='ltr'><strong>perperam</strong></span> <span class='ocrx_word' id='word_1_161' title='bbox 567 1295 610 1330; x_wconf 89' lang='lat' dir='ltr'><strong>in</strong></span> <span class='ocrx_word' id='word_1_162' title='bbox 631 1294 808 1343; x_wconf 79' lang='lat' dir='ltr'><strong>margine</strong></span> <span class='ocrx_word' id='word_1_163' title='bbox 829 1305 869 1343; x_wconf 89' lang='lat' dir='ltr'><strong>p.</strong></span> <span class='ocrx_word' id='word_1_164' title='bbox 890 1289 943 1331; x_wconf 85' lang='lat'><strong>41</strong></span> <span class='ocrx_word' id='word_1_165' title='bbox 965 1290 1013 1327; x_wconf 89' lang='lat' dir='ltr'><strong>ab</strong></span> <span class='ocrx_word' id='word_1_166' title='bbox 1036 1290 1164 1341; x_wconf 88' lang='lat' dir='ltr'><strong>operis</strong></span> <span class='ocrx_word' id='word_1_167' title='bbox 1183 1290 1263 1330; x_wconf 87' lang='lat'><strong>616</strong></span> <span class='ocrx_word' id='word_1_168' title='bbox 1283 1295 1478 1326; x_wconf 83' lang='lat' dir='ltr'><strong>notatum.</strong></span> 
     </span>
    </p>

    <p class='ocr_par' dir='ltr' id='par_1_9' title="bbox 151 1343 1608 1575">
     <span class='ocr_line' id='line_1_21' title="bbox 264 1343 1607 1404; baseline -0.004 -17"><span class='ocrx_word' id='word_1_169' title='bbox 264 1350 318 1388; x_wconf 83' lang='lat' dir='ltr'><strong>ib.</strong></span> <span class='ocrx_word' id='word_1_170' title='bbox 345 1364 384 1388; x_wconf 82' lang='lat' dir='ltr'><strong>v.</strong></span> <span class='ocrx_word' id='word_1_171' title='bbox 408 1352 477 1391; x_wconf 82' lang='lat'><strong>23.</strong></span> <span class='ocrx_word' id='word_1_172' title='bbox 534 1349 600 1391; x_wconf 78' lang='grc' dir='ltr'><strong>ἐπὶ</strong></span> <span class='ocrx_word' id='word_1_173' title='bbox 627 1345 777 1404; x_wconf 77' lang='grc' dir='ltr'><strong><em>ταύτῃ]</em></strong></span> <span class='ocrx_word' id='word_1_174' title='bbox 816 1345 1079 1385; x_wconf 85' lang='lat' dir='ltr'><strong>divinandum</strong></span> <span class='ocrx_word' id='word_1_175' title='bbox 1105 1346 1220 1384; x_wconf 85' lang='lat' dir='ltr'><strong>nobis</strong></span> <span class='ocrx_word' id='word_1_176' title='bbox 1250 1343 1316 1382; x_wconf 88' lang='lat' dir='ltr'><strong>hic</strong></span> <span class='ocrx_word' id='word_1_177' title='bbox 1344 1345 1440 1392; x_wconf 87' lang='lat' dir='ltr'><strong>fuit,</strong></span> <span class='ocrx_word' id='word_1_178' title='bbox 1480 1350 1525 1381; x_wconf 89' lang='lat' dir='ltr'><strong>ut</strong></span> <span class='ocrx_word' id='word_1_179' title='bbox 1552 1356 1607 1381; x_wconf 86' lang='lat' dir='ltr'><strong>ex</strong></span> 
     </span>
     <span class='ocr_line' id='line_1_22' title="bbox 151 1401 1608 1457; baseline -0.007 -10"><span class='ocrx_word' id='word_1_180' title='bbox 151 1409 294 1448; x_wconf 78' lang='lat' dir='ltr'><strong>vitiosa</strong></span> <span class='ocrx_word' id='word_1_181' title='bbox 318 1407 488 1444; x_wconf 84' lang='lat' dir='ltr'><strong>lectione</strong></span> <span class='ocrx_word' id='word_1_182' title='bbox 510 1405 710 1445; x_wconf 88' lang='lat' dir='ltr'><strong>commodi</strong></span> <span class='ocrx_word' id='word_1_183' title='bbox 729 1403 882 1457; x_wconf 88' lang='lat' dir='ltr'><strong>aliquid</strong></span> <span class='ocrx_word' id='word_1_184' title='bbox 899 1417 1038 1442; x_wconf 85' lang='lat' dir='ltr'><strong>sensus</strong></span> <span class='ocrx_word' id='word_1_185' title='bbox 1057 1409 1271 1441; x_wconf 82' lang='lat' dir='ltr'><strong>erueretur.</strong></span> <span class='ocrx_word' id='word_1_186' title='bbox 1330 1414 1421 1439; x_wconf 92' lang='lat' dir='ltr'><strong>cum</strong></span> <span class='ocrx_word' id='word_1_187' title='bbox 1442 1401 1608 1439; x_wconf 86' lang='lat' dir='ltr'><strong>Prasina</strong></span> 
     </span>
     <span class='ocr_line' id='line_1_23' title="bbox 151 1459 1608 1514; baseline -0.006 -11"><span class='ocrx_word' id='word_1_188' title='bbox 151 1466 271 1503; x_wconf 85' lang='lat' dir='ltr'><strong>factio</strong></span> <span class='ocrx_word' id='word_1_189' title='bbox 297 1464 526 1502; x_wconf 89' lang='lat' dir='ltr'><strong>Heraclium</strong></span> <span class='ocrx_word' id='word_1_190' title='bbox 554 1465 795 1514; x_wconf 79' lang='lat' dir='ltr'><strong>exagitaret,</strong></span> <span class='ocrx_word' id='word_1_191' title='bbox 830 1459 940 1499; x_wconf 85' lang='lat' dir='ltr'><strong>haud</strong></span> <span class='ocrx_word' id='word_1_192' title='bbox 967 1459 1132 1498; x_wconf 86' lang='lat' dir='ltr'><strong>dubium</strong></span> <span class='ocrx_word' id='word_1_193' title='bbox 1159 1460 1256 1512; x_wconf 90' lang='lat' dir='ltr'><strong>quin</strong></span> <span class='ocrx_word' id='word_1_194' title='bbox 1282 1459 1432 1497; x_wconf 86' lang='lat' dir='ltr'><strong>Veneta</strong></span> <span class='ocrx_word' id='word_1_195' title='bbox 1457 1470 1530 1509; x_wconf 91' lang='lat' dir='ltr'><strong>pro</strong></span> <span class='ocrx_word' id='word_1_196' title='bbox 1560 1470 1608 1494; x_wconf 90' lang='lat' dir='ltr'><strong>eo</strong></span> 
     </span>
     <span class='ocr_line' id='line_1_24' title="bbox 153 1516 1274 1575; baseline -0.004 -15"><span class='ocrx_word' id='word_1_197' title='bbox 153 1521 318 1560; x_wconf 82' lang='lat' dir='ltr'><strong>steterit.</strong></span> <span class='ocrx_word' id='word_1_198' title='bbox 374 1522 497 1572; x_wconf 85' lang='lat' dir='ltr'><strong>igitur</strong></span> <span class='ocrx_word' id='word_1_199' title='bbox 517 1519 583 1561; x_wconf 77' lang='grc' dir='ltr'><strong>ἐπὶ</strong></span> <span class='ocrx_word' id='word_1_200' title='bbox 601 1517 726 1575; x_wconf 74' lang='grc' dir='ltr'><strong><em>ταύτῃ</em></strong></span> <span class='ocrx_word' id='word_1_201' title='bbox 747 1532 846 1557; x_wconf 87' lang='lat' dir='ltr'><strong>corr.</strong></span> <span class='ocrx_word' id='word_1_202' title='bbox 863 1518 1040 1556; x_wconf 77' lang='lat' dir='ltr'><strong>fortassis</strong></span> <span class='ocrx_word' id='word_1_203' title='bbox 1059 1516 1102 1558; x_wconf 82' lang='grc' dir='ltr'><strong>οἱ</strong></span> <span class='ocrx_word' id='word_1_204' title='bbox 1112 1516 1274 1557; x_wconf 80' lang='grc' dir='ltr'><strong><em>Ἑνετοί.</em></strong></span> 
     </span>
    </p>

    <p class='ocr_par' dir='ltr' id='par_1_10' title="bbox 153 1569 1612 1788">
     <span class='ocr_line' id='line_1_25' title="bbox 265 1569 1609 1629; baseline -0.01 -10"><span class='ocrx_word' id='word_1_205' title='bbox 265 1591 308 1629; x_wconf 87' lang='lat' dir='ltr'><strong>p·</strong></span> <span class='ocrx_word' id='word_1_206' title='bbox 330 1579 382 1618; x_wconf 88' lang='lat'><strong>17</strong></span> <span class='ocrx_word' id='word_1_207' title='bbox 400 1590 438 1614; x_wconf 79' lang='lat' dir='ltr'><strong>v·</strong></span> <span class='ocrx_word' id='word_1_208' title='bbox 456 1576 498 1617; x_wconf 87' lang='lat'><strong>5·</strong></span> <span class='ocrx_word' id='word_1_209' title='bbox 555 1572 887 1629; x_wconf 78' lang='grc' dir='ltr'><strong><em>ὃιεπιπρᾶσκοντο</em></strong></span> <span class='ocrx_word' id='word_1_210' title='bbox 908 1571 958 1614; x_wconf 69' lang='grc' dir='ltr'><strong>τὰ</strong></span> <span class='ocrx_word' id='word_1_211' title='bbox 977 1577 1058 1614; x_wconf 74' lang='grc' dir='ltr'><strong><em>ταῖν</em></strong></span> <span class='ocrx_word' id='word_1_212' title='bbox 1076 1573 1318 1624; x_wconf 75' lang='grc' dir='ltr'><strong><em>ἐκκλησιῶν]</em></strong></span> <span class='ocrx_word' id='word_1_213' title='bbox 1347 1577 1392 1608; x_wconf 92' lang='lat' dir='ltr'><strong>ut</strong></span> <span class='ocrx_word' id='word_1_214' title='bbox 1412 1569 1609 1608; x_wconf 80' lang='lat' dir='ltr'><strong>Avaribus</strong></span> 
     </span>
     <span class='ocr_line' id='line_1_26' title="bbox 153 1626 1610 1684; baseline -0.006 -13"><span class='ocrx_word' id='word_1_215' title='bbox 153 1634 301 1671; x_wconf 83' lang='lat' dir='ltr'><strong>tributa</strong></span> <span class='ocrx_word' id='word_1_216' title='bbox 327 1631 607 1684; x_wconf 84' lang='lat' dir='ltr'><strong>penderentur.</strong></span> <span class='ocrx_word' id='word_1_217' title='bbox 662 1645 758 1669; x_wconf 87' lang='lat' dir='ltr'><strong>nam</strong></span> <span class='ocrx_word' id='word_1_218' title='bbox 779 1632 912 1668; x_wconf 83' lang='lat' dir='ltr'><strong>missis</strong></span> <span class='ocrx_word' id='word_1_219' title='bbox 934 1629 987 1667; x_wconf 82' lang='lat' dir='ltr'><strong>ad</strong></span> <span class='ocrx_word' id='word_1_220' title='bbox 1009 1629 1235 1680; x_wconf 86' lang='lat' dir='ltr'><strong>chaganum</strong></span> <span class='ocrx_word' id='word_1_221' title='bbox 1258 1629 1401 1678; x_wconf 86' lang='lat' dir='ltr'><strong>legatis</strong></span> <span class='ocrx_word' id='word_1_222' title='bbox 1421 1640 1513 1664; x_wconf 90' lang='lat' dir='ltr'><strong>eum</strong></span> <span class='ocrx_word' id='word_1_223' title='bbox 1534 1626 1610 1663; x_wconf 81' lang='lat' dir='ltr'><strong>sibi</strong></span> 
     </span>
     <span class='ocr_line' id='line_1_27' title="bbox 155 1682 1612 1739; baseline -0.004 -11"><span class='ocrx_word' id='word_1_224' title='bbox 155 1690 435 1728; x_wconf 84' lang='lat' dir='ltr'><strong>reconciliavit.</strong></span> <span class='ocrx_word' id='word_1_225' title='bbox 492 1687 562 1727; x_wconf 78' lang='grc' dir='ltr'><strong><em>καὶ</em></strong></span> <span class='ocrx_word' id='word_1_226' title='bbox 589 1685 864 1739; x_wconf 72' lang='grc' dir='ltr'><strong><em>στοιχήσαντες</em></strong></span> <span class='ocrx_word' id='word_1_227' title='bbox 888 1682 1020 1725; x_wconf 64' lang='lat' dir='ltr'><strong>mina</strong></span> <span class='ocrx_word' id='word_1_228' title='bbox 1035 1684 1290 1738; x_wconf 68' lang='grc' dir='ltr'><strong><em>ὑπέστρεψαν</em></strong></span> <span class='ocrx_word' id='word_1_229' title='bbox 1309 1683 1352 1724; x_wconf 82' lang='grc' dir='ltr'><strong>οἰ</strong></span> <span class='ocrx_word' id='word_1_230' title='bbox 1367 1682 1551 1735; x_wconf 81' lang='grc' dir='ltr'><strong><em>πρέσβεις</em></strong></span> <span class='ocrx_word' id='word_1_231' title='bbox 1568 1682 1612 1723; x_wconf 77' lang='grc' dir='ltr'><strong>ἐν</strong></span> 
     </span>
     <span class='ocr_line' id='line_1_28' title="bbox 155 1742 311 1788; baseline -0.032 -1"><span class='ocrx_word' id='word_1_232' title='bbox 155 1747 191 1788; x_wconf 86' lang='grc' dir='ltr'><strong>εἶ</strong></span> <span class='ocrx_word' id='word_1_233' title='bbox 232 1742 269 1785; x_wconf 85' lang='grc' dir='ltr'><strong>’ν</strong></span> <span class='ocrx_word' id='word_1_234' title='bbox 299 1771 311 1782; x_wconf 89' lang='grc'><strong>.</strong></span> 
     </span>
    </p>

    <p class='ocr_par' dir='ltr' id='par_1_11' title="bbox 155 1760 1734 2871">
     <span class='ocr_line' id='line_1_29' title="bbox 192 1760 1613 1849; baseline -0.006 -11"><span class='ocrx_word' id='word_1_235' title='bbox 192 1762 242 1798; x_wconf 53' lang='lat' dir='ltr'><strong>en</strong></span> <span class='ocrx_word' id='word_1_236' title='bbox 267 1760 323 1838; x_wconf 58' lang='grc' dir='ltr'><strong>ιῃό.</strong></span> <span class='ocrx_word' id='word_1_237' title='bbox 346 1813 385 1837; x_wconf 82' lang='lat' dir='ltr'><strong>v.</strong></span> <span class='ocrx_word' id='word_1_238' title='bbox 405 1801 444 1840; x_wconf 88' lang='lat'><strong>8.</strong></span> <span class='ocrx_word' id='word_1_239' title='bbox 504 1793 628 1846; x_wconf 78' lang='grc' dir='ltr'><strong><em>αὖθις</em></strong></span> <span class='ocrx_word' id='word_1_240' title='bbox 657 1793 732 1838; x_wconf 78' lang='grc' dir='ltr'><strong>οὖν</strong></span> <span class='ocrx_word' id='word_1_241' title='bbox 759 1792 1051 1849; x_wconf 80' lang='grc' dir='ltr'><strong><em>ἐπιστρατεύει]</em></strong></span> <span class='ocrx_word' id='word_1_242' title='bbox 1078 1794 1434 1834; x_wconf 83' lang='lat' dir='ltr'><strong>metachronismus</strong></span> <span class='ocrx_word' id='word_1_243' title='bbox 1458 1801 1515 1832; x_wconf 90' lang='lat' dir='ltr'><strong>est</strong></span> <span class='ocrx_word' id='word_1_244' title='bbox 1540 1807 1613 1831; x_wconf 87' lang='lat' dir='ltr'><strong>an-</strong></span> 
     </span>
     <span class='ocr_line' id='line_1_30' title="bbox 155 1852 1613 1906; baseline -0.006 -10"><span class='ocrx_word' id='word_1_245' title='bbox 155 1871 299 1896; x_wconf 85' lang='lat' dir='ltr'><strong>norum</strong></span> <span class='ocrx_word' id='word_1_246' title='bbox 316 1855 357 1897; x_wconf 85' lang='lat'><strong>5.</strong></span> <span class='ocrx_word' id='word_1_247' title='bbox 377 1854 577 1893; x_wconf 84' lang='lat' dir='ltr'><strong>Cedrenus</strong></span> <span class='ocrx_word' id='word_1_248' title='bbox 595 1867 640 1892; x_wconf 90' lang='lat' dir='ltr'><strong>ac</strong></span> <span class='ocrx_word' id='word_1_249' title='bbox 657 1853 927 1906; x_wconf 82' lang='lat' dir='ltr'><strong>Theophanes</strong></span> <span class='ocrx_word' id='word_1_250' title='bbox 947 1866 983 1891; x_wconf 89' lang='lat' dir='ltr'><strong>a.</strong></span> <span class='ocrx_word' id='word_1_251' title='bbox 995 1855 1020 1896; x_wconf 92' lang='lat'>5</span> <span class='ocrx_word' id='word_1_252' title='bbox 1038 1854 1212 1890; x_wconf 84' lang='lat' dir='ltr'><strong>Heraclii</strong></span> <span class='ocrx_word' id='word_1_253' title='bbox 1231 1852 1613 1903; x_wconf 83' lang='lat' dir='ltr'><strong>Hierosolymitauae</strong></span> 
     </span>
     <span class='ocr_line' id='line_1_31' title="bbox 156 1905 1734 1959; baseline -0.007 -6"><span class='ocrx_word' id='word_1_254' title='bbox 156 1915 265 1953; x_wconf 87' lang='lat' dir='ltr'><strong>urbis</strong></span> <span class='ocrx_word' id='word_1_255' title='bbox 292 1909 441 1953; x_wconf 71' lang='grc' dir='ltr'><strong><em>Εἵλωσιν</em></strong></span> <span class='ocrx_word' id='word_1_256' title='bbox 468 1912 663 1959; x_wconf 87' lang='lat' dir='ltr'><strong>referunt,</strong></span> <span class='ocrx_word' id='word_1_257' title='bbox 692 1910 834 1949; x_wconf 89' lang='lat' dir='ltr'><strong>Indict.</strong></span> <span class='ocrx_word' id='word_1_258' title='bbox 862 1913 902 1951; x_wconf 81' lang='lat'><strong>3.</strong></span> <span class='ocrx_word' id='word_1_259' title='bbox 962 1917 1020 1947; x_wconf 92' lang='lat' dir='ltr'><strong>est</strong></span> <span class='ocrx_word' id='word_1_260' title='bbox 1040 1908 1107 1947; x_wconf 89' lang='lat' dir='ltr'><strong>hic</strong></span> <span class='ocrx_word' id='word_1_261' title='bbox 1126 1923 1161 1947; x_wconf 84' lang='lat' dir='ltr'><strong>a.</strong></span> <span class='ocrx_word' id='word_1_262' title='bbox 1182 1910 1226 1947; x_wconf 85' lang='lat' dir='ltr'><strong>C.</strong></span> <span class='ocrx_word' id='word_1_263' title='bbox 1247 1908 1344 1949; x_wconf 84' lang='lat'><strong>615.</strong></span> <span class='ocrx_word' id='word_1_264' title='bbox 1403 1914 1443 1944; x_wconf 90' lang='lat' dir='ltr'><strong>at</strong></span> <span class='ocrx_word' id='word_1_265' title='bbox 1464 1905 1610 1945; x_wconf 85' lang='lat' dir='ltr'><strong>Chron.</strong></span> <span class='ocrx_word' id='word_1_266' title='bbox 1634 1908 1663 1942; x_wconf 95' lang='lat' dir='ltr'>P</span> <span class='ocrx_word' id='word_1_267' title='bbox 1688 1908 1734 1942; x_wconf 87' lang='grc'><strong>66</strong></span> 
     </span>
     <span class='ocr_line' id='line_1_32' title="bbox 156 1963 1617 2017; baseline -0.005 -8"><span class='ocrx_word' id='word_1_268' title='bbox 156 1972 276 2010; x_wconf 84' lang='lat' dir='ltr'><strong>Alex.</strong></span> <span class='ocrx_word' id='word_1_269' title='bbox 298 1968 439 2007; x_wconf 88' lang='lat' dir='ltr'><strong>Indict.</strong></span> <span class='ocrx_word' id='word_1_270' title='bbox 458 1971 506 2017; x_wconf 82' lang='lat'><strong>2,</strong></span> <span class='ocrx_word' id='word_1_271' title='bbox 536 1968 710 2006; x_wconf 81' lang='lat' dir='ltr'><strong>Heraclii</strong></span> <span class='ocrx_word' id='word_1_272' title='bbox 728 1967 774 2015; x_wconf 85' lang='lat'><strong>4,</strong></span> <span class='ocrx_word' id='word_1_273' title='bbox 804 1966 880 2004; x_wconf 91' lang='lat' dir='ltr'><strong>hoc</strong></span> <span class='ocrx_word' id='word_1_274' title='bbox 899 1973 957 2004; x_wconf 83' lang='lat' dir='ltr'><strong>est</strong></span> <span class='ocrx_word' id='word_1_275' title='bbox 977 1965 1123 2004; x_wconf 81' lang='lat' dir='ltr'><strong>Christi</strong></span> <span class='ocrx_word' id='word_1_276' title='bbox 1140 1965 1236 2007; x_wconf 86' lang='lat'><strong>614.</strong></span> <span class='ocrx_word' id='word_1_277' title='bbox 1294 1972 1333 2002; x_wconf 91' lang='lat' dir='ltr'><strong>et</strong></span> <span class='ocrx_word' id='word_1_278' title='bbox 1350 1963 1617 2002; x_wconf 86' lang='lat' dir='ltr'><strong>characterem</strong></span> 
     </span>
     <span class='ocr_line' id='line_1_33' title="bbox 159 2021 1614 2076; baseline -0.006 -10"><span class='ocrx_word' id='word_1_279' title='bbox 159 2029 254 2066; x_wconf 86' lang='lat' dir='ltr'><strong>anni</strong></span> <span class='ocrx_word' id='word_1_280' title='bbox 273 2025 393 2064; x_wconf 88' lang='lat' dir='ltr'><strong>huius</strong></span> <span class='ocrx_word' id='word_1_281' title='bbox 414 2024 536 2074; x_wconf 88' lang='lat' dir='ltr'><strong>addit,</strong></span> <span class='ocrx_word' id='word_1_282' title='bbox 565 2038 709 2076; x_wconf 84' lang='lat' dir='ltr'><strong>nempe</strong></span> <span class='ocrx_word' id='word_1_283' title='bbox 730 2024 785 2065; x_wconf 84' lang='lat'><strong>28</strong></span> <span class='ocrx_word' id='word_1_284' title='bbox 808 2023 872 2061; x_wconf 87' lang='lat' dir='ltr'><strong>die</strong></span> <span class='ocrx_word' id='word_1_285' title='bbox 891 2025 1039 2061; x_wconf 88' lang='lat' dir='ltr'><strong>mensis</strong></span> <span class='ocrx_word' id='word_1_286' title='bbox 1058 2023 1235 2061; x_wconf 84' lang='lat' dir='ltr'><strong>Octobris</strong></span> <span class='ocrx_word' id='word_1_287' title='bbox 1254 2022 1462 2060; x_wconf 81' lang='lat' dir='ltr'><strong>sabbatum</strong></span> <span class='ocrx_word' id='word_1_288' title='bbox 1477 2021 1614 2068; x_wconf 82' lang='lat' dir='ltr'><strong>fuisse,</strong></span> 
     </span>
     <span class='ocr_line' id='line_1_34' title="bbox 160 2078 1616 2137; baseline -0.005 -15"><span class='ocrx_word' id='word_1_289' title='bbox 160 2097 240 2137; x_wconf 91' lang='lat' dir='ltr'><strong>quo</strong></span> <span class='ocrx_word' id='word_1_290' title='bbox 260 2095 370 2122; x_wconf 86' lang='lat' dir='ltr'><strong>sacra</strong></span> <span class='ocrx_word' id='word_1_291' title='bbox 390 2082 528 2119; x_wconf 86' lang='lat' dir='ltr'><strong>lancea</strong></span> <span class='ocrx_word' id='word_1_292' title='bbox 547 2081 835 2132; x_wconf 87' lang='lat' dir='ltr'><strong>Hierosolymis</strong></span> <span class='ocrx_word' id='word_1_293' title='bbox 853 2080 971 2118; x_wconf 84' lang='lat' dir='ltr'><strong>allata</strong></span> <span class='ocrx_word' id='word_1_294' title='bbox 993 2087 1066 2117; x_wconf 85' lang='lat' dir='ltr'><strong>est.</strong></span> <span class='ocrx_word' id='word_1_295' title='bbox 1105 2081 1187 2117; x_wconf 90' lang='lat' dir='ltr'><strong>iam</strong></span> <span class='ocrx_word' id='word_1_296' title='bbox 1203 2092 1297 2116; x_wconf 85' lang='lat' dir='ltr'><strong>vero</strong></span> <span class='ocrx_word' id='word_1_297' title='bbox 1315 2085 1358 2116; x_wconf 91' lang='lat' dir='ltr'><strong>ut</strong></span> <span class='ocrx_word' id='word_1_298' title='bbox 1376 2078 1552 2116; x_wconf 84' lang='lat' dir='ltr'><strong>Octobris</strong></span> <span class='ocrx_word' id='word_1_299' title='bbox 1562 2079 1616 2118; x_wconf 83' lang='lat'><strong>28</strong></span> 
     </span>
     <span class='ocr_line' id='line_1_35' title="bbox 160 2133 1614 2188; baseline -0.004 -9"><span class='ocrx_word' id='word_1_300' title='bbox 160 2140 369 2180; x_wconf 82' lang='lat' dir='ltr'><strong>sabbatum</strong></span> <span class='ocrx_word' id='word_1_301' title='bbox 385 2140 449 2188; x_wconf 89' lang='lat' dir='ltr'><strong>sit,</strong></span> <span class='ocrx_word' id='word_1_302' title='bbox 479 2151 606 2177; x_wconf 89' lang='lat' dir='ltr'><strong>annus</strong></span> <span class='ocrx_word' id='word_1_303' title='bbox 625 2151 710 2176; x_wconf 88' lang='lat' dir='ltr'><strong>esse</strong></span> <span class='ocrx_word' id='word_1_304' title='bbox 728 2137 865 2175; x_wconf 87' lang='lat' dir='ltr'><strong>debuit</strong></span> <span class='ocrx_word' id='word_1_305' title='bbox 887 2135 1031 2174; x_wconf 88' lang='lat' dir='ltr'><strong>Christi</strong></span> <span class='ocrx_word' id='word_1_306' title='bbox 1049 2137 1144 2184; x_wconf 90' lang='grc'><strong>612,</strong></span> <span class='ocrx_word' id='word_1_307' title='bbox 1171 2134 1311 2173; x_wconf 88' lang='lat' dir='ltr'><strong>Indict.</strong></span> <span class='ocrx_word' id='word_1_308' title='bbox 1326 2136 1363 2182; x_wconf 91' lang='lat'><strong>1,</strong></span> <span class='ocrx_word' id='word_1_309' title='bbox 1393 2133 1614 2182; x_wconf 63' lang='lat' dir='ltr'><strong>Heraclii-⁵3,</strong></span> 
     </span>
     <span class='ocr_line' id='line_1_36' title="bbox 162 2191 1616 2249; baseline -0.005 -15"><span class='ocrx_word' id='word_1_310' title='bbox 162 2197 274 2249; x_wconf 87' lang='lat' dir='ltr'><strong>cyclo</strong></span> <span class='ocrx_word' id='word_1_311' title='bbox 292 2197 387 2234; x_wconf 87' lang='lat' dir='ltr'><strong>solis</strong></span> <span class='ocrx_word' id='word_1_312' title='bbox 405 2196 452 2243; x_wconf 84' lang='lat'><strong>5,</strong></span> <span class='ocrx_word' id='word_1_313' title='bbox 482 2195 543 2233; x_wconf 85' lang='lat' dir='ltr'><strong>lit.</strong></span> <span class='ocrx_word' id='word_1_314' title='bbox 566 2194 674 2234; x_wconf 86' lang='lat' dir='ltr'><strong>dom.</strong></span> <span class='ocrx_word' id='word_1_315' title='bbox 697 2196 754 2242; x_wconf 83' lang='lat' dir='ltr'><strong>A,</strong></span> <span class='ocrx_word' id='word_1_316' title='bbox 785 2201 853 2231; x_wconf 88' lang='lat' dir='ltr'><strong>aut</strong></span> <span class='ocrx_word' id='word_1_317' title='bbox 874 2201 976 2231; x_wconf 89' lang='lat' dir='ltr'><strong>certe</strong></span> <span class='ocrx_word' id='word_1_318' title='bbox 996 2206 1098 2230; x_wconf 87' lang='lat' dir='ltr'><strong>anno</strong></span> <span class='ocrx_word' id='word_1_319' title='bbox 1118 2192 1199 2234; x_wconf 86' lang='lat'><strong>618</strong></span> <span class='ocrx_word' id='word_1_320' title='bbox 1212 2221 1222 2240; x_wconf 95' lang='lat'><strong>,</strong></span> <span class='ocrx_word' id='word_1_321' title='bbox 1257 2191 1398 2228; x_wconf 88' lang='lat' dir='ltr'><strong>Indict.</strong></span> <span class='ocrx_word' id='word_1_322' title='bbox 1415 2195 1462 2238; x_wconf 90' lang='grc'><strong>7,</strong></span> <span class='ocrx_word' id='word_1_323' title='bbox 1490 2193 1616 2228; x_wconf 84' lang='lat' dir='ltr'><strong>Hera-</strong></span> 
     </span>
     <span class='ocr_line' id='line_1_37' title="bbox 163 2246 1620 2303; baseline -0.005 -12"><span class='ocrx_word' id='word_1_324' title='bbox 163 2254 231 2291; x_wconf 91' lang='lat' dir='ltr'><strong>clii</strong></span> <span class='ocrx_word' id='word_1_325' title='bbox 249 2255 296 2302; x_wconf 88' lang='lat'><strong>9,</strong></span> <span class='ocrx_word' id='word_1_326' title='bbox 326 2251 436 2303; x_wconf 90' lang='lat' dir='ltr'><strong>cyclo</strong></span> <span class='ocrx_word' id='word_1_327' title='bbox 456 2252 551 2290; x_wconf 74' lang='lat' dir='ltr'><strong>solis</strong></span> <span class='ocrx_word' id='word_1_328' title='bbox 574 2255 647 2300; x_wconf 83' lang='grc'><strong>11,</strong></span> <span class='ocrx_word' id='word_1_329' title='bbox 676 2258 861 2289; x_wconf 87' lang='lat' dir='ltr'><strong>neutrum</strong></span> <span class='ocrx_word' id='word_1_330' title='bbox 884 2249 971 2288; x_wconf 88' lang='lat' dir='ltr'><strong>Iud.</strong></span> <span class='ocrx_word' id='word_1_331' title='bbox 994 2251 1035 2290; x_wconf 92' lang='grc'><strong>2.</strong></span> <span class='ocrx_word' id='word_1_332' title='bbox 1094 2260 1216 2301; x_wconf 87' lang='lat' dir='ltr'><strong>quare</strong></span> <span class='ocrx_word' id='word_1_333' title='bbox 1237 2246 1430 2285; x_wconf 88' lang='lat' dir='ltr'><strong>mendum</strong></span> <span class='ocrx_word' id='word_1_334' title='bbox 1450 2247 1538 2284; x_wconf 92' lang='lat' dir='ltr'><strong>loco</strong></span> <span class='ocrx_word' id='word_1_335' title='bbox 1560 2253 1620 2284; x_wconf 88' lang='lat' dir='ltr'><strong>est</strong></span> 
     </span>
     <span class='ocr_line' id='line_1_38' title="bbox 162 2302 1619 2360; baseline -0.005 -12"><span class='ocrx_word' id='word_1_336' title='bbox 162 2310 250 2348; x_wconf 89' lang='lat' dir='ltr'><strong>illo.</strong></span> <span class='ocrx_word' id='word_1_337' title='bbox 306 2309 535 2346; x_wconf 88' lang='lat' dir='ltr'><strong>monuimus</strong></span> <span class='ocrx_word' id='word_1_338' title='bbox 564 2315 679 2346; x_wconf 85' lang='lat' dir='ltr'><strong>antea</strong></span> <span class='ocrx_word' id='word_1_339' title='bbox 706 2308 954 2360; x_wconf 80' lang='lat' dir='ltr'><strong>perturbatos</strong></span> <span class='ocrx_word' id='word_1_340' title='bbox 971 2318 1261 2358; x_wconf 88' lang='lat' dir='ltr'><strong>nonnunquam</strong></span> <span class='ocrx_word' id='word_1_341' title='bbox 1279 2318 1324 2342; x_wconf 87' lang='lat' dir='ltr'><strong>ac</strong></span> <span class='ocrx_word' id='word_1_342' title='bbox 1343 2303 1438 2342; x_wconf 88' lang='lat' dir='ltr'><strong>sede</strong></span> <span class='ocrx_word' id='word_1_343' title='bbox 1460 2316 1532 2341; x_wconf 88' lang='lat' dir='ltr'><strong>sua</strong></span> <span class='ocrx_word' id='word_1_344' title='bbox 1554 2302 1619 2341; x_wconf 84' lang='lat' dir='ltr'><strong>di-</strong></span> 
     </span>
     <span class='ocr_line' id='line_1_39' title="bbox 162 2359 1618 2405; baseline -0.005 0"><span class='ocrx_word' id='word_1_345' title='bbox 162 2373 293 2405; x_wconf 89' lang='lat' dir='ltr'><strong>motos</strong></span> <span class='ocrx_word' id='word_1_346' title='bbox 335 2377 422 2403; x_wconf 90' lang='lat' dir='ltr'><strong>esse</strong></span> <span class='ocrx_word' id='word_1_347' title='bbox 464 2377 657 2402; x_wconf 85' lang='lat' dir='ltr'><strong>annorum</strong></span> <span class='ocrx_word' id='word_1_348' title='bbox 688 2371 727 2402; x_wconf 90' lang='lat' dir='ltr'><strong>et</strong></span> <span class='ocrx_word' id='word_1_349' title='bbox 757 2363 1027 2402; x_wconf 85' lang='lat' dir='ltr'><strong>Indictionum</strong></span> <span class='ocrx_word' id='word_1_350' title='bbox 1066 2363 1202 2400; x_wconf 85' lang='lat' dir='ltr'><strong>titulos</strong></span> <span class='ocrx_word' id='word_1_351' title='bbox 1230 2364 1274 2399; x_wconf 86' lang='lat' dir='ltr'><strong>in</strong></span> <span class='ocrx_word' id='word_1_352' title='bbox 1304 2362 1375 2399; x_wconf 88' lang='lat' dir='ltr'><strong>illo</strong></span> <span class='ocrx_word' id='word_1_353' title='bbox 1411 2359 1618 2398; x_wconf 82' lang='lat' dir='ltr'><strong>Chronico.</strong></span> 
     </span>
     <span class='ocr_line' id='line_1_40' title="bbox 164 2416 1619 2471; baseline -0.005 -11"><span class='ocrx_word' id='word_1_354' title='bbox 164 2421 275 2460; x_wconf 86' lang='lat' dir='ltr'><strong>idem</strong></span> <span class='ocrx_word' id='word_1_355' title='bbox 291 2428 330 2460; x_wconf 87' lang='lat' dir='ltr'><strong>et</strong></span> <span class='ocrx_word' id='word_1_356' title='bbox 347 2420 442 2459; x_wconf 89' lang='lat' dir='ltr'><strong>huic</strong></span> <span class='ocrx_word' id='word_1_357' title='bbox 460 2421 548 2459; x_wconf 91' lang='lat' dir='ltr'><strong>loco</strong></span> <span class='ocrx_word' id='word_1_358' title='bbox 570 2422 778 2471; x_wconf 85' lang='lat' dir='ltr'><strong>contigisse</strong></span> <span class='ocrx_word' id='word_1_359' title='bbox 791 2434 953 2459; x_wconf 86' lang='lat' dir='ltr'><strong>necesse</strong></span> <span class='ocrx_word' id='word_1_360' title='bbox 972 2427 1043 2458; x_wconf 88' lang='lat' dir='ltr'><strong>est.</strong></span> <span class='ocrx_word' id='word_1_361' title='bbox 1100 2421 1234 2470; x_wconf 85' lang='lat' dir='ltr'><strong>itaque</strong></span> <span class='ocrx_word' id='word_1_362' title='bbox 1251 2419 1307 2456; x_wconf 89' lang='lat' dir='ltr'><strong>sic</strong></span> <span class='ocrx_word' id='word_1_363' title='bbox 1324 2416 1619 2455; x_wconf 89' lang='lat' dir='ltr'><strong>rescribendum</strong></span> 
     </span>
     <span class='ocr_line' id='line_1_41' title="bbox 166 2469 1617 2530; baseline -0.003 -13"><span class='ocrx_word' id='word_1_364' title='bbox 166 2491 307 2517; x_wconf 89' lang='lat' dir='ltr'><strong>censeo</strong></span> <span class='ocrx_word' id='word_1_365' title='bbox 334 2491 376 2530; x_wconf 89' lang='lat' dir='ltr'><strong>p.</strong></span> <span class='ocrx_word' id='word_1_366' title='bbox 401 2477 506 2518; x_wconf 88' lang='lat'>880:</span> <span class='ocrx_word' id='word_1_367' title='bbox 534 2472 619 2518; x_wconf 84' lang='grc' dir='ltr'><em>Ἰνδ.</em></span> <span class='ocrx_word' id='word_1_368' title='bbox 639 2473 675 2529; x_wconf 72' lang='grc' dir='ltr'><strong>β’</strong></span> <span class='ocrx_word' id='word_1_369' title='bbox 705 2473 757 2527; x_wconf 76' lang='grc' dir='ltr'><strong>δ’,</strong></span> <span class='ocrx_word' id='word_1_370' title='bbox 789 2475 884 2529; x_wconf 79' lang='grc' dir='ltr'><strong><em>μετοὶ</em></strong></span> <span class='ocrx_word' id='word_1_371' title='bbox 905 2475 976 2517; x_wconf 72' lang='grc' dir='ltr'><strong>ὖπ.</strong></span> <span class='ocrx_word' id='word_1_372' title='bbox 997 2475 1226 2527; x_wconf 79' lang='grc' dir='ltr'><strong><em>Ἡρακλείου</em></strong></span> <span class='ocrx_word' id='word_1_373' title='bbox 1247 2469 1486 2527; x_wconf 68' lang='grc' dir='ltr'><strong><em>Αὐγούστου</em></strong></span> <span class='ocrx_word' id='word_1_374' title='bbox 1506 2469 1551 2514; x_wconf 73' lang='grc' dir='ltr'><strong>τό</strong></span> <span class='ocrx_word' id='word_1_375' title='bbox 1570 2470 1617 2527; x_wconf 80' lang='grc' dir='ltr'><strong>γ’.</strong></span> 
     </span>
     <span class='ocr_line' id='line_1_42' title="bbox 166 2529 1620 2586; baseline -0.005 -10"><span class='ocrx_word' id='word_1_376' title='bbox 166 2535 235 2576; x_wconf 75' lang='grc' dir='ltr'><strong><em>καὶ</em></strong></span> <span class='ocrx_word' id='word_1_377' title='bbox 267 2531 348 2576; x_wconf 80' lang='grc' dir='ltr'><strong><em>οἷπὸ</em></strong></span> <span class='ocrx_word' id='word_1_378' title='bbox 375 2530 437 2586; x_wconf 74' lang='grc' dir='ltr'><strong>κβ’</strong></span> <span class='ocrx_word' id='word_1_379' title='bbox 466 2536 540 2574; x_wconf 84' lang='grc' dir='ltr'><strong>τοῦ</strong></span> <span class='ocrx_word' id='word_1_380' title='bbox 564 2529 809 2585; x_wconf 76' lang='grc' dir='ltr'><strong><em>Ἰανουαρίου</em></strong></span> <span class='ocrx_word' id='word_1_381' title='bbox 827 2530 948 2585; x_wconf 77' lang='grc' dir='ltr'><strong><em>μηνὸς</em></strong></span> <span class='ocrx_word' id='word_1_382' title='bbox 963 2530 1155 2586; x_wconf 66' lang='grc' dir='ltr'><strong><em>γράφεται</em></strong></span> <span class='ocrx_word' id='word_1_383' title='bbox 1174 2532 1373 2583; x_wconf 82' lang='grc' dir='ltr'><strong><em>βασιλείας</em></strong></span> <span class='ocrx_word' id='word_1_384' title='bbox 1387 2529 1620 2583; x_wconf 79' lang='grc' dir='ltr'><strong><em>Ἡρακλείου</em></strong></span> 
     </span>
     <span class='ocr_line' id='line_1_43' title="bbox 171 2582 1623 2643; baseline -0.005 -11"><span class='ocrx_word' id='word_1_385' title='bbox 171 2591 264 2632; x_wconf 81' lang='grc' dir='ltr'><strong><em>νέου</em></strong></span> <span class='ocrx_word' id='word_1_386' title='bbox 284 2591 590 2631; x_wconf 84' lang='grc' dir='ltr'><strong><em>Κωνσταντίνου</em></strong></span> <span class='ocrx_word' id='word_1_387' title='bbox 617 2589 730 2636; x_wconf 77' lang='grc' dir='ltr'><strong><em>ἔτους</em></strong></span> <span class='ocrx_word' id='word_1_388' title='bbox 750 2586 798 2642; x_wconf 73' lang='grc' dir='ltr'><strong>β’.</strong></span> <span class='ocrx_word' id='word_1_389' title='bbox 852 2586 938 2630; x_wconf 54' lang='lat' dir='ltr'><strong>’Ira</strong></span> <span class='ocrx_word' id='word_1_390' title='bbox 957 2587 992 2643; x_wconf 75' lang='grc' dir='ltr'><strong>γ’</strong></span> <span class='ocrx_word' id='word_1_391' title='bbox 1012 2585 1054 2637; x_wconf 84' lang='grc' dir='ltr'><strong><em>ε’,</em></strong></span> <span class='ocrx_word' id='word_1_392' title='bbox 1084 2584 1179 2640; x_wconf 73' lang='grc' dir='ltr'><strong><em>μετὰ</em></strong></span> <span class='ocrx_word' id='word_1_393' title='bbox 1200 2586 1268 2627; x_wconf 68' lang='grc' dir='ltr'><strong>ὑπ.</strong></span> <span class='ocrx_word' id='word_1_394' title='bbox 1284 2582 1517 2640; x_wconf 76' lang='grc' dir='ltr'><strong><em>Ἡρακλείου</em></strong></span> <span class='ocrx_word' id='word_1_395' title='bbox 1545 2582 1623 2625; x_wconf 81' lang='lat' dir='ltr'><em>Av’-</em></span> 
     </span>
     <span class='ocr_line' id='line_1_44' title="bbox 168 2639 1619 2701; baseline -0.004 -13"><span class='ocrx_word' id='word_1_396' title='bbox 168 2643 340 2700; x_wconf 76' lang='grc' dir='ltr'><strong><em>γούστου</em></strong></span> <span class='ocrx_word' id='word_1_397' title='bbox 357 2643 400 2687; x_wconf 82' lang='grc' dir='ltr'>τὸ</span> <span class='ocrx_word' id='word_1_398' title='bbox 423 2643 457 2686; x_wconf 83' lang='grc' dir='ltr'><strong>δ’</strong></span> <span class='ocrx_word' id='word_1_399' title='bbox 479 2654 552 2684; x_wconf 87' lang='lat' dir='ltr'><strong>etc.</strong></span> <span class='ocrx_word' id='word_1_400' title='bbox 593 2658 793 2699; x_wconf 83' lang='lat' dir='ltr'><strong>moxque:</strong></span> <span class='ocrx_word' id='word_1_401' title='bbox 822 2642 950 2701; x_wconf 75' lang='grc' dir='ltr'><strong><em>τούτῳ</em></strong></span> <span class='ocrx_word' id='word_1_402' title='bbox 963 2648 1020 2700; x_wconf 79' lang='grc' dir='ltr'><strong>τῷ</strong></span> <span class='ocrx_word' id='word_1_403' title='bbox 1036 2645 1110 2685; x_wconf 75' lang='grc' dir='ltr'><strong><em>ἔτει</em></strong></span> <span class='ocrx_word' id='word_1_404' title='bbox 1128 2643 1218 2695; x_wconf 86' lang='grc' dir='ltr'><strong><em>περὶ</em></strong></span> <span class='ocrx_word' id='word_1_405' title='bbox 1235 2646 1343 2696; x_wconf 84' lang='grc' dir='ltr'><strong><em>μῆνα</em></strong></span> <span class='ocrx_word' id='word_1_406' title='bbox 1358 2639 1524 2683; x_wconf 76' lang='grc' dir='ltr'><strong><em>Ἰοιῖνιον</em></strong></span> <span class='ocrx_word' id='word_1_407' title='bbox 1544 2650 1619 2679; x_wconf 76' lang='lat' dir='ltr'><strong>etc·</strong></span> 
     </span>
     <span class='ocr_line' id='line_1_45' title="bbox 168 2701 1618 2758; baseline -0.005 -17"><span class='ocrx_word' id='word_1_408' title='bbox 168 2716 295 2755; x_wconf 87' lang='lat' dir='ltr'><strong>usque</strong></span> <span class='ocrx_word' id='word_1_409' title='bbox 314 2702 365 2740; x_wconf 85' lang='lat' dir='ltr'><strong>ad</strong></span> <span class='ocrx_word' id='word_1_410' title='bbox 383 2701 482 2740; x_wconf 87' lang='lat' dir='ltr'><strong>haec</strong></span> <span class='ocrx_word' id='word_1_411' title='bbox 498 2703 644 2741; x_wconf 83' lang='lat' dir='ltr'><strong>verba:</strong></span> <span class='ocrx_word' id='word_1_412' title='bbox 670 2702 739 2743; x_wconf 85' lang='grc' dir='ltr'><strong><em>καὶ</em></strong></span> <span class='ocrx_word' id='word_1_413' title='bbox 760 2705 994 2758; x_wconf 80' lang='grc' dir='ltr'><strong><em>παρασκευῇ</em></strong></span> <span class='ocrx_word' id='word_1_414' title='bbox 1010 2703 1223 2754; x_wconf 78' lang='grc' dir='ltr'><strong><em>γυναικῶν.</em></strong></span> <span class='ocrx_word' id='word_1_415' title='bbox 1251 2714 1292 2752; x_wconf 84' lang='grc' dir='ltr'><strong>Ρ.</strong></span> <span class='ocrx_word' id='word_1_416' title='bbox 1312 2701 1408 2742; x_wconf 89' lang='grc'><strong>882.</strong></span> <span class='ocrx_word' id='word_1_417' title='bbox 1466 2710 1618 2737; x_wconf 79' lang='lat' dir='ltr'><strong>rursus:</strong></span> 
     </span>
     <span class='ocr_line' id='line_1_46' title="bbox 166 2753 1620 2813; baseline -0.005 -13"><span class='ocrx_word' id='word_1_418' title='bbox 166 2756 253 2800; x_wconf 84' lang='grc' dir='ltr'><strong>Ἰνδ.</strong></span> <span class='ocrx_word' id='word_1_419' title='bbox 284 2757 319 2799; x_wconf 78' lang='grc' dir='ltr'><strong>δ’</strong></span> <span class='ocrx_word' id='word_1_420' title='bbox 349 2755 393 2808; x_wconf 87' lang='grc' dir='ltr'><strong>ς’,</strong></span> <span class='ocrx_word' id='word_1_421' title='bbox 423 2757 520 2811; x_wconf 81' lang='grc' dir='ltr'><strong><em>μετοὶ</em></strong></span> <span class='ocrx_word' id='word_1_422' title='bbox 546 2759 618 2800; x_wconf 66' lang='lat' dir='ltr'><strong>tin.</strong></span> <span class='ocrx_word' id='word_1_423' title='bbox 643 2758 873 2813; x_wconf 83' lang='grc' dir='ltr'><strong><em>Ἡρακλείου</em></strong></span> <span class='ocrx_word' id='word_1_424' title='bbox 901 2755 1140 2813; x_wconf 71' lang='grc' dir='ltr'><strong><em>Αὐγούστου</em></strong></span> <span class='ocrx_word' id='word_1_425' title='bbox 1161 2754 1205 2797; x_wconf 79' lang='grc' dir='ltr'><strong>τὸ</strong></span> <span class='ocrx_word' id='word_1_426' title='bbox 1224 2753 1264 2797; x_wconf 87' lang='grc' dir='ltr'><strong>ε’.</strong></span> <span class='ocrx_word' id='word_1_427' title='bbox 1321 2753 1449 2811; x_wconf 76' lang='grc' dir='ltr'><strong><em>τούτῳ</em></strong></span> <span class='ocrx_word' id='word_1_428' title='bbox 1470 2757 1526 2809; x_wconf 77' lang='grc' dir='ltr'><strong>τῷ</strong></span> <span class='ocrx_word' id='word_1_429' title='bbox 1547 2755 1620 2793; x_wconf 77' lang='grc' dir='ltr'><strong><em>ἔτει</em></strong></span> 
     </span>
     <span class='ocr_line' id='line_1_47' title="bbox 170 2807 1622 2871; baseline -0.004 -15"><span class='ocrx_word' id='word_1_430' title='bbox 170 2816 237 2856; x_wconf 78' lang='grc' dir='ltr'><strong>ἐπὶ</strong></span> <span class='ocrx_word' id='word_1_431' title='bbox 260 2817 429 2870; x_wconf 77' lang='grc' dir='ltr'><strong><em>Σεργίου</em></strong></span> <span class='ocrx_word' id='word_1_432' title='bbox 448 2812 692 2870; x_wconf 73' lang='grc' dir='ltr'><strong><em>πατριάρχου</em></strong></span> <span class='ocrx_word' id='word_1_433' title='bbox 715 2812 797 2857; x_wconf 66' lang='lat' dir='ltr'><strong>dno*</strong></span> <span class='ocrx_word' id='word_1_434' title='bbox 818 2818 890 2871; x_wconf 82' lang='grc' dir='ltr'><strong>τῆς</strong></span> <span class='ocrx_word' id='word_1_435' title='bbox 911 2812 947 2856; x_wconf 82' lang='grc' dir='ltr'><strong><em>α’</em></strong></span> <span class='ocrx_word' id='word_1_436' title='bbox 969 2811 1191 2867; x_wconf 76' lang='grc' dir='ltr'><strong><em>ἑβδομάδος</em></strong></span> <span class='ocrx_word' id='word_1_437' title='bbox 1210 2816 1292 2854; x_wconf 78' lang='grc' dir='ltr'><strong><em>ταῖν</em></strong></span> <span class='ocrx_word' id='word_1_438' title='bbox 1313 2815 1528 2864; x_wconf 76' lang='grc' dir='ltr'><strong><em>νηστειῶν,</em></strong></span> <span class='ocrx_word' id='word_1_439' title='bbox 1556 2807 1622 2850; x_wconf 86' lang='grc' dir='ltr'><strong>Ἰν-</strong></span> 
     </span>
    </p>
   </div>
  </div>
 </body>
</html>
