1890 3224
294 162 388 209 112
615 164 891 219 QUERCIUS
924 165 985 209 IN
1018 166 1415 212 EXPEDITIONIS

400 276 493 318 366.
552 273 820 326 Theophanes
846 275 943 314 ibid.
971 269 1117 327 κλέψαι
1142 291 1344 332 μεριμνων
1362 275 1429 319 τὸν
1445 275 1639 332 πόλεμον,
1668 279 1738 320 καὶ

288 328 355 373 δια
376 329 515 378 νυκτὸς
535 327 738 385 οὲφεγγους
754 328 910 382 τούτοις
926 335 1176 386 προσβαλεῖν.

400 389 495 429 368.
551 386 661 426 idem
677 387 795 435 ibid„
824 389 982 428 Pisidae
1003 391 1137 428 locum
1161 389 1388 440 affundens,
1418 389 1669 445 πανσελήνου
1693 391 1738 433 δὲ

291 441 413 496 οὔσης
438 446 512 494 τῆς
538 460 685 494 νυκτος
714 441 974 498 ἀπεκρούσθη
995 450 1069 488 τοῦ
1090 445 1326 516 σκέμματος,
1357 446 1426 488 καὶ
1449 463 1524 515 την
1544 447 1641 503 πρὶν
1661 465 1738 489 αυ-

288 503 367 540 ταῖν
394 500 611 569 σεβασμίαν
637 497 772 542 αὐτων
804 502 1026 556 ἐδυσφήμει
1056 499 1251 556 σελήνην·
1279 499 1308 557 ἦ
1339 501 1382 545 δὲ
1415 500 1562 558 σελήνη
1588 504 1738 558 υπέστη

286 553 372 597 κατ’
394 553 523 608 αὐτην
542 573 617 610 την
637 555 763 598 νύκτα
782 558 825 599 ἐκ
845 563 921 601 τοῦ
942 557 1248 614 συμβεβηκότος.

399 615 492 654 871.
551 627 575 652 a
594 615 688 653 solis
705 615 902 670 lunaeque
918 615 1096 667 defectu,
1127 619 1281 670 quoties
1295 615 1340 653 id
1354 616 1440 654 fieri
1457 617 1620 668 contigit
1636 618 1738 655 iuter

287 683 328 708 se
347 671 615 721 pugnantibus
634 673 815 723 populis,
846 681 1003 726 sumpta
1019 674 1142 712 fuisse
1159 672 1253 711 hinc
1271 672 1365 711 inde
1383 687 1407 711 a
1426 673 1591 712 ducibus
1610 687 1738 726 augu-

287 727 345 763 ria
370 727 592 766 luculenter
622 729 853 768 confirmant
879 739 1032 770 veteres
1062 730 1270 779 historiae,
1302 743 1355 768 ex
1382 731 1525 783 quibus
1553 731 1739 782 exempla

287 781 481 821 adducere
511 792 692 823 nostrum
719 799 800 825 non
830 801 915 826 esse
944 795 1141 840 putamus.
1198 786 1275 826 hoc
1296 793 1431 824 tamen
1453 786 1505 825 ad
1524 801 1609 825 rem
1629 786 1740 824 dice-

287 853 400 889 mus,
431 841 541 892 quod
564 841 787 882 Herodotus
812 843 881 882 lib.
902 848 928 886 7
942 859 989 895 p.
1014 844 1096 886 395
1119 845 1263 882 refert:
1294 857 1406 894 cum,
1434 846 1568 882 Xerxe
1594 857 1618 881 a
1644 844 1740 882 Sar-

290 895 404 935 dibus
423 905 548 936 castra
564 907 761 950 movente,
793 902 853 939 sol
871 900 1092 950 defecisset,
1124 901 1256 969 εἴρετο
1266 898 1361 949 τούς
1378 897 1540 954 μάγους,
1569 899 1614 942 το
1631 899 1742 940 θέλει

289 955 531 1005 προφαίνειν
561 953 605 998 τὸ
635 969 795 1008 φασμα·
828 958 870 999 οἷ
900 956 945 998 δὲ
977 958 1130 1009 ε’φασαν
1166 956 1219 1006 ὥς
1243 948 1408 1009 Έλλησι
1438 951 1690 1010 προδεικνυει
1720 954 1742 996 ὁ

288 1008 386 1058 θεός
411 1009 589 1063 ἔκλειψιν
612 1016 692 1054 τῶν
715 1013 888 1064 πολίων,
915 1012 1092 1067 λέγοντες
1115 1010 1232 1066 ἥλιον
1256 1010 1360 1054 εἶναι
1377 1011 1578 1066 Ἑλλήνων
1596 1011 1741 1066 προδέ-

288 1081 420 1119 κτορα,
450 1065 620 1122 σελήνην
639 1067 682 1109 δὲ
700 1069 847 1119 σφέων.
904 1069 1014 1109 111εο0
1030 1083 1190 1121 prorsus
1209 1071 1355 1108 similia
1369 1077 1502 1108 narrat
1519 1072 1564 1117 Q.
1583 1070 1741 1107 Curtius

287 1126 314 1165 7
347 1126 422 1165 10:
453 1136 543 1161 cum
573 1126 678 1160 enim
700 1125 931 1160 Alexander
951 1123 1002 1159 ad
1021 1123 1236 1159 Granicum
1250 1123 1410 1159 vicisset
1428 1123 1615 1173 Darium,
1644 1126 1742 1162 luna

289 1178 446 1217 defecit.
513 1192 585 1216 rex
617 1180 837 1230 Aegyptios
864 1186 973 1216 vates
1002 1192 1048 1216 ea
1078 1177 1127 1215 de
1152 1192 1194 1215 re
1222 1176 1320 1230 quid
1347 1179 1556 1229 sentirent,
1593 1192 1741 1231 expro-

286 1249 393 1273 mere
415 1236 546 1272 iubet:
577 1241 617 1271 at
636 1236 698 1272 illi
720 1235 917 1272 affirmare
940 1235 1063 1273 solem
1089 1235 1350 1280 Graecorum,
1379 1235 1519 1272 lunam
1542 1249 1621 1273 esse
1638 1238 1741 1274 Per—

285 1305 421 1329 sarum
436 1306 448 1328 .·
493 1292 642 1343 quoties
669 1291 744 1329 illa
770 1291 948 1340 deficiat,
981 1293 1142 1330 ruinam
1173 1298 1423 1343 stragemque
1451 1291 1536 1329 illis
1555 1292 1744 1344 gentibus

280 1348 482 1400 portendt}
511 1355 718 1400 veteraque
736 1348 913 1399 exempla
927 1355 1161 1399 percensent
1177 1348 1354 1386 Persidis
1369 1361 1526 1399 regum,
1556 1362 1653 1400 quos
1665 1349 1744 1387 ad-

285 1407 408 1443 versis
428 1404 506 1442 diis
519 1419 728 1457 pugnasse
749 1405 870 1443 lanae
889 1406 1118 1444 ostendisset
1135 1405 1312 1457 desectio.
1375 1418 1466 1442 cum
1489 1406 1611 1456 igitur
1632 1411 1743 1443 tanta

285 1469 389 1501 esset
415 1461 490 1499 hac
507 1463 550 1499 in
574 1476 615 1499 re
632 1464 844 1501 Persarum
862 1464 1002 1515 religio
1024 1469 1063 1500 et
1084 1462 1312 1500 confirmata
1336 1463 1530 1500 sententia
1543 1491 1553 1510 ,
1581 1462 1641 1499 nil
1662 1463 1742 1499 mi-

286 1532 376 1557 rum
398 1532 465 1556 eos
481 1519 536 1566 ‚ab
558 1519 715 1571 incepto
736 1518 933 1558 destitisse
962 1521 1210 1571 perterritos,
1243 1525 1282 1556 et
1301 1518 1484 1556 fraudem
1507 1520 1743 1556 intentatam

286 1576 504 1627 abrupisse,
533 1589 584 1612 ne
603 1575 779 1614 adversis
801 1575 876 1614 diis
891 1575 1121 1614 viderentur
1138 1576 1242 1612 velle
1263 1574 1463 1614 dimicare.
1510 1582 1628 1627 atque
1646 1573 1742 1612 hinc

284 1634 406 1670 etiam
423 1638 532 1683 patet
543 1661 553 1680 ,
585 1645 654 1670 cur
671 1631 808 1670 Pisida
827 1632 932 1670 dicat
950 1635 1091 1670 Persas
1109 1630 1296 1669 habuisse
1313 1632 1452 1669 lunam
1470 1628 1524 1682 ὥς
1542 1630 1740 1682 ἐναντίαν,

284 1696 329 1727 ut
354 1689 612 1735 contrariam,
640 1694 686 1725 ut
710 1702 791 1726 non
817 1702 950 1734 suam,
981 1701 1072 1726 cum
1095 1694 1231 1725 tamen
1248 1689 1378 1739 ipsam
1397 1695 1500 1726 stare
1518 1700 1592 1739 pro
1609 1689 1741 1726 Persis

286 1747 465 1785 omnium
484 1751 586 1783 esset
604 1746 838 1795 pervulgata
857 1745 1002 1796 opinio.

399 1801 494 1844 374.
553 1800 864 1852 deprecabantur
882 1803 1027 1839 Persae
1047 1813 1098 1838 ne
1115 1799 1212 1837 luna
1227 1798 1280 1837 ad
1298 1807 1558 1851 augmentum
1576 1799 1741 1838 accede-

287 1866 370 1897 ret:
401 1871 479 1910 quo
508 1859 617 1895 enim
641 1859 790 1907 maior,
822 1865 861 1895 et
886 1859 1043 1910 longior
1067 1858 1209 1895 fuisset
1238 1855 1427 1906 defectio,
1458 1858 1637 1908 graviora
1666 1857 1742 1895 sibi

286 1917 392 1954 mala
412 1913 642 1967 impendere
658 1915 909 1953 verebantur.

399 1974 584 2010 AenoAs.
609 1973 634 2012 3
666 1986 706 2010 v.
727 1975 769 2014 7.
825 1973 881 2009 ita
913 1983 1032 2022 supra
1055 1969 1226 2008 Aeroas.
1257 1972 1284 2010 2
1315 1969 1397 2011 255
1427 1969 1554 2007 solem
1585 1971 1742 2008 vocavit

288 2030 527 2068 Heraclium.
582 2027 675 2066 vide
696 2029 799 2065 infra
818 2041 858 2066 v.
880 2030 947 2068 99.

401 2089 440 2127 9.
499 2092 653 2136 aperte,
682 2092 726 2122 ut
745 2083 846 2122 mihi
861 2083 1036 2131 videtur,
1066 2084 1277 2120 Persarum
1296 2081 1503 2119 stultitiam
1524 2079 1743 2132 reprehens

289 2141 368 2190 dit,
398 2143 467 2194 qui
486 2143 694 2192 Magorum
709 2141 1052 2180 vaticinationibus
1072 2146 1111 2176 et
1128 2139 1376 2176 oraculorum
1396 2140 1594 2189 responsis
1611 2137 1740 2175 fiden-

287 2206 345 2237 tes
358 2173 507 2236 lunam
516 2211 587 2248 pro
606 2199 703 2249 ipsis
721 2205 824 2235 stare
841 2197 1046 2248 putabant,
1069 2202 1114 2232 ut
1130 2208 1258 2246 nuper
1275 2189 1569 2233 observavimus
1589 2197 1616 2235 2
1645 2197 1740 2235 376.

285 2254 530 2293 Christianos
559 2261 693 2291 autem
720 2267 802 2290 non
826 2252 994 2290 ridicula
1012 2258 1150 2289 vatum
1169 2258 1207 2288 et
1226 2250 1487 2289 Phoebadum
1511 2250 1650 2288 deliria
1668 2263 1740 2301 pro

286 2313 400 2349 certis
424 2309 736 2362 indubitatisque
767 2308 913 2347 habere
942 2307 1133 2357 ostendit,
1165 2307 1236 2346 sed
1253 2310 1417 2347 veritate
1435 2309 1511 2345 niti
1527 2308 1740 2358 scriptura-

282 2381 391 2416 rum,
423 2368 533 2404 cuius
554 2373 663 2404 tanta
684 2367 744 2404 vis
768 2373 827 2403 est
850 2373 888 2403 et
910 2367 1005 2413 lux,
1036 2372 1081 2402 ut
1106 2378 1243 2403 omnes
1273 2365 1420 2403 effusae
1449 2364 1648 2402 mentibus
1676 2370 1739 2400 te-

283 2425 428 2461 nebrae
448 2421 721 2460 discutiantur.
780 2430 954 2460 ceterum
971 2421 1095 2470 ludit,
1127 2429 1172 2459 ut
1191 2423 1357 2471 assolet,
1386 2426 1525 2473 poeta,
1557 2427 1596 2457 et
1613 2421 1739 2457 nimio

284 2478 535 2518 antitheseon
559 2479 689 2517 studio
722 2492 840 2530 saepe
866 2479 1033 2530 profana
1060 2481 1222 2516 nomina
1240 2478 1291 2516 ad
1311 2491 1372 2516 res
1391 2490 1520 2516 sacras
1539 2477 1738 2514 transfert.

286 2538 342 2575 sic
368 2549 474 2574 1111110
503 2537 683 2587 Apollini
705 2534 851 2588 Pythio
881 2537 947 2573 vel
970 2534 1165 2587 Delphico
1186 2534 1394 2574 Phoebum
1415 2530 1558 2586 εὕσεβη
1578 2533 1739 2585 religio-

287 2607 376 2630 sum
403 2595 588 2644 opponit,
617 2591 803 2631 videlicet
830 2594 1082 2642 Heraclium,
1111 2592 1160 2630 de
1189 2605 1268 2645 quo
1299 2594 1356 2630 ita
1379 2592 1558 2643 loquitur
1575 2596 1620 2627 ut

287 2651 416 2688 maius
443 2649 517 2687 deo
540 2656 676 2700 posset
693 2651 916 2688 convenire.

403 2707 471 2747 11.
526 2707 671 2757 Apollo
696 2705 865 2759 Pythius
890 2703 1043 2755 Λοξιᾶς
1063 2717 1086 2742 0
1108 2701 1220 2754 λοξός
1246 2703 1449 2756 obliquus,
1478 2700 1586 2755 quod
1610 2700 1738 2739 ambi-

292 2775 370 2815 gua
397 2770 436 2800 et
454 2764 604 2800 incerta
627 2762 740 2801 daret
757 2775 968 2814 responsat,
1013 2762 1147 2815 qualia
1166 2767 1258 2799 sunt
1277 2761 1348 2798 illa
1370 2760 1595 2807 decantata,
1636 2769 1739 2809 quae

291 2818 446 2858 reddita
463 2827 555 2858 sunt
574 2821 717 2859 Croeso
734 2818 887 2873 Pyrrho
908 2820 1076 2872 aliisque
1095 2817 1281 2870 Pythiam
1300 2816 1606 2856 consulentibus.
1635 2820 1739 2852 recte
