1890 3224
298 193 391 242 144
641 197 919 251 QUERCIUS
952 198 1012 241 IN
1045 199 1406 243 HERACLIADIS

283 305 383 344 side
398 307 439 344 in
459 310 632 358 poemat.
651 305 770 345 huius
791 309 1015 359 argumenti
1032 322 1070 346 v.
1091 309 1187 351 490.
1244 310 1402 347 nullum
1420 310 1525 347 enim
1546 308 1656 347 aliud
1674 310 1749 347 fuit

292 363 445 400 bellum
465 363 606 399 navale
621 364 725 401 inter
739 366 969 402 Heraclium
984 371 1023 402 et
1032 364 1248 403 Chosroam
1266 372 1421 417 praeter
1437 365 1482 403 id
1503 366 1608 419 quod
1625 380 1748 418 prope

292 421 451 457 moenia
471 419 579 456 urbis
602 419 769 471 Cpoleos
790 428 922 458 actum
943 428 1016 459 est.
1075 435 1167 460 cum
1189 429 1322 459 autem
1343 421 1448 459 dicat
1469 425 1549 475 γῆν
1565 426 1749 475 κυματώ-

291 488 359 515 σαι
387 478 468 521 τοῖς
497 470 685 526 Maeote,
734 476 778 514 id
806 476 1114 529 intelligendum
1143 477 1192 516 de
1225 477 1412 516 caedibus
1450 479 1748 517 immanissimis

292 530 625 580 Christianorum,
671 546 768 586 quas
792 535 834 570 in
855 541 936 571 tota
937 508 1077 587 DSyria
1107 542 1146 573 et
1167 534 1330 573 Perside
1349 533 1543 573 chosroes
1564 537 1746 586 patravit.

290 586 382 626 vide
405 587 453 624 de
471 588 624 638 Exped.
651 591 676 629 2
707 591 801 630 108·

403 646 470 684 30.
529 645 671 683 clarius
694 658 815 698 quam
836 661 953 698 supra
971 647 1188 686 Chosroam
1206 655 1350 700 aequat
1375 645 1613 696 Nembrodo,
1638 647 1747 684 cuius

289 701 373 738 vim
389 702 563 738 nominis
585 715 674 739 eam
701 716 786 740 esse
815 702 950 742 dicunt
978 711 1022 742 ut
1040 703 1290 741 idololatram
1312 711 1527 756 tyrannum
1547 711 1585 741 et
1605 705 1747 754 gigan-

289 765 371 794 tem
394 757 600 808 significet.
651 758 786 796 Pisida
807 761 1016 798 manifeste
1039 762 1263 798 versionem
1280 763 1334 802 70
1364 767 1521 798 secutus
1549 759 1598 797 de
1619 758 1746 797 Chos-

289 826 358 851 roa
378 812 473 850 dicit
496 817 712 867 γιγαντιᾶν.
743 816 812 854 ubi
838 819 945 854 enim
960 818 1129 868 Vulgata
1155 817 1256 854 Gen.
1284 819 1335 857 10
1355 818 1380 857 8
1404 817 1502 867 legit
1523 817 1605 866 ipse
1623 815 1746 852 Mm-

288 870 364 907 νοῶ
390 872 516 920 coepit
548 884 627 908 esse
649 879 793 921 potens
818 874 863 910 in
890 881 1021 920 terra,
1038 846 1311 924 tDseptuaginta
1337 874 1569 923 interpretes
1598 870 1746 909 habent

289 921 407 974 οὗτος
426 924 574 979 ἤρξατο
595 923 697 968 εἶναι
717 929 831 982 γίγας
849 929 914 970 ἐπὶ
932 932 1005 983 τῆς
1022 932 1108 984 γῆς.
1137 928 1204 967 hic
1225 931 1402 968 senarius
1423 930 1563 966 citatur
1580 941 1603 966 a
1621 926 1746 966 Suida

286 983 329 1020 in
350 996 390 1020 v.
416 986 618 1037 Γιγαντιᾷ,

399 1042 467 1080 31.
525 1046 630 1076 recte
647 1041 893 1078 Baltasarem
922 1055 1058 1092 regem
1084 1042 1302 1092 Babylonis
1326 1038 1405 1094 πρὸ
1433 1056 1596 1081 παντων
1614 1041 1746 1078 verius

286 1101 326 1132 et
343 1096 487 1133 melius
508 1108 628 1147 quam
648 1103 796 1134 ceteros
814 1104 1002 1148 tyrannos
1022 1105 1149 1135 terrae
1168 1099 1368 1134 imitatum
1395 1110 1480 1135 esse
1504 1096 1598 1134 dicit
1618 1095 1746 1134 Chos-

286 1163 423 1189 roam:
453 1158 497 1203 ut
528 1153 636 1189 enim
664 1153 733 1190 ille
759 1166 853 1190 vasa
880 1153 928 1191 de
947 1155 1095 1205 templo
1115 1154 1366 1190 Hierusalem
1381 1166 1404 1189 a
1423 1152 1746 1191 Nabuchodono—

284 1221 373 1245 sore
403 1214 599 1259 asportata
624 1209 728 1245 inter
755 1209 1047 1247 convivandum
1075 1211 1341 1247 contaminare
1366 1222 1447 1246 non
1475 1210 1653 1257 erubuit,
1689 1210 1745 1245 ita

286 1262 480 1301 Chosroes
508 1264 665 1314 lignum
691 1277 723 1302 5.
756 1267 903 1314 crucis,
947 1263 1056 1317 quod
1082 1266 1130 1303 ab
1161 1265 1302 1303 eodem
1332 1266 1482 1316 templo
1504 1266 1677 1316 abripuit
1706 1271 1744 1302 et

286 1333 423 1358 secum
444 1333 534 1357 cum
551 1319 703 1357 infinito
724 1322 969 1371 captivorum
985 1334 1150 1359 numero
1172 1321 1352 1369 abduxit,
1381 1321 1619 1372 profanavit.

397 1379 466 1418 32.
523 1372 571 1416 τὰ
601 1379 696 1416 θεῖα
738 1375 834 1430 quid
863 1378 1081 1429 intelligat,
1138 1376 1231 1417 vide
1267 1377 1316 1415 de
1343 1377 1496 1428 Exped.
1531 1380 1560 1419 2
1593 1378 1671 1419 107
1709 1385 1746 1414 et

285 1447 393 1485 seqq.

399 1492 467 1530 33.
525 1490 690 1528 Daniel.
719 1488 745 1531 5
774 1490 814 1532 5.
1190 1532 1196 1537 ,

399 1547 467 1587 35.
526 1546 670 1584 Suidas
694 1545 815 1583 habet
833 1544 940 1584 hunc
958 1547 1138 1584 iambum
1157 1547 1199 1584 in
1221 1560 1259 1585 v.
1283 1548 1441 1599 ψῆφος.
1499 1547 1642 1584 similis
1671 1559 1743 1583 au-

286 1609 369 1639 tem
386 1599 480 1639 huic
502 1609 561 1640 est
578 1603 658 1643 385
678 1603 727 1639 de
745 1602 854 1639 Bell.
876 1602 1010 1640 Abar.

398 1661 466 1699 36.
525 1660 634 1695 varia
654 1659 939 1709 suppliciorum
958 1671 1125 1709 genera,
1164 1658 1307 1709 quibus
1323 1656 1516 1695 Chosroes
1535 1658 1576 1694 in
1593 1659 1742 1695 Roma-

283 1726 358 1751 nos
380 1716 543 1762 saeviit,
583 1727 842 1762 enumerans,
881 1715 1013 1765 ipsum
1043 1713 1206 1767 quidem
1226 1721 1460 1766 tyrannum,
1498 1712 1742 1751 Christianos

282 1777 417 1808 autem
435 1777 628 1822 martyres
653 1771 776 1808 fuisse
801 1769 996 1821 designat.

258 1825 262 1832 '
398 1829 465 1868 38.
523 1825 631 1864 hunc
660 1833 699 1864 et
715 1839 837 1877 prope
857 1833 1092 1879 sequentem
1109 1826 1310 1864 senarium
1326 1826 1460 1864 confer
1484 1838 1575 1863 cum
1597 1838 1638 1863 v.
1660 1823 1740 1867 487

283 1889 321 1919 et
341 1896 447 1934 seqq.
476 1883 525 1920 de
546 1882 655 1919 Bell.
678 1882 812 1919 Ahar.

395 1940 464 1979 40.
524 1952 615 1976 cum
634 1940 741 1976 enim
758 1939 890 1976 Siroes
906 1937 1080 1976 Chosroa
1100 1939 1275 1975 extincto
1293 1950 1433 1988 pacem
1451 1951 1541 1974 cum
1557 1937 1739 1974 Heraclio

283 1996 592 2046 composuisset,
634 1991 810 2043 πάντας,
847 2002 891 2032 ut
921 1993 1042 2032 habet
1069 1993 1337 2045 Theophanes
1362 2007 1410 2043 Ρ.
1435 1996 1541 2042 272,
1578 1989 1672 2040 τούς
1698 1992 1743 2033 ἐν

283 2055 483 2104 φρουραῖς
514 2048 782 2120 Χριστιανοὺς
809 2050 875 2091 καὶ
909 2067 1004 2099 τους
1042 2050 1085 2091 ἐν
1116 2051 1284 2103 Περσίδι
1322 2047 1439 2117 πάσῃ
1468 2045 1742 2100 αἰχμαλώτους

282 2105 512 2159 παρέδωκεν
539 2122 665 2163 αυτω,
711 2105 788 2147 συν
816 2123 870 2147 τω
901 2103 1127 2176 πατριάρχη
1153 2106 1350 2160 Ζαχαρίᾳ,
1392 2102 1469 2144 συν
1494 2109 1577 2153 τοῖς
1595 2106 1741 2157 τιμίοις

281 2162 350 2203 καὶ
372 2165 581 2212 ζωοποιοῖς
598 2149 730 2229 ξύλοις
747 2167 832 2211 τοῖς
843 2148 890 2212 ἐξ
907 2160 1157 2214 Ἱερουσαλημ
1174 2165 1379 2213 ληφθεῖσι.

395 2221 464 2259 41.
523 2219 572 2256 de
595 2221 713 2256 variis
733 2226 1019 2256 tormentorum
1037 2219 1274 2269 generibus,
1305 2230 1407 2269 quae
1427 2215 1562 2254 Pisida
1586 2217 1739 2268 poetice

284 2274 501 2323 describit„
517 2274 780 2312 consulendus
799 2275 1004 2312 Gallonius
1025 2275 1073 2311 de
1091 2289 1144 2311 ss.
1168 2281 1387 2325 martyrum
1407 2274 1572 2310 cruciat.
1589 2287 1636 2323 Ρ.
1666 2275 1737 2312 16:

283 2339 327 2368 ut
347 2339 538 2382 martyres
560 2332 667 2367 enim
687 2331 886 2368 Romanos
914 2343 936 2366 a
953 2333 1083 2368 Persis
1110 2332 1252 2383 laqueo
1282 2342 1493 2381 suspensos
1519 2335 1558 2366 et
1578 2335 1738 2365 necatos

283 2387 439 2424 videtur
458 2393 748 2437 repraesentare
766 2386 874 2423 idem
891 2391 1021 2437 poeta,
1043 2389 1112 2439 qui
1129 2387 1268 2438 procul
1287 2385 1407 2423 dubio
1424 2386 1466 2424 S.
1485 2386 1738 2422 Anastasium

282 2445 446 2480 Persam
481 2445 643 2495 eiusque
677 2444 926 2494 septuaginta
961 2444 1087 2481 socios
1118 2450 1312 2495 martyres
1344 2443 1392 2480 ob
1423 2442 1556 2479 oculos
1584 2439 1736 2490 habuit,

284 2498 381 2536 dum
400 2498 497 2536 haec
514 2500 721 2536 scribebat.

395 2556 464 2597 42.
522 2554 625 2593 hanc
655 2568 825 2607 poenam
858 2554 1061 2607 quondam
1092 2569 1115 2592 a
1144 2554 1314 2593 dominis
1342 2554 1468 2605 infligi
1488 2554 1737 2591 consuevisse

282 2612 425 2659 servis,
464 2614 574 2649 testis
604 2619 662 2649 est
689 2610 973 2664 Aristophanes
1004 2615 1121 2664 Βατρ.
1148 2614 1242 2654 633.
1299 2612 1356 2648 ibi
1377 2612 1485 2647 enim
1501 2611 1630 2647 varias
1651 2615 1735 2646 tor-

283 2674 508 2705 mentorum
525 2670 674 2718 species
694 2669 894 2718 eleganter
911 2674 1129 2705 enumerat.
1205 2673 1244 2704 at
1263 2666 1398 2704 Pisida
1417 2679 1497 2703 una
1516 2678 1607 2703 cum
1625 2671 1734 2702 aceto

282 2724 494 2774 fuliginem
521 2737 593 2774 per
619 2737 734 2762 nares
765 2727 961 2774 ingestam
984 2737 1005 2761 a
1029 2725 1158 2761 Persis
1177 2722 1320 2772 tradit,
1359 2730 1404 2760 ut
1432 2724 1474 2759 in
1493 2721 1736 2759 Christianos

284 2782 413 2831 magis
432 2782 629 2817 saevitum
650 2794 735 2818 esse
758 2779 938 2817 ostendat
958 2793 1079 2831 quam
1098 2779 1182 2816 fieri
1203 2780 1346 2817 soleret
1364 2780 1406 2816 in
1422 2791 1570 2816 servos.

396 2835 463 2878 45.
523 2837 640 2885 rotis,
681 2837 872 2889 equuleo,
912 2835 1082 2874 trocheis
1108 2837 1274 2888 aliisque
1295 2835 1565 2874 instrumentis
1587 2837 1736 2884 marty-
