1890 3224
149 663 590 737 iosEPHI
663 663 1086 736 MARIAE
1163 665 1655 760 QUERGIIP

413 805 458 860 F
510 795 561 861 'L
622 802 676 860 O
726 803 780 858 R
829 803 876 859 E
935 803 985 858 N
1035 804 1091 860 T
1139 806 1167 861 I
1218 807 1268 862 N
1318 808 1346 864 I

233 929 311 966 DE
351 930 626 969 GEORGIO
666 927 882 968 PlsmA
919 930 1189 978 EIUSQUE
1227 932 1523 974 SCRIPTIS

535 1029 1218 1081 PRAEFATIO.

142 1274 387 1351 Georgius,
417 1303 488 1355 qui
503 1310 641 1355 postea
662 1302 851 1342 diaconus
872 1303 1102 1355 Cpolitanus
1120 1303 1225 1352 fuit,
1250 1315 1278 1341 a·
1293 1303 1442 1342 Pisidia
1457 1334 1468 1353 ‚
1500 1318 1602 1357 quae

140 1375 225 1405 erat
249 1369 369 1406 Asiae
392 1371 558 1409 minoris
582 1372 690 1422 regio
712 1373 816 1409 inter
834 1370 1006 1422 Lydiam
1025 1370 1245 1424 Phrygiam
1270 1379 1309 1409 et
1329 1373 1486 1409 Cariam
1506 1385 1603 1410 eon-

140 1438 299 1487 stituta,
337 1435 478 1474 habuit
519 1440 736 1490 originem,
777 1437 884 1475 unde
914 1446 1176 1490 cognomento
1205 1438 1342 1478 Pisida
1372 1438 1500 1477 dictus
1528 1446 1602 1478 est.

139 1505 297 1556 plures,
326 1516 401 1541 nec
426 1507 538 1556 parvi
569 1506 734 1558 quidem
765 1507 940 1543 nominis
964 1506 1082 1543 urbes
1099 1519 1123 1543 a
1141 1507 1341 1545 veteribus
1363 1505 1601 1559 geographis

139 1579 412 1610 memorantur
442 1573 486 1609 in
516 1573 691 1611 Pisidia:
729 1571 802 1611 sed
827 1587 918 1610 cum
936 1573 1081 1610 nullibi
1103 1574 1296 1624 Georgius
1316 1575 1487 1625 patriam
1507 1587 1602 1625 pro-

140 1639 285 1678 diderit
313 1652 448 1689 suam,
479 1641 528 1678 ab
558 1643 646 1693 ipsa
667 1643 799 1693 potius
818 1642 980 1692 regione
1006 1640 1151 1678 Pisida
1172 1654 1293 1694 quam
1314 1642 1430 1678 aliter
1453 1641 1502 1678 ab
1524 1642 1602 1678 ali-

140 1720 220 1760 qua
253 1708 410 1746 civitate
436 1708 704 1747 nominandus
736 1710 860 1747 venit.
916 1708 962 1746 id
991 1715 1126 1746 autem
1154 1710 1401 1760 cognominis
1431 1707 1602 1747 diversi-

138 1775 257 1813 mode
285 1776 478 1825 scriptum
504 1777 548 1813 in
572 1790 656 1815 mss
685 1775 886 1814 codicibus
910 1778 1133 1826 invenitur,
1161 1777 1383 1826 Πισσίδου,
1412 1777 1599 1826 Πισίδου,

139 1843 355 1892 Πισιδίαν,
383 1842 589 1893 Πησίδου,
621 1843 808 1894 Πησίδη,
837 1843 1079 1893 Πισσίδους,
1110 1844 1319 1891 Πισίδους.
1361 1856 1407 1880 ac
1424 1842 1600 1894 Stepha-

136 1924 213 1949 nus
234 1908 398 1963 quidem
415 1911 660 1962 Byzantinus
680 1910 728 1947 de
753 1908 928 1947 Urbibus
947 1923 1028 1958 eos,
1062 1911 1132 1962 qui.
1150 1924 1170 1947 e
1190 1909 1342 1948 Pisidia
1361 1912 1437 1949 orti
1454 1917 1598 1961 essent,

138 1979 313 2026 Πισίδας
331 1984 370 2015 et
393 1979 575 2026 Πισιδεῖς
594 1978 787 2029 appellari
805 1975 978 2014 ostendit
990 2006 1001 2026 ,
1031 1976 1138 2029 quod
1154 1978 1282 2015 Lucas
1302 1978 1533 2016 Holstenius
1554 1979 1598 2015 iu

137 2048 219 2085 suis
240 2045 292 2084 ad
309 2043 481 2083 eundem
500 2043 749 2096 Stephanum
771 2044 1095 2095 castigationibus
1127 2045 1391 2093 confirmavit,
1422 2045 1598 2083 referens

138 2113 246 2166 apud
263 2112 466 2166 Pyrrhum
482 2114 689 2164 Ligorium
708 2119 864 2151 exstare
879 2126 1111 2161 nummum,
1142 2114 1185 2150 in
1205 2125 1284 2165 quo
1299 2114 1479 2150 MInerva
1496 2111 1596 2151 duos

136 2183 273 2220 leones
293 2187 424 2230 tenet,
455 2193 545 2218 cum
566 2180 782 2232 epigraphe
803 2182 1123 2221 ΠΙΣΙΔΑΙΩΝ.
1179 2180 1225 2216 in
1246 2179 1438 2218 Strabone
1462 2187 1596 2218 autem

136 2249 208 2287 lib.
225 2253 244 2290 1
261 2264 309 2300 p.
324 2252 378 2291 60
403 2250 524 2286 etiam
543 2248 771 2298 Πισιδικοί,
801 2250 871 2301 qui
886 2263 907 2286 e
925 2247 1077 2286 Pisidia
1093 2253 1243 2296 essent,
1274 2246 1593 2288 denominantur.

138 2323 178 2354 at
197 2329 220 2353 a
241 2317 444 2354 Clemente
461 2317 582 2354 Alex.
604 2323 696 2354 tom.
715 2318 739 2357 1
760 2331 808 2367 p.
825 2318 877 2358 61
902 2314 1118 2354 Cleanthes
1133 2313 1397 2367 philosophus
1421 2315 1591 2364 Stoicus,

136 2383 245 2437 quod
275 2399 296 2422 e
327 2383 502 2434 Pisidia,
531 2391 576 2422 ut
601 2391 735 2423 noster
764 2385 980 2435 Georgius,
1011 2390 1115 2422 esset
1146 2382 1357 2431 oriundus,
1390 2377 1595 2430 Πισαδεύς

136 2453 379 2504 appellatur-3
411 2450 578 2504 proinde
605 2464 687 2489 non
711 2458 817 2489 recte
846 2452 1083 2504 Sylburgius
1113 2458 1152 2488 et
1176 2451 1389 2501 Menagius
1404 2456 1593 2501 putarunt

136 2519 194 2556 ibi
210 2515 371 2568 Ἀσσεύς
389 2532 461 2571 pro
483 2515 686 2566 Πισαδεῦς
706 2519 891 2557 substitui
910 2518 1067 2568 debere,
1099 2519 1281 2571 quamvis
1300 2524 1453 2554 certum
1469 2518 1521 2554 sit
1539 2529 1593 2554 ex

135 2586 238 2623 Asso
265 2587 411 2638 Lyciae
439 2586 535 2624 urbe
565 2593 696 2624 ortum
718 2600 805 2624 esse
831 2585 1087 2625 Cleanthem:
1115 2587 1258 2624 maluit
1278 2586 1386 2622 enim
1409 2585 1592 2622 Clemens

139 2665 233 2689 eum
262 2666 285 2690 a
315 2655 518 2705 provincia
548 2653 767 2691 Pisadeum
790 2667 911 2707 quam
936 2668 959 2692 a
982 2655 1110 2706 patria
1129 2653 1226 2690 urbe
1244 2651 1419 2689 Asseum
1435 2663 1593 2688 vocare.

138 2726 314 2757 ceterum
337 2734 417 2759 una
446 2722 628 2759 omnium
654 2725 905 2761 consentiens
924 2736 1008 2761 vox
1031 2728 1111 2770 est,
1139 2719 1296 2758 Pisidas
1317 2720 1440 2757 fuisse
1462 2730 1593 2769 quon-

140 2785 234 2825 dam
269 2787 449 2839 Solymos
472 2796 745 2841 nuncupatos3
776 2804 822 2829 ac
848 2792 931 2830 suis
957 2802 1114 2843 quoque
1134 2787 1380 2840 temporibus
1401 2783 1594 2838 quosdam

196 2858 327 2906 Georg.
357 2859 468 2895 pisia.
1294 2855 1317 2894 1

1657 698 1666 708 .
1689 671 1739 708 HI
1769 673 1826 713 etl.

1658 718 1806 768 Foggiu.
