1838 3210
255 164 333 213 74⁴
691 199 694 201 Α
826 166 906 209 DU
939 164 1140 209 GANGH·

254 277 401 330 templo
430 277 502 317 SS.
530 276 659 329 Sergii
686 283 724 314 et
746 274 915 314 Bacchi:
947 276 1027 316 ἔστι
1055 274 1098 317 δὲ
1125 271 1262 324 αὐτοῖς
1290 274 1361 329 μία
1387 271 1460 330 μὲν
1482 275 1511 329 ἦ
1529 275 1594 318 ἐπὶ
1613 275 1694 318 των

251 332 473 388 προθύρων
501 330 615 379 avoni,
657 332 722 372 ἐπὶ
756 335 828 372 τοῦ
860 329 1082 384 Ναρθηκος
1119 335 1175 386 τῷ
1190 330 1422 385 περιμήκης
1457 330 1557 374 εἶναι
1587 330 1695 374 nivo-

252 390 441 443 μασμένη.
499 397 537 427 et
561 390 584 429 5
615 390 641 428 6
671 387 720 425 de
737 390 886 440 templo
903 389 1088 441 deiparae
1109 374 1489 440 Hierosolymitano:
1521 386 1616 430 στοα
1635 405 1695 438 τις

251 447 457 514 ἐκδέχεται
472 445 661 485 ἐντεῦθεν
688 444 818 495 ἑτέρα,
847 445 912 485 ἐπὶ
933 449 1004 486 τοῦ
1027 442 1233 498 νάρθηκος
1259 442 1537 498 ω’νομασμένη,
1568 443 1701 497 οἶμαι,

246 506 301 557 τῷ
326 520 379 554 μη
411 498 675 553 εὔρύνεσθαι,
704 502 773 538 ubi
797 503 1010 553 Procopius
1038 503 1219 540 vocabuli
1244 515 1314 540 seu
1334 503 1608 553 appellationis
1627 516 1694 539 ra-

247 545 398 596 tionem
415 559 600 604 insinuat,
626 559 761 610 sicque
779 557 902 596 dictas
917 558 1142 596 istiusmodi
1157 560 1328 609 porticus
1349 565 1438 595 ante
1454 559 1695 610 templorum

248 615 464 661 vestibula,
495 613 632 666 quod
621 627 663 650 111
681 616 873 652 maiorem
892 614 1182 665 longitudinem
1200 628 1318 666 quam
1335 613 1583 652 latitudinem
1599 628 1695 665 por-

250 673 488 721 rigerentur,
529 677 646 722 atque
679 672 744 708 ita
768 672 918 718 ferulae
954 673 1127 723 speciem
1164 670 1457 722 quodammodo
1491 671 1694 718 referrent,

248 741 348 779 quae
377 727 584 777 oblongior
611 733 670 764 est
696 732 815 779 quam
841 728 976 776 latior,
1005 735 1050 765 ut
1078 728 1203 765 obiter
1235 729 1436 778 attigimus
1455 728 1497 764 in
1518 729 1621 765 notis
1643 701 1696 764 ad

245 781 505 821 Alexiadem.
546 785 692 835 quippe
722 786 805 823 πᾶν
834 779 1045 835 δρομικόν,
1082 785 1211 836 inquit
1241 786 1325 835 Zyg
1305 784 1501 832 o-,omalas
1533 774 1696 835 νάρθηξ

245 839 407 893 λέγεται.
463 837 569 877 unde
591 852 671 877 non
691 841 850 877 omuino
871 839 1132 878 hallucinatus
1149 841 1241 877 illos
1259 839 1419 877 evidens
1439 847 1497 878 est
1516 842 1585 892 qui
1601 852 1696 876 nar-

246 895 403 933 thecem
424 896 612 933 ecclesiae
632 898 827 947 porticum
845 897 968 934 fuisse
989 898 1209 948 scripsere,
1231 903 1275 934 ut
1292 897 1376 934 vult
1394 897 1563 934 Allatius
1587 896 1695 933 Goa—

245 966 333 990 rum
354 954 546 1000 innuens,
581 951 905 1004 quandoquidem
926 952 969 990 id
993 953 1148 991 disertis
1169 953 1298 990 verbis
1320 951 1481 990 tradunt
1505 953 1696 990 Silentia-

247 1011 327 1046 rius
347 1015 384 1046 et
401 1009 637 1059 Procopius3
668 1010 810 1060 quibus
832 1010 937 1047 favet
956 1009 1129 1047 Codinus
1149 1011 1191 1046 in
1212 1010 1400 1060 Originib.
1420 1009 1694 1046 Lambecianis

246 1079 288 1116 p.
311 1063 386 1106 45:
417 1063 485 1104 καὶ
511 1067 585 1104 τοῦ
614 1065 740 1105 ἵππου
774 1061 899 1116 αὐτῆς
925 1065 1048 1106 ἐκεῖσε
1072 1061 1360 1116 ὄλισθήσαντος
1377 1065 1604 1117 ἔμπροσθεν
1621 1066 1697 1104 τοῦ

247 1118 455 1174 νάρθηκος
487 1122 561 1160 τοῦ
594 1123 718 1170 ναοῦ,
757 1128 796 1159 et
822 1121 1071 1160 Theorianus
1100 1124 1143 1159 in
1169 1122 1393 1172 legatione,
1416 1120 1623 1173 νάρθηκα,
1652 1121 1696 1157 in

248 1190 327 1230 quo
350 1178 594 1228 paenitentes
611 1178 786 1227 stabant,
819 1178 891 1226 ἔξω
914 1181 985 1229 τῆς
1005 1178 1210 1230 ἐκκλησίας
1229 1185 1423 1226 statuens,
1453 1178 1522 1215 ubi
1541 1176 1696 1214 divinas

246 1236 480 1285 scripturas,
519 1235 649 1284 inquit
674 1235 766 1282 ille,
804 1233 1037 1283 audiebant,
1077 1247 1176 1286 quae
1210 1235 1360 1272 scilicet
1388 1235 1431 1271 in
1461 1232 1558 1271 aede
1585 1246 1696 1270 sacra

235 1297 312 1327 -aut
335 1290 597 1327 recitabantur
614 1297 688 1327 -aut
710 1289 1039 1339 decantabantur,
1068 1290 1174 1329 unde
1203 1286 1451 1343 ἀκροώμενοι
1476 1291 1625 1341 passim
1653 1291 1697 1326 in

242 1345 429 1383 narthece
460 1353 573 1383 extra
601 1347 807 1384 ecclesiam
843 1346 1026 1384 dicuntur
1060 1348 1299 1395 constitisse,
1331 1345 1436 1397 apud
1461 1347 1696 1397 Gregorium

241 1402 458 1440 Thaumat.
485 1415 570 1439 can.
596 1405 646 1450 2,
676 1405 873 1441 Zonaram
893 1402 945 1440 ad
965 1416 1050 1440 can.
1071 1404 1094 1443 1
1120 1404 1276 1441 concilii
1301 1403 1464 1440 Nicaeni
1490 1415 1526 1450 1,
1555 1402 1696 1439 Balsa-

241 1472 404 1496 monem
426 1457 477 1495 ad
499 1471 584 1495 can.
610 1457 662 1499 14
689 1459 867 1497 eiusdem
897 1461 1078 1496 concilii:
1109 1459 1151 1498 ἐν
1178 1460 1398 1511 βασιλικοῖς
1421 1460 1597 1505 πυλῶσι,
1625 1471 1695 1495 seu

242 1517 361 1566 regiis
385 1528 429 1552 ac
447 1516 672 1565 praecipuis
691 1517 905 1565 porticibus
930 1516 994 1553 vel
1010 1516 1182 1562 foribus,
1213 1514 1319 1565 apud
1334 1515 1524 1551 Alexium
1541 1515 1696 1551 Ariste-

239 1584 360 1619 num,
389 1569 728 1622 quemadmodum
757 1577 1035 1620 nuncupantur
1061 1571 1110 1607 ab
1139 1572 1350 1607 Anastasio
1367 1583 1449 1606 11011
1472 1570 1619 1617 semel,
1649 1576 1695 1607 ut

238 1628 343 1664 infra
374 1626 609 1663 indicamus.
667 1639 796 1678 neque
825 1627 946 1662 aliam
966 1626 1066 1663 forte
1087 1626 1136 1662 ob
1161 1627 1354 1663 rationem
1377 1625 1478 1662 dixit
1504 1627 1694 1679 Silentia-V-

240 1685 322 1721 rius
344 1697 381 1721 v.
408 1686 456 1724 13
478 1684 521 1719 in
538 1680 724 1719 narthece
743 1690 870 1719 ‘voces
898 1694 1057 1719 sonoras
1081 1681 1245 1719 Davidis
1277 1682 1450 1731 psalmos
1481 1683 1694 1718 concinen-

240 1742 343 1777 tium
373 1740 534 1776 alternis
563 1739 740 1776 cantibus
768 1736 1018 1777 sacerdotum
1049 1737 1117 1789 (in
1138 1750 1215 1775 nao
1244 1736 1418 1788 scilicet)
1448 1737 1630 1775 exaudiri
1648 1751 1694 1776 ao

240 1809 354 1834 aures
375 1794 440 1833 dei
457 1795 656 1832 mulcere:

458 1868 609 1913 ἔνθαδε
627 1887 687 1920 τις
704 1887 804 1911 κατα
822 1867 947 1911 νύκτα
966 1866 1178 1924 διᾶμπερες
1197 1865 1294 1924 ἦχος
1315 1867 1499 1926 ἆνὲρπων

459 1925 669 1976 ευκὲλαδος
691 1930 877 1979 Χριστοῖο
895 1926 1078 1981 βιαρκέος
1098 1925 1221 1968 ουάτα
1240 1927 1386 1980 θέλγει.

101 2013 130 2045 Ρ
151 2011 219 2050 535
242 2007 310 2045 ubi
326 2021 398 2058 per
413 2004 513 2048 κατοέ
530 2022 655 2048 νυκτα
668 2006 855 2047 videtur
843 2008 1018 2046 innuisse
1033 2020 1169 2059 preces
1189 2007 1453 2057 vespertinas,
1483 2004 1532 2044 de
1550 2005 1692 2060 quibus

242 2065 432 2103 Paulinus
453 2067 543 2102 Nat.
560 2066 610 2105 7:

1059 2125 1154 2155 tuno
1175 2130 1265 2168 ergo
1284 2117 1422 2154 solutis

459 2173 628 2212 coetibus
652 2185 679 2210 a
701 2173 844 2224 templo
869 2173 1037 2219 domini,
1059 2180 1274 2224 postquam
1295 2174 1392 2211 data
1399 2174 1525 2225 fissis

459 2229 685 2281 corporibus
701 2231 870 2280 requies,
898 2237 1056 2280 sumpta
1075 2230 1194 2279 dape,
1223 2232 1418 2279 coepimus
1437 2230 1591 2282 hymnis

460 2286 635 2324 exultare
655 2285 723 2322 deo
743 2293 779 2322 et
787 2285 960 2335 psalmis
969 2286 1188 2336 producere
1204 2293 1367 2324 noctem.

241 2361 282 2392 at
308 2367 377 2391 cur
399 2356 614 2405 porticum,
646 2365 767 2404 quam
788 2351 895 2390 nude
911 2365 957 2390 ac
974 2353 1205 2403 simpliciter
1220 2350 1408 2405 νάρθηκα
1425 2360 1537 2391 vocat
1556 2353 1690 2391 Silen-

240 2412 397 2458 tiarius,
438 2409 502 2451 ἐπὶ
533 2411 608 2450 τοῦ
636 2407 844 2461 νάρθηκος
874 2409 1048 2460 appellet
1070 2411 1307 2461 Procopius,
1346 2410 1458 2447 nulla
1483 2408 1585 2446 mihi
1611 2410 1690 2446 alia

240 2467 436 2505 suboritur
469 2466 712 2513 coniectura,
743 2477 863 2516 quam
897 2464 1004 2516 quod
1035 2466 1272 2503 familiarem
1299 2467 1607 2517 Byzantinorum
1631 2467 1690 2502 ci-

240 2525 351 2561 vium
381 2521 572 2574 loquendi
600 2534 753 2559 morem
778 2523 1033 2571 expresserit,
1065 2523 1134 2573 qui
1161 2520 1268 2573 quod
1294 2521 1399 2559 nude
1423 2521 1588 2558 narthex
1611 2519 1690 2558 dici

243 2578 453 2627 debuerat,
482 2578 540 2616 ad
555 2577 778 2615 narthecem
800 2578 865 2614 vel
888 2578 931 2614 in
949 2577 1132 2615 narthece
1150 2578 1386 2626 efferebant,
1411 2573 1691 2629 ἀκροωμένους

241 2636 340 2673 forte
369 2637 600 2682 innuentes,
631 2635 699 2685 qui
723 2635 766 2670 in
792 2646 839 2670 eo
867 2634 1129 2670 consistebant
1151 2641 1218 2671 aut
1239 2635 1308 2685 qui
1333 2632 1383 2670 ad
1413 2646 1504 2670 eum
1533 2634 1691 2684 relega-

242 2693 406 2738 bantur3
437 2663 786 2760 quemadmodum
794 2691 1028 2739 posteriores
1039 2691 1179 2727 Graeci
1196 2690 1334 2727 urbem
1345 2690 1594 2740 Cpolitauam
1607 2702 1689 2727 non

242 2745 360 2789 πόλιν
376 2747 448 2786 sed
466 2743 565 2788 σταν
585 2742 705 2786 πόλιν
723 2745 999 2796 appellabant,
1028 2747 1087 2783 uti
1104 2747 1198 2783 alibi
1219 2747 1468 2784 observatum
1487 2752 1558 2784 est.
1614 2757 1696 2782 ne-

242 2817 318 2856 que
352 2805 458 2842 enim
486 2804 646 2843 omnino
676 2800 821 2840 arridet
849 2815 985 2848 eorum
1012 2803 1204 2841 sententia
1225 2801 1375 2856 (111ὶέπί
1397 2815 1468 2854 pro
1492 2797 1576 2843 ἆπό
1596 2814 1688 2853 per-
