1890 3224
776 137 1100 182 PRAEFATIO.
1528 152 1677 183 xxxvn

209 246 351 294 tolum,
392 245 471 286 hoc
498 254 558 286 est
577 254 847 301 peccatorem,
885 248 1086 301 appellat:
1127 261 1302 302 namque
1322 245 1431 286 idem
1448 249 1568 301 plane
1588 264 1674 290 esse

207 312 420 353 chronicon
450 316 739 354 Coislinianum
779 329 870 354 cum
903 319 1136 368 Augustano
1171 324 1211 355 et
1237 315 1542 356 vindobonense
1576 317 1675 357 inde

207 384 302 421 satis
322 390 500 435 apparet.
558 385 696 423 titulus
715 385 949 423 Coisliniani
966 383 1034 422 hic
1053 392 1134 423 est:
1166 381 1370 438 Χρονικόν
1396 380 1596 436 σύντομον
1625 385 1667 427 ἐκ

204 446 413 504 διαφόρων
439 452 731 506 χρονογράφων
769 467 811 493 τε
837 450 908 493 καὶ
935 451 1138 506 ἐξηγητῶν
1164 450 1348 506 συλλεγὲν
1377 451 1445 493 καὶ
1471 451 1666 494 συντεθὲν

202 515 286 558 timi
306 521 345 558 Γ
338 519 508 572 εωργίου
529 519 771 574 ἄμαρτωλοῦ
787 523 982 574 μοναχοῦ.
1037 515 1237 574 πρόλογος
1265 522 1451 573 χρονικῆς
1477 519 1663 574 ἱστορίας.

203 584 290 622 Inc.
327 585 469 627 πολλοὶ
486 590 569 628 ταῖν
589 587 663 636 ἔξω
683 584 910 642 φιλολόγων
930 587 999 629 καὶ
1019 584 1296 641 λογογράφων.
1341 600 1444 640 quae
1462 588 1664 639 inscriptio

201 656 433 705 quanquam
463 668 555 692 cum
580 656 837 708 inscriptione
864 656 1010 697 codicis
1030 655 1348 696 vindobonensis
1379 670 1460 694 nou
1481 655 1663 694 videatur

201 719 254 757 ad
275 723 466 760 amussim
486 723 745 774 concordare,
783 732 960 764 attamen
986 739 1010 763 a
1029 725 1225 764 sententia
1247 725 1413 762 minime
1436 737 1509 763 nos
1529 723 1661 763 dimo-

199 794 287 825 vet:
321 802 416 826 nam
433 791 520 841 ipso
539 793 837 831 Montfauconio
855 799 955 831 teste
974 791 1103 831 codex
1121 793 1237 831 initio
1265 799 1304 830 et
1322 793 1411 830 aliis
1429 792 1528 830 locis
1549 779 1571 830 a
1596 806 1662 830 re-
1677 811 1711 845 p,
1726 797 1864 833 XXXII

197 857 371 894 centiore
391 870 515 896 manu
535 866 595 897 est
614 864 876 909 restauratus,
916 861 1015 914 quin
1044 866 1083 898 et
1109 860 1298 912 prologus
1315 858 1465 898 ibidem
1487 858 1658 910 additus,

195 926 266 976 qui
280 926 323 962 in
340 926 428 964 aliis
450 925 652 966 codicibus
672 926 931 978 desideratur,
950 935 995 967 ut
1013 928 1132 966 facile
1153 928 1339 965 coniicias
1360 925 1454 964 huic
1474 926 1658 967 chronico

193 993 403 1044 scriptores
435 1007 488 1032 ex
521 996 683 1046 ingenio
712 1009 1042 1049 unumquemque
1077 1008 1149 1033 suo
1181 995 1343 1032 titulum
1371 996 1527 1034 fecisse.
1586 995 1658 1034 sed

190 1072 276 1097 rem
295 1068 431 1113 patere
455 1062 601 1100 melius
620 1075 810 1114 agnosces
833 1077 888 1101 ex
909 1065 1035 1116 ipsius
1059 1060 1236 1101 chronici
1254 1063 1366 1100 initio
1380 1093 1390 1111 ,
1433 1062 1542 1115 quod
1569 1077 1656 1103 esse

187 1126 418 1168 huiusmodi
441 1129 632 1170 discimus
662 1144 717 1169 ex
738 1132 1051 1171 Moutfauconio.
1108 1130 1256 1183 Βίβλος
1274 1129 1464 1184 γενέσεως
1485 1127 1655 1185 ἄνθριό-

185 1212 277 1237 πων
301 1193 330 1254 ᾗ
353 1196 484 1253 ἡμέρᾳ
511 1197 682 1239 ἔπλασεν
711 1197 735 1241 ὁ
755 1196 854 1248 θεὸς
874 1196 946 1241 τόν
960 1195 1087 1252 Ἀδὰμ
1105 1194 1196 1238 κατ’
1219 1195 1355 1239 εἰκόνα
1372 1197 1439 1238 καὶ
1457 1197 1652 1252 ὁμοίωσιν

186 1261 326 1308 αὐτοῦ.
384 1263 407 1307 ὅ
425 1263 470 1307 δὲ
483 1261 619 1318 Ἀδᾰμ
636 1265 848 1320 ἆγέννησεν
864 1263 983 1315 υἱούς
1001 1270 1105 1320 τρεῖς
1128 1265 1196 1307 καὶ
1215 1264 1442 1320 θυγατέρας
1462 1262 1554 1316 δυό,
1583 1264 1652 1308 τὸν

185 1334 295 1374 Καῒν
331 1332 400 1374 καὶ
439 1330 512 1374 τόν
543 1329 662 1386 Ἀβὲλ
694 1333 764 1374 καὶ
793 1331 861 1374 τᾶν
888 1330 1006 1386 Σήθ,
1044 1332 1114 1374 καὶ
1145 1331 1222 1386 τήν
1248 1329 1448 1385 Ἀζούραν
1478 1333 1547 1374 καὶ
1577 1331 1652 1387 τήν

178 1398 377 1455 Ἀσούαμ,
433 1400 558 1440 habes
586 1403 710 1453 igitur
726 1403 770 1440 in
797 1400 875 1440 hoc
897 1399 1082 1439 chronico
1107 1402 1349 1440 Coisliniano
1381 1401 1573 1439 fabellam
1599 1401 1648 1439 de

182 1467 336 1508 duabus
354 1470 512 1507 filiabus
527 1468 672 1519 Adam,
702 1483 824 1522 quam
844 1471 888 1507 in
905 1467 1090 1507 chronico
1108 1471 1341 1521 Augustano
1356 1498 1366 1518 ‚
1399 1475 1442 1507 ut
1465 1471 1647 1521 superius

180 1537 433 1576 observatum
458 1544 538 1588 est,
577 1536 757 1576 Raderus
783 1535 887 1574 dixit
913 1550 957 1578 se
973 1536 1119 1588 legisse
1137 1544 1329 1590 tauquam
1349 1535 1508 1574 Pisidae
1531 1539 1646 1575 testi-

177 1607 313 1644 monio
331 1613 370 1644 et
385 1607 548 1644 nomine
563 1605 774 1643 firmatam.
831 1618 972 1643 verum
989 1603 1056 1643 hic
1075 1618 1224 1643 nomeu
1242 1603 1401 1642 Pisidae
1418 1617 1499 1642 non
1519 1617 1644 1657 appa-

176 1679 250 1711 ret.
309 1675 445 1726 itaque
471 1674 538 1711 vel
563 1671 768 1721 Raderus,
807 1671 906 1710 dum
928 1685 975 1710 ea
996 1673 1172 1723 legeret,
1211 1673 1434 1710 alucinatus
1455 1678 1538 1720 est,
1578 1671 1645 1707 vel

176 1743 378 1794 scriptoris
405 1742 561 1779 inscitia
586 1740 663 1779 hoc
682 1742 818 1792 ipsum
837 1754 986 1778 nomen
1006 1739 1166 1777 Pisidae
1185 1741 1282 1778 illuc
1302 1740 1473 1790 irrepsit.
1534 1744 1643 1775 cete-

175 1823 266 1847 rum
282 1815 420 1847 monet
436 1809 758 1846 Montsauconius
778 1806 993 1845 chronicon
1013 1814 1164 1845 scatere
1185 1807 1333 1844 fabulis
1355 1811 1395 1842 et
1413 1806 1641 1842 narratiun-

174 1878 276 1916 culis
294 1875 474 1915 ridiculis
485 1906 496 1925 ‚
533 1882 743 1929 totumque
773 1888 860 1914 esse
890 1881 1125 1912 contextum
1143 1887 1196 1912 ex
1214 1874 1345 1923 long1s
1365 1878 1524 1923 patrum
1540 1872 1641 1914 lani-

172 1946 272 1995 niis,
301 1958 402 1998 quos
418 1946 524 1982 inter
542 1944 683 1981 citatur
703 1943 748 1982 S.
767 1943 960 1995 Cyrillus,
1001 1941 1111 1995 quod
1130 1942 1311 1993 scriptori
1330 1938 1476 1977 codicis
1497 1941 1639 1990 Augu-

172 2015 275 2052 stani
298 2020 338 2052 et
354 2011 672 2052 vindobonensis
701 2024 842 2049 ansam
867 2011 1034 2048 fortasse
1058 2010 1241 2061 praebuit
1257 2015 1302 2046 ut
1321 2005 1536 2044 chronicon
1557 2007 1637 2058 Cy·-

172 2083 262 2120 rillo
277 2082 524 2120 inscriberet.
582 2078 627 2118 id
651 2086 787 2117 autem
814 2079 882 2116 fiet
911 2076 1128 2132 aliquando
1155 2076 1440 2122 certissimum,
1485 2075 1519 2111 si
1548 2074 1637 2126 quis

171 2149 271 2188 haec
291 2149 370 2188 duo
388 2149 574 2188 chronica
594 2150 700 2186 inter
719 2161 762 2186 se
783 2147 962 2185 conferre
982 2147 1170 2198 suscipiat
1185 2175 1195 2195 ,
1231 2158 1307 2182 nec
1338 2143 1499 2180 tertium
1516 2153 1635 2192 prae-

170 2220 374 2268 termittat,
404 2216 513 2271 quod
527 2217 700 2255 Allatius
713 2231 762 2267 p.
783 2217 864 2257 313
887 2221 926 2252 et
945 2216 1098 2253 Caveus
1119 2228 1164 2265 p.
1188 2211 1270 2255 583
1293 2209 1480 2248 dixerunt
1495 2208 1634 2246 haberi

168 2300 231 2325 ms
256 2289 298 2324 in
328 2284 570 2324 bibliotheca
587 2286 836 2323 Scoriacensi
866 2282 943 2321 hoc
970 2284 1086 2321 titulo
1109 2284 1146 2321 Γ
1141 2281 1312 2334 εωργίου
1333 2274 1636 2332 χαρτοφύλακος

168 2357 243 2407 τῆς
264 2351 437 2407 μεγάλης
459 2353 668 2405 ἐκκλησίας
690 2347 914 2404 Χρονικόν,
949 2350 1077 2404 quod,
1108 2356 1151 2387 ut
1171 2348 1346 2396 videtur,
1387 2348 1632 2399 ipsissimum

170 2420 384 2459 chronicon
405 2428 465 2460 est
484 2435 507 2458 a
529 2419 706 2474 quodam
723 2420 893 2470 Georgio
920 2417 1015 2456 hinc
1042 2416 1136 2455 inde
1157 2428 1359 2455 corrosiun
1380 2422 1499 2467 atque
1521 2427 1632 2452 com-—

167 2490 351 2539 pilatum.
408 2490 629 2540 plurimum
647 2494 782 2525 autem
798 2486 965 2534 iuvabit,
996 2486 1031 2523 si
1047 2486 1148 2522 tanti
1163 2498 1248 2522 rem
1270 2496 1356 2521 esse
1376 2484 1464 2535 quis
1484 2481 1629 2527 credat,

111 2548 115 2551 ⁵
168 2570 216 2592 ea
237 2556 466 2608 diligentius
496 2555 724 2608 expendere
752 2567 854 2607 quae
882 2555 972 2592 fuse
997 2552 1214 2605 disputavit
1238 2548 1408 2590 'Allatius
1437 2564 1558 2602 agens
1581 2548 1629 2586 de

168 2625 351 2674 Geor-giis
369 2623 589 2673 monachis,
612 2639 660 2675 p.
683 2625 789 2665 323:
822 2636 913 2660 cum
933 2623 1041 2660 enim
1062 2622 1130 2659 ille
1149 2626 1208 2658 tot
1229 2617 1415 2657 chronica
1439 2619 1630 2668 Georgio—

167 2704 258 2728 rum
275 2693 436 2734 nomine
453 2693 642 2743 inscripta
658 2691 871 2729 memorari
892 2692 1043 2743 passim
1063 2687 1228 2727 vidisset
1241 2717 1252 2736 ,
1286 2694 1449 2725 conatus
1470 2692 1528 2723 est
1553 2697 1630 2721 no-

169 2757 266 2796 dum
285 2759 437 2798 solvere
451 2789 461 2809 ,
495 2766 534 2797 et
554 2758 767 2799 chronicon
786 2772 809 2796 a
833 2757 1040 2806 chronico,
1082 2757 1298 2808 Georgium
1327 2769 1350 2793 a
1370 2754 1538 2803 Georgio
1572 2749 1633 2788 di-
