1890 3224
403 173 480 218 DE
511 172 692 219 REBUS
725 173 870 219 POST
898 172 1216 220 MAURIGIUM
1245 172 1456 220 GESTIS.
1590 173 1657 221 27

199 285 441 346 Ἡράκλειον
459 287 518 343 μὴ
539 293 759 345 συγχωρεῖν
776 291 1029 347 Σαρακηνοΐς
1047 288 1092 332 ἔκ
1109 292 1183 344 τῆς
1205 286 1421 343 Ῥωμαίων
1441 290 1516 344 γῆς
1535 287 1655 330 {nno-
1676 290 1726 330 C.

203 356 398 415 ρεύεσθαι
417 357 492 408 τὰς
511 355 702 413 συνήθως
720 359 995 415 παρεχομένας
1017 358 1152 408 αὖτοΐς
1170 355 1384 415 τριάκοντα
1400 358 1571 414 χρυσίου
1591 357 1657 401 λί-

203 442 304 483 τρας
333 426 390 468 δι’
420 426 637 482 ἓμπορικῆς
662 426 837 481 ἀμοιβῆς
866 428 909 469 ἐκ
936 431 1009 482 τῆς
1033 425 1266 481 εΡωμαῖκῆς
1292 427 1492 476 πολιτείας
1509 425 1657 480 ἐκπέμ-

203 507 312 536 πειν·
346 495 531 537 ἐντεῦθέν
552 511 594 537 τε
626 495 773 545 αὐτοὺς
794 494 912 551 ἄρξαι
931 500 983 552 τῇ
1007 493 1222 550 ςΡωμαίων
1242 496 1509 548 λυμαίνεσθαι
1522 492 1658 554 χώρᾳ.

171 570 194 606 5
206 563 249 604 ἐκ
267 560 410 606 τούτου
427 561 662 619 παρήγγειλε
687 563 887 621 Θεοδώρῳ
903 565 960 619 μὴ
979 563 1225 618 συμβάλλειν
1239 564 1345 620 πρὸς
1359 561 1494 619 μάχην
1512 565 1658 620 Σαρα-

203 637 350 686 κηνοῖς.
416 631 454 673 οἳ
487 632 531 673 δὲ
559 630 881 688 προλοχήσαντές
910 650 952 676 τε
985 633 1132 688 ὀλίγοις
1160 633 1263 676 τισὶν
1297 629 1658 689 ἀκροβολισάμενοι

198 697 429 752 ιΡωμαίους
444 697 656 754 ὑπήγοντο.
726 702 972 744 εἷσπίπτουσι
1003 701 1047 744 δὲ
1078 701 1215 750 αὐτοῖς
1244 700 1282 742 οἳ
1311 701 1354 742 ἐκ
1383 704 1464 744 τῶν
1488 701 1659 756 ε’νεδρῶν

203 767 440 818 ἐξαπιναίως
447 798 461 819 ,
507 770 576 810 καὶ
595 769 720 823 μέσον
740 768 1010 824 ἀπολαβόντες
1026 770 1201 820 πολλοὺς
1217 768 1391 812 ἔκτειναν
1407 766 1658 827 στρατιώτας

203 852 248 879 τε
268 837 336 878 καὶ
355 834 564 892 ἄρχοντας.

151 910 197 946 10
341 905 465 947 Κατὰ
494 905 539 948 δὲ
564 904 636 948 τὸν
664 904 805 962 καιρὸν
832 905 978 948 ἐκεῖνον
1002 904 1154 962 Μαρία
1180 902 1207 959 ἦ
1237 903 1394 962 ἀδελφὴ
1413 902 1656 962 ‘Homo-&lov
1678 908 1712 944 D

200 969 395 1029 χρήματα
415 973 518 1030 πρὸς
537 972 606 1015 τὸν
620 972 800 1029 χαγάνον
821 972 1007 1029 Ἀβάρων
1035 973 1188 1027 ἔπεμψε
1211 975 1278 1015 καὶ
1298 973 1368 1015 τὸν
1390 973 1478 1015 υἱὸν
1496 974 1661 1030 Στέφα-

204 1057 273 1083 νον
292 1041 481 1095 ἀπέλαβε.
528 1049 612 1091 τοῖς
632 1043 677 1084 δὲ
695 1040 891 1092 τοιούτοις
914 1040 1061 1097 δώροις
1080 1040 1224 1095 ἡσθεὶς
1242 1040 1452 1098 δ’Άβαρος
1470 1042 1661 1098 ἠρέθισεν

199 1109 458 1152 Ἀντωνιανόν
476 1108 721 1167 μάγιστρον,
752 1108 807 1160 ὥς
832 1112 899 1152 καὶ
926 1110 1048 1160 αὐτὸς
1072 1110 1240 1164 πέμψας
1270 1111 1383 1166 δῶρα
1406 1109 1662 1165 ἀπολήψεται

206 1179 275 1219 καὶ
306 1177 401 1227 τοὺς
430 1177 579 1228 ἄλλους
611 1178 760 1237 οὕσπερ
792 1185 969 1233 κατεῖχεν
997 1176 1189 1236 ὁμήρους.
1256 1179 1325 1220 καὶ
1353 1178 1403 1231 δὴ
1422 1180 1489 1220 καὶ
1509 1179 1660 1234 ἐγένετο

153 1246 196 1284 15
210 1245 350 1295 οὕτως.
1171 1295 1174 1297 ‚

337 1310 446 1355 ‘an
479 1312 524 1355 δὲ
552 1312 622 1356 τὸν
652 1312 772 1355 αὐτὸν
800 1312 940 1370 καιρὸν
968 1312 1162 1368 ἐπανέστη
1184 1310 1428 1369 Κυῦβρατος
1457 1310 1478 1353 ὃ
1498 1311 1666 1366 ἀνεψιὸς

202 1380 382 1438 Ὀργανᾶ
404 1379 425 1423 ὃ
442 1386 523 1424 τῶν
547 1380 931 1438 Οὗννογουνδούρων
957 1381 1095 1439 κύριος
1113 1386 1170 1438 τῷ
1188 1385 1267 1424 τῶν
1281 1379 1466 1438 Ἀβάρων
1479 1379 1664 1438 χαγάνῳ,

207 1452 275 1493 καὶ
298 1448 344 1492 ὃν
367 1447 442 1503 εἶχε
461 1450 563 1507 παρ’
589 1450 714 1493 αὐτοῦ
734 1450 832 1492 λαὸν
850 1453 1111 1508 περιυβρίσας
1127 1451 1305 1500 ἐξεδίωξε
1325 1454 1398 1505 τῆς
1415 1451 1562 1499 οἰκείας
1577 1453 1665 1505 γῆς.

210 1516 539 1575 διαπρεσβεύεται
571 1520 616 1560 δὲ
647 1518 750 1574 πρὸς
773 1517 1015 1574 ζΗροίκλειον
1043 1521 1110 1561 καὶ
1142 1519 1350 1561 σπένδεται
1382 1516 1541 1573 εἰρήνην
1568 1518 1662 1571 μετ’

153 1586 359 1638 Ξοαῦτοῦ,
394 1585 517 1643 ἥνπερ
546 1585 750 1644 ἐφύλαξαν
773 1588 892 1643 μέχρι
918 1588 1056 1637 τέλους
1075 1591 1147 1641 τῆς
1162 1585 1316 1628 ἑαυτῶν
1337 1588 1458 1641 ζωῆς·
1489 1584 1602 1644 δῶρά
1621 1602 1666 1630 τε

207 1655 287 1713 γὰρ
307 1654 416 1714 αὐτῷ
433 1654 587 1711 ἔπεμψε
608 1656 676 1698 καὶ
695 1659 747 1712 τῇ
767 1660 838 1698 τοῦ
857 1657 1067 1712 πατρικίου
1087 1655 1179 1715 ἀξίᾳ
1197 1655 1393 1710 ἐτίμησεν.

302 1827 326 1863 6
343 1826 405 1873 τε]
429 1836 470 1862 τε
489 1823 582 1861 nal?
717 1823 741 1861 ⁷
762 1820 972 1870 ἔπήγοντοῖ

208 1982 377 2020 Heraclio
399 1982 511 2018 fuisse
532 1984 572 2016 ut
593 1993 638 2016 ne
658 1980 844 2016 Saracenis
866 1993 886 2015 e
903 1980 1135 2016 Romanorum
1155 1981 1282 2016 finibus
1304 1978 1564 2026 egredientibus
1583 1991 1668 2026 per-

210 2030 368 2065 mitteret
389 2029 540 2074 triginta
563 2028 639 2062 auri
659 2027 765 2062 libras
779 2054 789 2070 ‚
813 2038 902 2072 quae
924 2026 993 2061 illis
1017 2028 1202 2072 quotannis
1226 2027 1510 2073 pensitabantur,
1541 2026 1670 2061 merci-

211 2077 277 2111 bus
301 2080 512 2122 permutatas
536 2079 635 2108 extra
657 2073 838 2119 imperium
861 2074 1073 2116 transferre3
1109 2086 1152 2108 ex
1173 2085 1240 2119 quo
1266 2074 1395 2108 factum
1420 2078 1515 2107 esset
1535 2077 1575 2106 ut
1592 2073 1668 2107 Ro-

211 2133 348 2157 manum
364 2121 507 2155 limitem
523 2125 715 2154 vastarent.
739 2119 924 2154 Heraclius
947 2131 1052 2164 porro
1077 2120 1301 2154 Theodorum
1324 2119 1439 2153 vetuit
1460 2129 1536 2152 cum
1559 2118 1671 2152 Sara-

213 2167 311 2203 cenis
335 2179 482 2212 pugnam
505 2166 732 2200 committere.
781 2165 841 2211 qui
865 2165 1045 2211 dispositis
1067 2166 1205 2200 insidiis
1230 2165 1419 2211 paucisque
1448 2165 1493 2198 ad
1520 2163 1671 2198 velitan-

214 2215 296 2248 dum
320 2212 520 2258 praemissis
549 2211 675 2246 sensim
700 2212 874 2246 Romanos
901 2211 1087 2256 inducunt,
1122 2212 1234 2246 donec
1264 2211 1324 2256 qui
1346 2211 1384 2244 in
1407 2210 1544 2245 insidiis
1571 2213 1673 2244 erant

214 2264 362 2304 repente
382 2258 420 2291 in
444 2270 503 2292 eos
526 2258 680 2302 irruunt,
716 2263 753 2292 et
780 2258 818 2292 iu
850 2257 964 2292 medio
995 2258 1211 2304 interceptos
1239 2257 1427 2304 plerosque
1449 2262 1520 2291 tam
1542 2255 1672 2290 milites

215 2316 318 2350 quam
339 2304 447 2338 duces
462 2303 689 2338 interficiunt.

307 2383 443 2417 Eodem
465 2386 622 2427 tempore
640 2381 755 2416 Maria
775 2381 933 2417 Heraclii
955 2395 1056 2418 soror
1072 2382 1232 2429 pecuniis
1254 2383 1298 2417 ad
1315 2381 1509 2416 Avarorum
1531 2380 1673 2426 Chaga-

216 2441 296 2464 num
321 2429 434 2463 missis
454 2428 667 2473 Stephanum
687 2427 794 2461 filium
811 2430 958 2474 recepit.
1005 2430 1131 2474 quibus
1156 2429 1354 2463 muneribus
1377 2428 1512 2462 illectus
1534 2427 1673 2461 Avarus

216 2475 447 2510 Antonianum
471 2474 670 2518 magistrum
693 2473 839 2518 incitat,
866 2481 906 2509 ut
923 2480 959 2509 et
975 2475 1052 2520 ipse
1070 2475 1239 2510 similibus
1263 2474 1363 2509 donis
1384 2473 1558 2518 reliquos,
1584 2483 1673 2519 quos

216 2522 371 2556 habebat
389 2521 542 2566 obsides,
565 2525 812 2565 recuperaret;
835 2520 928 2564 quod
944 2520 997 2555 ita
1017 2522 1145 2556 factum
1170 2527 1238 2555 est.

312 2600 387 2634 Sub
408 2599 499 2634 idem
527 2600 604 2634 fere
627 2603 762 2644 tempus
788 2598 960 2634 Cubratus
984 2600 1150 2646 Organae
1173 2598 1421 2643 consobrinus,
1453 2597 1676 2642 Hunnogun-

221 2646 384 2681 durorum
399 2646 569 2690 dominus,
593 2651 715 2680 contra
735 2646 927 2680 Avarorum
951 2646 1151 2691 chaganum
1169 2645 1327 2689 rebellat,
1351 2644 1583 2699 populumque
1602 2655 1676 2676 om-
1726 2687 1729 2690 Ι

222 2703 313 2734 nem,
337 2703 439 2736 quem
463 2693 507 2726 ab
526 2691 603 2736 ipso
628 2696 831 2736 acceperat,
862 2692 1108 2727 contumeliose
1127 2691 1280 2726 habitum
1305 2691 1430 2737 patriis
1452 2691 1595 2725 sedibus
1618 2699 1682 2722 ex-

222 2737 335 2783 pellit.
359 2737 442 2772 inde
459 2737 635 2781 legatione
658 2738 703 2772 ad
725 2736 926 2771 Heraclium
944 2738 1050 2774 missa
1072 2750 1193 2785 pacem
1212 2749 1287 2772 cum
1309 2749 1351 2772 co
1372 2736 1559 2783 componit,
1578 2745 1682 2779 quam

224 2784 271 2818 ad
293 2783 396 2817 finem
419 2794 529 2828 usque
550 2783 647 2818 vitae
667 2794 752 2817 suae
777 2790 1040 2820 conservarunt.
1079 2796 1158 2820 nam
1182 2786 1219 2819 et
1241 2795 1384 2820 munera
1405 2782 1583 2830 adipsum
1604 2780 1682 2815 He-

224 2828 354 2865 raclius
376 2828 472 2865 misit
493 2834 531 2865 et
552 2828 778 2877 patriciatum
799 2828 936 2866 detulit.
