1890 3224
499 207 570 249 AD
604 205 971 252 NICEPHORUM
1001 205 1200 250 NOTAE.
1506 206 1569 252 91

129 316 280 368 primus
308 315 486 367 signatur
509 330 648 358 annus.
706 316 813 371 quod
833 317 993 370 insuper
1013 330 1066 355 ex
1087 315 1436 356 decemnovennali
1459 317 1569 369 cyclo

131 380 170 410 et
197 372 392 410 dominica
421 374 619 426 paschalis
647 374 712 413 die
737 376 845 412 illius
872 376 967 412 anni
989 375 1196 426 probatur,
1229 387 1350 426 quam
1368 375 1410 411 in
1430 387 1571 411 exem-

128 430 241 480 plum
257 429 435 469 methodi
453 445 546 470 suae
562 431 671 470 idem
687 430 942 470 Cassiodorus
957 431 1090 479 affert3
1121 432 1191 484 qui
1209 437 1268 468 est
1283 444 1408 468 annus
1424 430 1571 468 Christi

128 487 224 528 562.
262 485 369 524 hunc
387 490 494 525 enim
512 501 659 526 annum
676 487 954 526 duodecimum
969 496 1150 526 numerat
1168 489 1264 539 cycli
1281 486 1572 524 decemnoven-

127 543 250 591 nalis,
280 555 358 595 quo
376 543 523 595 pascha
541 544 725 583 incidisse
745 545 879 582 scribit
897 547 939 581 in
958 543 1064 582 diem
1083 558 1232 582 nonum
1248 545 1410 595 Aprilis.
1468 557 1571 595 quae

128 612 265 636 omnes
293 606 410 638 notae
443 601 642 638 confluunt
670 603 712 638 in
743 614 891 638 annum
912 599 1058 639 Christi
1077 600 1182 649 562,
1211 601 1282 652 qui
1301 601 1455 651 cyclum
1476 601 1572 637 solis

127 653 266 692 habuit
286 657 349 703 11,
382 657 500 694 lunae
521 658 585 705 12,
615 657 874 695 Indictionem
899 660 958 698 10.
1000 658 1113 695 litera
1134 656 1379 695 dominicalis
1395 657 1443 704 A,
1471 669 1571 693 neo-

125 713 257 748 menia
274 712 470 762 paschalis
488 715 619 751 Martii
637 717 709 761 22,
740 712 1051 766 quartadecima,
1076 715 1225 766 Aprilis
1241 712 1290 763 4,
1322 714 1422 751 feria
1441 714 1572 750 tertia.

126 780 220 819 ergo
236 769 384 818 Aprilis
403 783 506 808 nono
527 769 723 808 dominica
739 769 938 821 paschalis
956 771 1046 808 fuit.

236 826 360 875 Igitur
384 827 418 864 si
442 839 568 865 annus
591 840 704 864 aerae
733 820 976 864 Christianae
1005 827 1342 879 quingentesimus
1365 825 1572 876 sexagesi-

124 892 216 918 mus
232 881 450 931 secundus,
478 882 678 934 praeditus
697 883 774 920 fuit
793 884 902 934 cyclo
923 884 1018 921 solis
1038 884 1112 932 11,
1140 883 1259 920 lunae
1281 886 1354 930 12,
1381 881 1574 920 Indictio-

124 937 187 974 nis
211 938 285 986 10,
316 945 355 976 et
382 940 533 991 primus
566 952 759 977 annorum
793 938 939 977 Christi
964 946 1122 978 notatur
1146 940 1254 991 cyclo
1281 940 1377 976 solis
1404 938 1572 986 decimo,

125 993 244 1030 lunae
271 994 465 1044 secundo,
494 994 725 1033 Indictionis
760 1002 921 1047 quarto,
950 1002 990 1034 et
1020 997 1090 1048 qui
1114 993 1220 1033 hunc
1246 997 1427 1047 proxime
1454 1007 1572 1046 prae-

125 1050 262 1097 cessit,
306 1052 437 1103 cyclos
467 1049 606 1089 habuit
636 1051 731 1090 solis
761 1064 933 1100 nonum,
970 1052 1089 1089 lunae
1115 1054 1310 1103 primum,
1345 1050 1575 1090 Indictionis

124 1106 299 1143 tertium.

219 1162 338 1200 ,Cum
367 1168 501 1200 autem
527 1168 680 1200 veteres
709 1163 966 1214 computistae
994 1176 1118 1201 annos
1148 1161 1293 1201 Christi
1318 1163 1367 1200 ab
1390 1163 1574 1200 incarna-

125 1218 234 1255 tione
264 1225 538 1268 numerarent,
571 1231 737 1270 eamque
769 1219 989 1256 conferrent
1017 1220 1060 1255 in
1087 1220 1261 1270 primum
1286 1231 1435 1256 annum
1459 1231 1575 1256 aerae
1598 1217 1626 1252 P
1647 1217 1693 1252 52

126 1273 394 1323 Christianae,
419 1273 545 1312 iidem
571 1275 747 1312 natalem
774 1273 919 1312 Christi
942 1281 1032 1325 post
1057 1288 1215 1313 menses
1244 1281 1404 1312 exactos
1430 1287 1575 1312 novem

125 1331 374 1381 imputabant
396 1330 527 1369 eidem
548 1343 652 1369 anno
678 1330 895 1378 desinenti,
936 1331 1166 1369 Decembris
1191 1332 1380 1369 vicesimo
1410 1332 1574 1382 quinto,

126 1394 171 1424 ut
186 1388 401 1425 incarnatio
418 1388 461 1424 in
482 1386 654 1425 eundem
674 1400 764 1424 cum
782 1388 905 1424 natali
924 1388 1122 1425 Iulianum
1140 1400 1287 1424 annum
1309 1386 1478 1425 caderet.
1535 1393 1577 1424 at

125 1450 263 1494 postea
283 1445 428 1482 natalis
448 1442 594 1482 Christi
613 1444 826 1482 translatus
846 1450 904 1482 est
926 1445 969 1481 in
988 1457 1137 1482 annum
1157 1443 1475 1492 antecedentem,
1506 1444 1577 1495 qui

124 1501 308 1550 proxime
327 1499 590 1538 Christianam
605 1501 818 1551 praecessit
836 1513 990 1549 aeram,
1018 1502 1075 1538 ita
1092 1508 1135 1538 ut
1153 1502 1247 1537 anni
1267 1499 1412 1539 Christi
1430 1501 1478 1537 ab
1499 1511 1577 1537 na-

125 1556 199 1592 tali
225 1556 420 1608 proficisci
453 1557 673 1608 coeperint,
709 1557 804 1608 quia
829 1558 982 1608 primus
1010 1563 1148 1595 octavo
1182 1556 1247 1595 die
1279 1564 1369 1609 post
1401 1557 1577 1594 natalem

124 1613 228 1650 iniit.

237 1669 323 1705 Iam
349 1680 442 1706 vero
468 1665 578 1720 quod
604 1666 656 1706 ad
680 1666 944 1706 Indictionem
971 1675 1141 1720 spectat,
1173 1681 1219 1707 ea
1244 1682 1296 1706 ex
1316 1669 1578 1707 Orientalium

124 1725 303 1762 instituto
325 1724 373 1760 ab
391 1725 616 1775 Septembri
632 1737 768 1761 mense
788 1726 917 1775 coepit
939 1724 1169 1772 exordium,
1201 1731 1240 1762 et
1262 1726 1332 1776 qui
1354 1723 1432 1762 hoc
1453 1726 1579 1763 secuti

125 1787 238 1829 sunt,
267 1786 451 1832 quattuor
465 1786 557 1817 ante
572 1780 776 1818 mensibus
791 1779 1053 1818 Indictionem
1071 1787 1208 1832 putare
1227 1787 1440 1831 coeperunt
1456 1793 1578 1832 quam

126 1838 197 1889 qui
215 1837 262 1873 ab
283 1835 466 1874 kalendis
482 1837 673 1874 Ianuariis
693 1849 780 1873 eam
799 1838 991 1887 auspicati
1009 1844 1123 1874 sunt:
1153 1850 1359 1888 nunquam
1377 1843 1510 1874 autem
1528 1837 1577 1874 ab

126 1893 353 1945 Septembri
380 1894 563 1930 ineuntes
588 1893 703 1930 illum
733 1893 887 1943 elegere
913 1893 1208 1944 Septembrem,
1239 1894 1307 1945 qui
1327 1906 1455 1930 nonus
1475 1899 1580 1930 esset

127 1950 177 1987 ab
203 1937 386 1987 kalendis
409 1950 623 1998 Ianuariis,
658 1947 764 1986 unde
787 1950 956 1987 aliorum
976 1948 1142 1987 Indictio
1163 1950 1364 2001 processit.
1425 1948 1474 1986 de
1498 1962 1578 2002 quo

126 2005 218 2045 vide
236 2018 338 2058 quae
356 2007 399 2042 in
417 2004 629 2043 undecimo
648 2006 749 2043 libro
776 2003 825 2042 de
846 2007 1032 2043 Doctrina
1048 2013 1273 2056 temporum
1293 2019 1327 2043 c.
1348 2004 1403 2046 40
1423 2004 1524 2044 dixi.

239 2063 503 2110 Quamobrem
530 2075 667 2100 omnes
692 2062 755 2099 illi
788 2063 858 2114 qui
885 2074 908 2099 a
930 2063 1156 2114 Septembri
1178 2062 1417 2100 Indictiones
1435 2075 1579 2100 nume—

128 2125 238 2168 rant,
269 2117 469 2157 Christum
498 2132 551 2157 ex
575 2120 731 2170 vulgari
754 2125 938 2170 computo
958 2121 1204 2157 incarnatum
1225 2132 1310 2157 esse
1330 2126 1491 2156 censent
1510 2121 1581 2156 In-

129 2175 300 2213 dictione
317 2176 444 2224 tertia,
474 2182 613 2213 natum
629 2189 722 2213 vero
740 2174 959 2213 Indictione
976 2182 1127 2228 quarta.
1186 2182 1227 2213 at
1240 2183 1393 2213 veteres
1413 2188 1580 2226 compu-

127 2233 265 2279 tistae,
295 2232 365 2284 qui
392 2244 495 2270 anno
520 2234 648 2283 primo
672 2244 786 2270 aerae
804 2230 1019 2270 hodiernae
1042 2231 1187 2270 Christi
1208 2233 1519 2269 incarnationem
1535 2244 1580 2268 ac

127 2289 304 2325 natalem
330 2289 477 2338 pariter
503 2289 688 2339 affigunt,
718 2290 977 2327 incarnationi
997 2296 1178 2341 quartam
1196 2288 1460 2326 Indictionem
1481 2289 1582 2326 assi-

129 2350 274 2395 gnant,
302 2344 427 2380 natali
456 2345 648 2395 quintam.
706 2345 850 2399 quodsi
878 2346 927 2383 ab
956 2347 1137 2383 Ianuario
1164 2346 1229 2383 vel
1258 2346 1306 2382 ab
1336 2352 1473 2382 octavo
1498 2343 1582 2382 kal.

128 2401 287 2452 Apriles
305 2398 534 2438 Indictionis
554 2402 712 2438 initium
728 2409 920 2452 repetant,
949 2403 1196 2440 incarnatum
1213 2408 1429 2452 natumque
1448 2400 1583 2439 dicunt

129 2458 197 2495 vel
213 2456 434 2495 Indictione
453 2457 581 2505 tertia,
614 2470 718 2495 anno
736 2458 806 2496 illo
824 2459 894 2510 qui
915 2471 1029 2496 aerae
1051 2458 1297 2496 Christianae
1316 2459 1492 2508 primum
1509 2470 1583 2494 an-

129 2524 230 2550 num
252 2514 436 2565 proxime
463 2514 699 2564 praecessit,
727 2514 795 2551 vel
817 2522 977 2566 quarta,
1006 2517 1042 2554 si
1061 2517 1104 2552 in
1124 2516 1299 2566 primum
1314 2515 1447 2565 ipsum
1467 2526 1581 2552 aerae

130 2568 375 2607 Christianae
394 2577 605 2622 utrumque
626 2570 847 2608 coniiciant.

245 2627 311 2663 Ex
337 2624 401 2664 his
430 2625 593 2664 evidens
623 2633 683 2664 est
706 2639 788 2663 non
815 2632 920 2664 recte
947 2625 1051 2665 illud
1078 2626 1278 2677 usurpari,
1306 2637 1404 2674 nos,
1435 2626 1505 2677 qui
1533 2626 1582 2662 ab

133 2681 256 2719 natali
281 2694 536 2721 numeramus
561 2695 685 2720 annos
707 2680 874 2732 Christi,
901 2684 945 2721 in
965 2682 1138 2721 eundem
1155 2695 1245 2719 cum
1265 2681 1495 2720 Cassiodoro
1514 2682 1583 2733 qui

134 2738 184 2775 ab
207 2738 474 2776 incarnatione
495 2745 608 2790 putat
629 2752 778 2776 annum
793 2753 1044 2788 concurrere,
1073 2740 1108 2777 si
1138 2737 1299 2791 quidem
1329 2737 1584 2776 Cassiodorus

133 2795 445 2832 incarnationem
472 2793 618 2834 Christi
648 2796 784 2834 statuit
813 2796 855 2833 in
886 2809 989 2834 anno
1015 2796 1144 2847 primo
1179 2807 1294 2833 aerae
1324 2793 1584 2841 Christianae,

133 2849 353 2890 Indictione
386 2858 526 2906 quarta
554 2853 739 2902 ineunte,
769 2852 803 2891 si
828 2852 877 2891 ab
904 2860 1043 2892 octavo
1071 2850 1154 2890 kal.
1182 2853 1330 2904 Aprilis
1357 2856 1584 2902 computare
