1890 3224
383 199 663 253 QUERCIUS
695 200 757 244 IN
790 200 1053 245 EXPEDIT.
1088 200 1240 244 PERS.
1273 200 1395 244 AcR.
1428 200 1461 243 Ι.
1588 199 1652 247 93

290 372 375 423 ΙΝ
420 372 1082 424 EXPEDITIONEM
1128 374 1560 425 PERSICAM

580 463 1272 516 ADNOTATIONES.

303 590 490 627 AenoAs.
519 589 543 628 1
576 602 614 627 v.
647 590 684 629 1.
742 585 813 637 τὰς
842 585 1014 641 οἷΰλους]
1052 589 1096 628 id
1123 597 1184 629 est
1213 586 1380 642 φύσεις,
1411 585 1554 638 οὐσίας
1586 590 1652 627 vel

189 640 340 694 τάξεις,
379 645 659 683 immateriales
694 644 964 692 substantias,
1002 645 1080 684 hoc
1109 654 1170 686 est
1199 649 1385 699 angelos,
1429 659 1529 699 quos
1555 644 1651 684 dum

189 703 357 738 materia
383 709 554 752 experte-s·
578 707 694 739 vocat
721 710 839 754 poeta
853 732 863 752 ,
901 705 1110 741 materiem
1133 711 1381 752 terrestrem,
1413 716 1491 756 qua
1516 709 1650 740 nostra

190 771 354 808 corpora
394 760 703 807 constituuntur,
752 766 791 796 et
818 761 916 810 ipsis
945 760 1158 798 excludere
1186 762 1359 799 voluisse
1392 766 1544 797 certum
1570 766 1649 797 est:

190 813 332 851 eodem
351 816 459 851 enim
479 828 598 852 sensu
618 810 767 863 οἷῦλους
784 814 851 853 hic
873 818 1069 867 appellat,
1100 830 1178 869 quo
1201 818 1270 854 alii
1289 818 1499 868 scriptores
1520 816 1649 853 eccle-

188 871 338 908 siastici
361 872 470 921 ipsos
499 866 737 922 ἀσωμάτους
759 873 1027 910 nominarunt.
1085 880 1243 912 secutus
1270 881 1329 911 est
1347 874 1455 910 enim
1470 878 1651 910 veterum

186 933 344 976 patrum
361 928 620 975 sententiam,
645 928 716 978 qui
734 928 836 966 circa
855 923 1089 979 angelorum
1106 930 1368 967 substantiam
1382 927 1650 966 definiendam

185 980 448 1031 haesitantes,
479 984 589 1020 omni
613 985 781 1020 materia
809 992 993 1035 expertes
1014 999 1246 1038 nunquam,
1281 985 1353 1024 sed
1376 986 1443 1023 vel
1466 984 1651 1022 caelesti«-

184 1038 259 1076 bus
275 1039 341 1076 vel
356 1040 482 1077 aereis
502 1039 731 1090 corporibus
749 1041 950 1090 praeditos
972 1040 1173 1079 dixerunt.
1232 1056 1318 1079 rem
1334 1042 1650 1079 luculentissime

185 1093 430 1133 demonstrat
447 1094 534 1133 Ioh.
555 1097 719 1133 Lamius
741 1097 784 1132 in
803 1099 967 1137 Dissert.
997 1105 1132 1135 contra
1158 1100 1415 1146 Burnetium,
1447 1110 1549 1149 quae
1575 1095 1650 1133 ad-

183 1151 286 1188 iecta
312 1157 372 1188 est
398 1151 526 1201 Epist.
547 1153 573 1191 7
595 1148 718 1186 Mich.
740 1151 888 1203 Glycae
908 1155 1012 1189 inter
1027 1154 1161 1191 Delie.
1187 1154 1349 1190 Erudit.
1372 1168 1417 1204 p.
1438 1155 1535 1194 200.
1593 1154 1649 1190 ita

183 1213 318 1244 autem
344 1207 476 1244 visum
505 1219 591 1244 esse
623 1205 804 1256 Pisidae,
836 1214 988 1245 constat
1019 1221 1073 1245 ex
1099 1222 1140 1246 ι’.
1166 1210 1247 1250 167
1280 1217 1318 1246 et
1340 1223 1420 1261 seq.
1446 1209 1645 1249 Hexae'm.

182 1263 240 1300 ibi
261 1264 369 1300 enim
387 1275 465 1314 qua
481 1264 633 1299 ratione
654 1261 891 1301 describeret
908 1265 1072 1314 angelos
1090 1266 1292 1315 ignoram,
1314 1261 1494 1316 ἀδήλους
1510 1261 1650 1312 ὀυ’σίας

182 1332 251 1357 eos
269 1319 509 1370 appellavit3
541 1324 581 1355 et
600 1317 698 1355 ibid.
718 1332 757 1356 v.
781 1322 862 1360 903
882 1316 986 1371 ὕλην
1006 1318 1152 1369 ἅῦλον,
1181 1322 1384 1358 materiem
1402 1322 1649 1358 immateria-

146 1426 150 1429 ,
181 1375 285 1421 lem,
326 1373 490 1413 eosdem
513 1375 758 1424 nominavit,
798 1382 844 1414 ut
871 1377 1039 1414 materia
1067 1375 1252 1430 quidem,
1292 1376 1365 1415 sed
1395 1377 1531 1415 subtili
1559 1384 1598 1414 et
1625 1389 1648 1416 a

181 1432 387 1470 communi
424 1444 470 1468 ac
503 1432 678 1470 terrestri
708 1431 828 1483 plane
869 1431 1047 1483 diversa,
1086 1447 1154 1473 eos
1195 1441 1375 1472 constare
1415 1432 1646 1482 declararet,

180 1486 291 1540 quod
306 1500 406 1526 mox
424 1500 464 1526 v.
484 1487 511 1529 4
533 1487 751 1526 confirmat.

293 1543 335 1585 4.
393 1543 530 1582 confer
541 1544 741 1582 Hexae'm.
760 1546 857 1586 902.

291 1600 333 1642 5.
390 1599 483 1639 vide
521 1613 623 1653 quae
658 1598 708 1638 de
740 1601 862 1639 verbo
906 1599 1107 1643 δεικνύειν
1147 1600 1424 1641 adnotavimus
1464 1599 1517 1639 ad
1553 1601 1645 1639 He-

178 1655 307 1695 xae'm.
333 1658 429 1699 168.

290 1716 332 1755 6.
389 1711 588 1750 Hexae‘m.
609 1725 650 1750 ν.
673 1711 774 1754 164:
805 1711 1033 1766 διαφλέγων
1051 1710 1125 1765 μὲν
1143 1711 1212 1755 καὶ
1231 1716 1373 1766 πυρῶν
1391 1709 1468 1765 τήν
1485 1710 1643 1766 αἰθέρα.

290 1772 333 1811 7.
391 1770 514 1807 simili
529 1767 650 1807 modo
666 1767 733 1806 dei
746 1770 1058 1807 immensitatem
1075 1768 1262 1807 describit
1281 1769 1378 1806 ibid.
1392 1768 1474 1811 895
1485 1776 1522 1806 et
1530 1782 1639 1820 seqq.

289 1826 360 1866 21.
417 1826 635 1863 Persarum.
664 1826 912 1875 impietatem
949 1826 1053 1862 circa
1085 1825 1287 1864 idolorum
1318 1825 1470 1862 cultum
1499 1827 1643 1875 exagi-

178 1887 267 1919 tans
280 1909 291 1930 ,
320 1878 425 1919 ludit
443 1882 487 1918 in
507 1894 604 1920 voce
624 1877 792 1934 γνήσιον
813 1880 1038 1932 legitimum
1062 1887 1101 1918 et
1125 1877 1259 1922 νόθον
1282 1881 1477 1931 spurium.
1538 1881 1643 1931 legi-

177 1939 322 1975 timum
343 1944 403 1975 est
420 1951 514 1976 vera
532 1939 687 1988 religio,
717 1938 896 1988 spurium
915 1944 974 1975 est
993 1938 1234 1988 superstitio.
1294 1935 1346 1974 ad
1364 1937 1532 1975 verbum
1548 1949 1643 1974 ver-

175 2000 303 2032 teres:
333 1993 479 2046 quibus
507 1995 580 2032 lex
611 2001 670 2032 est
685 2007 763 2044 pro
785 1994 963 2046 legitimo
983 1995 1152 2031 retinere
1179 2006 1281 2046 quae
1307 2000 1400 2032 sunt
1417 1993 1573 2044 spuria,
1603 1999 1643 2030 et

176 2050 355 2102 spurium
374 2051 523 2103 ubique
540 2049 758 2088 admiscere
776 2051 982 2102 legitimis.
1039 2049 1132 2089 vide
1146 2050 1259 2102 infla
1278 2063 1317 2087 ν.
1338 2052 1407 2091 32.
1466 2055 1642 2086 ceterum

176 2109 318 2146 Persas
347 2106 603 2160 reprehendit
631 2106 740 2160 quod
771 2106 929 2146 divinae
958 2107 1139 2156 veritati,
1170 2119 1292 2159 quam
1317 2118 1372 2143 ex
1394 2106 1516 2143 sacris
1540 2106 1640 2143 scri-

174 2165 300 2215 pturis
329 2162 514 2202 haustam
539 2170 790 2215 receperant,
828 2165 1154 2215 superstitionum
1190 2162 1374 2201 tenebras
1409 2160 1637 2199 offuderint.

174 2232 306 2272 neque
328 2221 436 2258 enim
453 2219 707 2259 infitiandum
723 2219 881 2259 videtur
902 2219 1081 2259 ethnicos
1100 2218 1308 2258 historiam
1323 2231 1476 2256 sacram
1493 2216 1545 2255 ad
1559 2219 1639 2255 im-

174 2277 262 2328 pias
297 2277 454 2315 fabulas
491 2276 724 2326 detorsisse3
766 2277 877 2330 quod
905 2278 1152 2328 Augustinus
1183 2273 1381 2315 steuchus
1408 2275 1452 2312 in
1478 2275 1560 2312 suis
1591 2274 1640 2311 de

167 2334 339 2383 perenni
358 2333 617 2384 philosophia
635 2335 749 2372 libris
769 2335 992 2372 luculenter
1009 2332 1194 2372 ostendit.
1254 2346 1300 2370 ac
1318 2332 1454 2383 plures
1475 2329 1638 2383 quidem

175 2402 231 2428 ex
258 2403 311 2428 ss.
341 2390 519 2442 patribus
545 2389 656 2428 idem
684 2397 801 2428 antea
827 2391 1039 2430 evicerant.
1107 2389 1203 2428 hinc
1233 2389 1374 2427 Graeci
1405 2385 1638 2439 philosophi

173 2443 337 2487 κλέπται
365 2445 435 2487 καὶ
465 2446 606 2501 λῃσταί
631 2448 783 2499 passim
800 2447 968 2486 audiunt
990 2445 1098 2499 apud
1123 2447 1372 2485 Clementem
1390 2445 1512 2481 Alex.
1525 2472 1536 2492 ,
1567 2443 1637 2495 qui

180 2502 326 2540 Strom.
351 2503 378 2545 5
393 2517 440 2554 p.
462 2506 545 2545 360
575 2517 639 2541 eos
661 2517 689 2542 a
708 2505 824 2541 Mose
842 2512 879 2541 et
889 2504 1095 2555 prophetis
1104 2503 1330 2554 praecipua
1348 2501 1540 2552 dogmata
1557 2513 1638 2536 non

172 2566 290 2610 grate
318 2561 516 2610 accepisse
544 2559 758 2599 concludit.
816 2559 888 2599 sed
907 2561 1225 2612 perspectissime
1249 2571 1342 2596 cum
1358 2556 1519 2595 Pisidae
1541 2569 1635 2594 sen-

175 2617 300 2653 tentia
331 2623 568 2667 consonant,
598 2630 701 2670 quae
735 2614 1065 2670 Theophylactus
1093 2618 1311 2656 Simooatta
1339 2612 1461 2652 habet
1484 2627 1528 2665 p.
1555 2610 1636 2652 142

175 2674 203 2712 7
225 2671 290 2710 ed.
311 2673 441 2710 Boun.

288 2726 358 2769 24.
416 2730 700 2782 antiquissimis
727 2730 972 2781 temporibus
998 2731 1140 2768 Persas
1167 2734 1374 2765 veneratos
1400 2739 1485 2763 esse
1510 2723 1635 2762 solem

176 2796 231 2821 ex
250 2785 388 2823 multis
407 2792 614 2823 auctorum
632 2788 869 2825 testimoniis
888 2787 1097 2838 colligitur.
1157 2797 1203 2822 ea
1234 2784 1372 2834 religio
1401 2787 1551 2819 retenta
1577 2783 1636 2815 est

176 2853 199 2876 a
221 2839 402 2890 Parthis,
433 2843 501 2894 qui
522 2844 734 2882 Persarum
752 2844 919 2895 imperio
939 2844 1058 2896 potiti
1074 2848 1179 2881 sunt.
1238 2852 1389 2893 equum
1408 2844 1542 2876 autem
1561 2834 1637 2874 soli
