1838 3210
536 172 874 220 DESCRIPTIO
906 174 958 222 S.
987 170 1239 218 SOPHIAE.
1518 170 1613 224 147

156 287 214 326 sic
245 293 379 325 autem
403 295 493 327 eam
521 282 630 323 aedis
655 290 810 336 partem
836 289 1109 336 nuncupatam
1134 283 1221 321 vult
1243 279 1418 323 Isidorus
1435 281 1484 320 de
1501 284 1613 322 Eccl.

155 344 269 382 Offic.
288 346 308 384 1
341 346 390 385 3:
422 355 449 379 a
469 341 886 392 chori-spsallentium:
918 347 977 379 est
999 341 1107 379 enim
1129 338 1284 390 Suidae
1297 335 1416 391 χορὸς
1432 335 1615 391 σύστημα

154 403 238 440 τῶν
255 399 298 440 ἐν
316 398 544 450 ἐκκλησίαις
564 394 773 453 ᾆδόντωνι
812 396 908 435 inde
931 398 1076 435 nostris
1100 395 1241 435 chorus
1263 394 1406 437 dicitur
1417 409 1521 446 pare
1538 396 1615 438 illa

157 470 261 508 quae
277 469 304 492 a
319 455 508 493 cancellis
525 468 660 493 versus
677 454 807 492 altare
822 453 1034 500 dividitur,
1062 460 1099 491 et
1119 453 1248 492 choris
1265 459 1422 491 tantum
1429 452 1617 504 psallen-

156 514 258 550 tium
286 512 516 549 clericorum
537 517 669 562 patet,
698 517 743 550 ut
768 511 824 548 ait
846 511 1061 553 concilium
1079 511 1233 549 Turon.
1256 522 1290 547 11
1316 522 1404 546 can.
1427 508 1468 549 4.
1526 522 1618 548 eam

156 582 273 620 porro
303 565 668 619 aedisSophianae
697 574 854 619 partem
885 567 1121 618 intrapilas
1147 573 1187 604 et
1209 566 1412 604 columnas
1433 578 1618 617 compreff-

154 624 324 663 hensam
350 625 483 663 forma
513 637 598 662 esse
620 630 758 672 ovata,
783 636 903 675 supra
924 636 978 662 ex
997 623 1131 675 Grynio
1154 623 1464 662 observavimus.
1513 636 1617 673 pars

150 683 262 719 enim
288 680 399 719 aedis
428 682 606 727 interior,
633 681 763 732 inquit
789 681 884 729 ille,
912 687 951 721 et
979 679 1112 718 media
1136 679 1213 716 illa
1236 680 1378 730 ingens
1402 691 1551 724 vacua,
1580 679 1618 716 .ςί

152 737 241 775 sola
263 738 526 775 consideretur
547 736 826 787 comprehensa
843 737 952 774 intra
965 736 1080 787 pila-s·
1098 742 1136 773 ct
1152 735 1376 781 columnas,
1404 741 1460 772 est
1471 734 1616 786 jbrma

153 801 292 840 ovata,
323 795 360 831 si
382 807 472 832 vero
498 800 580 830 tota
610 800 694 834 tam
719 794 827 830 intra
850 806 973 843 quam
995 800 1105 830 extra
1115 792 1230 843 pilas
1243 792 1531 843 perspiciatur,
1561 797 1619 828 est

151 850 369 902 quadrata.
430 851 488 886 ita
515 850 620 886 enim
649 862 696 886 ex
717 856 883 899 utroque
913 849 1036 887 latere
1057 849 1168 886 velat
1188 849 1281 888 alae
1299 860 1501 898 appensae
1522 853 1619 887 sunt

153 914 232 944 tres
262 906 393 945 atilae,
411 905 616 957 inferiores
647 911 685 941 et
714 905 874 943 totidem
895 906 1131 956 superiores,
1159 911 1206 943 ut
1222 903 1275 943 ab
1295 905 1374 941 imo
1387 905 1617 954 pavimento

148 962 342 1013 procedat
371 961 590 1013 quadrata,
628 961 770 999 deinde
799 963 906 999 intra
931 969 1015 999 octo
1041 961 1155 1013 pilas
1182 962 1226 998 in
1256 966 1417 998 ovatum
1432 960 1619 1011 firmam

152 1018 430 1064 contrahatur,
458 1031 582 1070 usque
598 1018 658 1055 ad
670 1025 928 1056 curvaturam
947 1025 1136 1071 quattuor
1151 1030 1320 1055 arcumn
1336 1017 1620 1054 sustinentium
1775 1066 1777 1069 ι

150 1074 497 1126 hemisphaerium.
558 1073 750 1115 sedebant
775 1081 910 1112 autem
937 1075 1070 1112 clerici
1097 1081 1136 1112 et
1162 1080 1342 1122 cantores
1366 1073 1416 1111 ab
1443 1079 1611 1126 utraque
1636 1073 1667 1108 P
1689 1072 1757 1110 591

153 1138 265 1183 parte
288 1130 332 1172 ἐν
355 1130 595 1181 cruciatione,
622 1137 667 1168 ut
688 1137 748 1168 est
770 1131 813 1168 in
831 1129 1096 1182 Euohologio.

264 1210 335 1251 78.
393 1203 512 1249 Ναόν
542 1214 581 1245 et
614 1206 780 1246 chorum
813 1206 1063 1260 Sophianum
1096 1205 1327 1245 conficiebat
1356 1212 1488 1244 totum
1513 1204 1618 1244 illud

154 1265 348 1318 spatium,
394 1263 503 1318 quod
534 1265 648 1310 intra,
677 1271 862 1317 quattuor
887 1265 990 1316 pilas
1019 1264 1190 1301 maiores
1217 1264 1459 1311 continetur,
1505 1263 1617 1301 cuius

151 1323 388 1370 umbilicus,
419 1323 483 1358 cui
507 1334 653 1372 nempe
682 1328 861 1358 centrum
887 1321 1053 1372 copulae
1074 1333 1146 1358 seu
1164 1320 1308 1357 trullae
1327 1317 1380 1356 ad
1399 1317 1618 1370 perpendi-

154 1379 290 1416 culum
307 1378 511 1425 imminet,
540 1376 697 1415 videtur
715 1378 908 1429 appellari
929 1373 1108 1428 ὀμφαλός
1126 1389 1197 1415 seu
1214 1373 1260 1417 τό
1278 1374 1401 1427 μέσον
1418 1378 1495 1415 τοῦ
1511 1376 1617 1416 ναοῦ

155 1433 265 1486 apud
281 1435 461 1471 Marcum
481 1432 530 1471 de
548 1434 690 1472 Dubiis
709 1435 852 1486 typicis
873 1447 907 1471 c.
925 1435 1002 1483 96,
1033 1429 1289 1486 μεσόμφαλος
1305 1432 1493 1482 Gregorio
1511 1432 1615 1469 Cae-

153 1492 319 1529 sariensi
347 1497 445 1528 orat.
469 1491 512 1527 in
532 1492 726 1528 Nicaenos
744 1496 900 1542 patres,
930 1496 970 1528 et
990 1485 1186 1543 μεσόναος
1206 1487 1315 1541 apud
1334 1489 1617 1531 Balsamonem

151 1548 195 1584 in
220 1546 276 1588 74
303 1558 390 1584 can.
414 1546 600 1584 Trullan.

266 1626 337 1666 79.
393 1626 470 1662 Per
486 1624 586 1674 alios
603 1636 696 1661 vero
715 1623 913 1661 cancellos
932 1620 1183 1661 dividebatur
1195 1634 1288 1673 pars
1303 1621 1375 1659 illa
1390 1621 1531 1674 templi
1547 1633 1615 1659 sa-

153 1678 378 1720 cerdotibus
399 1681 551 1718 clericis
576 1686 614 1717 et
635 1679 858 1717 cantoribus
877 1677 1036 1717 addicta
1061 1679 1109 1716 ab
1131 1691 1178 1716 ea
1198 1679 1241 1716 in
1261 1690 1340 1731 qua
1358 1676 1497 1717 fideles
1517 1690 1615 1716 con-

152 1737 364 1785 sistebant,
394 1736 581 1774 inferiore
607 1748 776 1786 nempe,
806 1742 846 1773 et
873 1748 976 1788 quae
1002 1733 1055 1774 ad
1078 1733 1309 1773 narthecem
1331 1735 1474 1786 vergit.
1503 1730 1506 1732 ’
1530 1735 1614 1772 Leo

153 1795 237 1833 Ost.
266 1793 294 1833 3
322 1795 401 1833 27:
429 1792 613 1843 frontem
639 1792 758 1828 etiam
780 1791 908 1837 chori,
937 1805 1053 1842 quem
1078 1792 1122 1828 in
1150 1791 1279 1828 medio
1296 1791 1392 1842 fire
1424 1789 1615 1827 basilicae

151 1850 311 1894 statuit,
340 1854 527 1899 quattuor
540 1848 701 1898 magnis
716 1860 960 1884 marmorum
976 1846 1127 1884 tabulis·
1143 1848 1275 1896 sepsit.
1321 1846 1393 1884 ubi
1410 1859 1505 1884 vero
1522 1858 1614 1898 pars

152 1906 225 1943 illa
246 1903 380 1942 media
399 1903 508 1942 aedis
526 1902 751 1955 Sophianae
771 1903 819 1940 ab
841 1903 1028 1940 inferiore
1044 1903 1322 1954 separabatur,
1351 1908 1397 1940 ut
1414 1902 1458 1939 in
1473 1902 1616 1939 bema-

153 1963 204 2000 tis
227 1961 426 2008 cancellis,
455 1962 511 1998 ita
533 1961 576 1997 in
595 1973 642 1997 ea
664 1959 931 2010 exsurgebant
949 1960 1155 1996 columnae
1176 1970 1437 1996 marmoreae.
1491 1957 1615 1996 tradit

152 2019 302 2071 quippe
336 2017 493 2069 Gyllius
525 2017 629 2053 inter
659 2016 762 2068 pilas
798 2014 920 2064 duas,
951 2016 1095 2068 quibus
1119 2016 1334 2053 sustinetur
1358 2020 1498 2067 quarta
1521 2027 1613 2066 pars

152 2072 344 2125 sphaerae
375 2072 651 2121 occidentalis,
682 2078 867 2124 quattuor
897 2079 1054 2110 exstare
1089 2072 1293 2109 columnas
1323 2069 1492 2118 virides,
1523 2083 1614 2108 eas-

154 2129 324 2182 demque
349 2130 462 2167 binas
486 2130 589 2166 inter
613 2142 655 2167 se
682 2129 932 2179 coniunctas,
965 2135 1004 2167 et
1028 2141 1103 2167 sex
1122 2128 1356 2168 columellas
1374 2125 1522 2166 virides
1545 2129 1614 2165 Io-

152 2187 284 2235 nicas,
314 2199 417 2238 quae
441 2186 544 2223 inter
565 2197 631 2223 eas
650 2184 915 2223 intercedunt.
972 2232 975 2233 ⁷

266 2255 335 2294 80.
391 2254 444 2290 Ut
476 2265 593 2303 porro
627 2252 793 2289 cancelli
821 2252 991 2289 bematis
1024 2251 1151 2290 tribus
1174 2250 1452 2302 aperiebantur
1472 2251 1612 2301 portis,

153 2310 210 2347 ita
241 2309 407 2347 cancelli
434 2311 559 2358 ναοῦ,
587 2307 721 2346 media
749 2309 899 2346 scilicet
922 2308 1064 2346 maiori
1083 2314 1122 2345 et
1140 2306 1293 2344 duabus
1318 2307 1539 2346 minoribus
1561 2305 1614 2344 ad

152 2366 293 2404 latera.
349 2363 483 2402 media
511 2363 641 2418 ui'ooeloc
667 2360 775 2416 πύλη
807 2363 950 2403 dicitur
977 2363 1128 2402 Codino
1160 2363 1209 2401 de
1242 2362 1320 2401 Off.
1352 2376 1387 2400 c.
1414 2364 1466 2404 17
1492 2369 1531 2400 et
1557 2364 1610 2404 18

155 2423 246 2473 (nos
265 2421 486 2460 diceremus
508 2421 551 2460 la
572 2421 671 2459 belle
685 2422 834 2471 porte),
863 2418 1051 2473 βασιλική
1068 2422 1112 2458 in
1133 2420 1289 2472 Typico
1310 2425 1349 2456 et
1362 2417 1611 2469 Euchologio

153 2491 235 2515 nou
251 2479 376 2516 semel
396 2485 436 2515 et
455 2476 562 2530 apud
578 2476 776 2515 Codinum
795 2483 834 2514 et
847 2478 1128 2530 Anonymum3
1157 2483 1361 2527 praeterea
1379 2474 1486 2528 apud
1504 2477 1612 2512 Leo-

154 2547 248 2571 nem
275 2535 492 2572 Grammat.
523 2548 565 2586 p.
592 2533 676 2575 460
713 2540 752 2571 et
788 2530 1362 2572 Marcnmflieromonachum
1393 2530 1444 2572 de
1469 2531 1611 2569 Dubiis

154 2597 240 2642 typ.
263 2603 298 2628 c.
320 2591 374 2631 96
388 2619 399 2639 ,
430 2591 500 2642 qui
531 2586 740 2643 βασιλικὰς
767 2586 900 2637 πύλας
927 2602 950 2628 a
973 2590 1119 2630 sanctis
1133 2618 1143 2638 ‚
1171 2601 1275 2641 quae
1295 2588 1464 2627 bematis
1486 2593 1610 2635 erant,

156 2647 316 2684 omnino
338 2645 597 2697 distinguunt.
625 2647 759 2697 regias
778 2652 921 2685 vocant
938 2647 1071 2684 Latini
1092 2646 1180 2684 aevi
1200 2643 1325 2683 medii
1343 2650 1477 2696 portas
1497 2642 1610 2680 aedi-

155 2702 336 2740 ficiorum
351 2703 580 2752 primarias,
611 2709 656 2740 ut
673 2702 827 2753 Regula
842 2703 1024 2753 Magistri
1043 2716 1077 2740 c.
1102 2704 1169 2749 30,
1199 2703 1267 2748 83,
1297 2701 1351 2742 95
1379 2707 1419 2738 et
1439 2697 1610 2737 Chroni-

157 2772 233 2796 con
261 2758 520 2796 Novalicense
545 2772 580 2798 c.
600 2758 667 2801 14.
723 2771 860 2798 versus
880 2759 924 2796 in
941 2759 1031 2799 Vita
1053 2759 1097 2798 S.
1117 2755 1352 2796 Theodardi
1374 2754 1609 2796 confessoris

157 2813 265 2866 apud
286 2814 514 2853 Catellumz.
