1890 3224
307 173 373 222 94
925 174 1146 219 PETAVII

307 285 520 325 Februario
536 286 598 324 die
615 283 654 326 4.
702 286 914 336 imperator
931 293 1063 323 antem
1075 286 1277 337 praecepit
1295 284 1380 323 alia
1397 283 1641 323 hebdomada
1659 299 1750 323 ear-

307 357 396 380 nem
418 344 590 394 oppon&
630 349 668 379 et
686 356 819 379 omnes
835 344 1016 379 carnium
1034 343 1249 380 venditores
1263 341 1487 379 oeciderunt
1505 349 1542 378 et
1557 356 1749 392 apposue-

305 407 417 445 rant,
447 406 483 436 et
509 412 620 436 nemo
652 398 790 436 edebat
815 406 888 436 aut
912 398 1073 436 emebat.
1126 413 1246 449 porro
1268 398 1427 449 pascha
1442 398 1607 449 factam
1631 406 1686 435 est
1705 405 1751 436 ut

186 457 215 491 P
239 455 285 492 54
307 457 519 505 imperator
536 455 673 501 iussit,
699 462 735 492 et
753 457 935 493 inventas
955 462 1013 493 est
1027 455 1203 506 populus
1222 456 1405 492 ieiunans
1423 454 1663 492 hebdomade
1681 469 1751 492 sw-

301 512 476 563 perfluo.
538 524 591 549 ex
618 512 759 563 quibus
783 513 979 562 colligitur
1001 514 1192 578 populum
1213 511 1435 563 praefixum
1453 511 1500 548 ab
1517 512 1751 563 imperatore

307 569 520 606 terminum
551 566 803 606 hebdomada
831 566 957 606 solida
981 570 1243 620 praevenisse.
1298 569 1340 605 in
1366 568 1571 606 annalibus
1597 567 1751 605 confer-

307 632 373 662 tur
395 623 503 662 hoc
491 638 534 661 ιιι
552 637 588 662 a.
605 625 649 662 C.
668 623 762 665 545.
818 638 957 662 verum
981 627 1160 677 sequenti
1180 625 1298 676 plane
1319 625 1480 675 contigit
1499 623 1753 672 546,1usti-

307 682 418 718 niani
445 681 495 721 19
525 679 702 718 nondum
731 681 887 719 evoluto
929 681 1065 734 (quod
1090 683 1222 733 ipsum
1247 681 1498 732 scriptoribus
1525 680 1752 731 imposuit),

308 735 493 786 inchoata
508 738 590 774 iam
608 736 748 775 Indict.
768 739 808 777 9.
863 739 906 774 in
926 750 1003 790 quo
1023 737 1276 776 vehementer
1296 735 1585 774 hallucinantur
1602 738 1668 788 qui
1687 741 1754 773 aut

310 806 482 831 errorem
506 794 622 831 illum
644 794 859 831 IustinIano
885 795 1082 843 tribuunt,
1114 801 1180 832 aut
1210 794 1335 831 ullam
1367 794 1526 830 omnino
1557 791 1755 843 paschatis

312 847 557 902 διαστροφήν
584 849 771 888 accidisse
801 851 993 899 scribunt,
1024 853 1082 888 uti
1105 849 1305 888 cedrenus
1329 847 1594 900 Theophanes
1617 855 1655 886 et
1673 849 1756 896 alii,

313 908 381 960 qui
397 919 531 944 secum
549 907 624 957 ipsi
642 908 845 958 perspicue
863 914 1053 959 pugnant.
1085 909 1230 945 etenim
1249 907 1284 944 si
1305 919 1357 943 ex
1377 906 1623 956 imperatoris
1639 917 1757 956 prae-

313 964 482 1014 scripto,
514 962 621 1014 quod
642 965 781 1001 canoni
800 971 1105 1002 consentaneum
1122 964 1245 1001 fuisse
1266 975 1365 1000 mox
1383 960 1653 1008 ostendemus,
1683 973 1757 1012 pa-

313 1018 409 1057 scha
435 1020 675 1057 celebratum
692 1027 770 1068 est,
799 1021 909 1057 nulla
933 1021 1015 1058 eius
1035 1020 1210 1072 profecto
1233 1015 1451 1070 διαστροφή
1471 1018 1566 1066 fuit,
1596 1015 1666 1055 sed
1686 1018 1759 1068 τῆς

313 1071 617 1127 ἆποκρεωσίμου
646 1075 783 1127 ἑορτῆς
817 1075 1030 1123 duntaxat,
1076 1088 1197 1127 quam
1231 1075 1372 1125 vulgus
1405 1075 1632 1124 imperitum
1666 1085 1757 1110 cum

314 1130 668 1183 quartadecimanis
694 1138 827 1169 contra
852 1145 1045 1169 canonem
1070 1133 1212 1168 inierat
1233 1130 1436 1166 Februarii
1451 1129 1490 1169 4.
1548 1128 1624 1167 hoc
1652 1130 1760 1167 enim

317 1200 420 1224 anno
442 1188 574 1238 cyclus
592 1188 709 1223 lunae
727 1187 803 1223 fuit
826 1186 895 1234 15,
925 1187 1057 1238 cyclus
1075 1187 1168 1224 solis
1186 1187 1387 1223 Romanus
1406 1186 1480 1231 23,
1509 1184 1568 1222 lit.
1587 1184 1693 1223 dom.
1711 1185 1760 1233 G,

317 1249 591 1281 concurrentes
611 1243 694 1280 sive
711 1249 870 1293 epactae
891 1243 984 1280 solis
1004 1245 1052 1291 7,
1081 1243 1329 1280 novilunium
1343 1239 1527 1292 paschale
1548 1243 1597 1282 19
1616 1242 1760 1289 Martii,

315 1301 508 1337 terminus
526 1312 618 1336 vero
639 1296 720 1336 kal.
741 1300 860 1349 Apr.;
891 1311 992 1350 quae
1011 1312 1101 1336 cum
1121 1298 1437 1336 concurrentibus
1457 1296 1551 1334 dant
1569 1297 1761 1338 feriaml.

316 1369 439 1408 quare
456 1354 747 1406 prorogandum
766 1362 923 1406 tempus
942 1368 995 1392 ex
1015 1368 1185 1404 canone,
1220 1361 1259 1392 et
1279 1354 1425 1405 Aprilis
1446 1356 1470 1395 8
1489 1353 1636 1404 pascha
1655 1354 1762 1392 cele-

315 1411 534 1460 brandum,
566 1418 610 1449 ut
637 1413 750 1449 scivit
771 1413 1025 1449 Iustinianus.
1083 1425 1215 1449 rursus
1237 1424 1290 1448 ex
1311 1409 1450 1448 eodem
1468 1411 1634 1447 Maximi
1652 1422 1762 1448 com-

317 1476 412 1520 puto
442 1469 632 1506 terminus
666 1470 737 1520 τῆς
766 1465 1062 1520 παρεισβασεως
1090 1470 1170 1508 τῶν
1201 1465 1325 1521 ἁγίων
1356 1469 1547 1518 νηστειῶν
1578 1468 1660 1504 sive
1690 1468 1763 1518 τῆς

318 1521 621 1578 ἄποπρεωσίμου
646 1523 785 1578 ἑορτῆς
805 1525 1006 1562 Februarii
1027 1525 1073 1573 4,
1104 1537 1204 1576 quae
1228 1537 1318 1561 cum
1339 1526 1579 1576 προσθεταῖς
1598 1521 1764 1561 totidem

319 1588 359 1618 et
387 1581 704 1619 concurrentibus
733 1581 854 1618 nullis
878 1580 945 1617 dat
969 1581 1110 1617 feriam
1135 1582 1181 1628 13
1211 1578 1454 1631 proindeque
1483 1577 1763 1616 diffundendus
1800 1621 1805 1623 ,

320 1636 437 1675 dies
425 1650 468 1673 ιιι
489 1639 515 1678 9
534 1636 749 1673 Februarii.
808 1649 897 1673 cum
924 1638 1045 1686 igitur
1068 1637 1238 1687 populus
1260 1642 1350 1672 ante
1369 1635 1591 1685 legitimum
1606 1642 1763 1686 tempus

318 1695 362 1731 in
397 1694 567 1744 ipsomet
599 1694 768 1729 termino
802 1693 997 1729 ieiunium
1036 1693 1119 1730 sive
1158 1689 1500 1744 quadragesimam
1534 1691 1599 1727 vel
1633 1692 1764 1742 potius

317 1744 681 1800 πεντηκονταεκτήν
712 1746 935 1786 inchoasset
964 1747 1078 1785 Febr.
1099 1747 1157 1796 -4,
1200 1747 1462 1784 celebraturus
1498 1744 1645 1797 pascha
1682 1745 1765 1784 kal.

320 1806 491 1856 Aprilis,
534 1805 772 1842 Iustinianus
799 1803 925 1842 edixit
948 1817 1000 1841 ne
1029 1810 1119 1841 ante
1147 1804 1173 1843 8
1197 1804 1346 1854 Aprilis
1375 1809 1567 1854 ageretur.
1630 1804 1764 1855 itaque

321 1860 616 1899 hebdomadem
643 1873 765 1898 unam
797 1859 848 1897 ad
877 1862 903 1901 8
936 1861 1117 1898 solennes
1149 1858 1325 1907 addidit3
1369 1872 1448 1912 qua
1475 1859 1768 1909 religiosissima

322 1919 436 1970 plebs
455 1919 738 1968 interrumpere
759 1917 951 1954 ieiunium
966 1917 1093 1954 noluit
1110 1923 1148 1954 et
1165 1916 1314 1953 oblatas
1332 1928 1467 1953 carnes
1485 1917 1645 1966 respuit.
1701 1929 1769 1953 ce—

322 1981 453 2011 terum
484 1974 526 2011 in
555 1972 673 2011 huius
697 1974 960 2024 explicatione
981 1974 1059 2010 loci
1079 1973 1240 2010 mirifice
1260 1972 1412 2010 aberrat
1432 1970 1621 2023 Iosephus
1639 1971 1768 2010 Scali-

324 2043 394 2081 ger
434 2030 487 2081 (l.
517 2028 543 2070 4
574 2029 622 2066 de
649 2029 860 2067 Emendat.
887 2028 1083 2081 Temp.),
1127 2042 1218 2067 cum
1245 2027 1351 2080 apud
1379 2027 1599 2066 Cedrenum
1623 2040 1695 2079 pro
1718 2031 1767 2076 A,

323 2086 401 2125 hoc
421 2093 479 2124 est
501 2085 526 2126 4
542 2087 763 2134 Februarii,
796 2088 873 2134 ῙΔ,
903 2085 979 2124 hoc
1006 2092 1064 2123 est
1093 2085 1166 2135 14,
1196 2085 1393 2133 rescribit,
1424 2091 1462 2122 et
1486 2084 1539 2124 53
1559 2082 1642 2121 dies
1665 2083 1769 2120 ieiu-

323 2156 440 2180 nasse
463 2143 654 2194 populum
675 2149 792 2194 atque
814 2142 861 2179 ab
882 2156 951 2180 esu
972 2143 1148 2180 carnium
1167 2141 1399 2180 abstinuisse
1424 2140 1580 2187 scribit,
1610 2152 1701 2177 cum
1717 2152 1769 2177 ex

325 2198 607 2237 consuetudine
640 2198 692 2238 46
725 2205 880 2235 tautum
910 2198 993 2236 dies
1026 2199 1173 2235 ieiunio
1204 2198 1282 2235 sint
1308 2197 1494 2233 attributi.
1550 2209 1688 2234 verum
1718 2208 1771 2233 ex

324 2256 492 2292 Maximi
514 2260 696 2305 computo
709 2283 720 2302 ,
752 2267 872 2305 quem
888 2256 973 2306 ipse
993 2256 1035 2291 in
1059 2255 1207 2291 calcem
1230 2253 1321 2290 libri
1343 2254 1405 2290 sui
1426 2253 1609 2301 coniecit,
1638 2253 1771 2289 mani-

324 2312 426 2349 feste
444 2312 697 2348 convincitur.
730 2311 930 2348 Maximus
950 2311 1056 2348 enim
1073 2309 1124 2347 ad
1145 2308 1360 2347 eruendam
1378 2306 1452 2361 τήν
1469 2304 1771 2362 ἆποκρεῶσιμον

327 2363 470 2421 ἑορτήν
497 2365 678 2418 indagari
705 2368 832 2417 primo
864 2367 973 2404 iubet
1000 2367 1130 2418 cyclos
1156 2366 1250 2404 solis
1270 2379 1315 2403 ac
1335 2366 1454 2403 lunae
1478 2378 1530 2402 ex
1549 2365 1679 2402 lunari
1696 2378 1771 2416 pe-

327 2423 461 2473 riodo,
489 2430 575 2461 tum
595 2396 896 2461 concurrentes.
953 2421 1029 2460 hae
1062 2436 1152 2460 cum
1183 2425 1446 2475 προσθεταῖς,
1471 2422 1505 2458 si
1532 2421 1638 2457 ullae
1665 2426 1770 2469 sunt,

330 2486 369 2516 et
387 2483 436 2534 τῇ
455 2480 640 2535 ποστιαίᾳ
658 2478 751 2516 dant
770 2479 924 2516 feriam.
982 2478 1149 2531 quodsi
1138 2492 1181 2516 ιιι
1196 2480 1410 2516 terminmn
1426 2478 1558 2528 ipsum
1575 2475 1773 2514 dominica

330 2534 414 2572 dies
434 2537 627 2584 incurrat,
657 2534 958 2573 diffundendum
978 2549 1063 2574 esse
1084 2534 1219 2573 diem
1207 2549 1249 2572 ιιι
1269 2540 1500 2586 sequentem
1519 2531 1771 2581 dominicam,

328 2597 373 2628 ut
391 2592 433 2627 in
451 2591 637 2641 paschate
654 2592 738 2630 fieri
755 2593 867 2630 solet.
897 2591 1006 2630 addit
1024 2605 1142 2631 usum
1162 2593 1378 2644 ψηφισμοῦ
1395 2591 1438 2627 in
1455 2602 1490 2627 a.
1510 2589 1683 2627 Heraclii
1702 2591 1771 2639 31,

331 2648 402 2700 qui
428 2654 486 2684 est
512 2646 656 2686 Clu-isti
678 2648 772 2690 641.
951 2667 956 2672 ’

443 2705 526 2740 Ηοο
547 2710 587 2740 ut
603 2706 758 2754 planius
775 2705 972 2755 intelligas
986 2734 996 2753 ‚
1027 2705 1123 2742 scito
1140 2704 1309 2741 Graecos
1327 2700 1651 2755 quadragesimae
1670 2701 1774 2738 ieiu-

330 2759 442 2796 nium
474 2772 497 2796 a
530 2758 748 2809 dominica,
790 2774 908 2813 quam
941 2774 1011 2799 nos
1039 2761 1308 2811 sexagesimae
1341 2759 1462 2809 vulgo
1494 2757 1680 2805 dicimus,
1707 2757 1773 2793 in-

331 2813 472 2853 choare
504 2816 667 2867 solitos3
712 2817 819 2870 quod
851 2815 1013 2871 quidem
1042 2830 1094 2855 ex
1122 2817 1289 2854 Maximi
1321 2821 1503 2867 computo
1538 2814 1771 2865 colligimus,
