1838 3210
524 166 860 210 DESCRIPTIO
895 167 939 210 S.
972 166 1225 210 SOPHIAE.
1536 165 1603 212 99

149 284 255 316 tam:
283 276 472 328 processit
499 283 632 314 autem
656 283 695 313 et
721 277 954 328 imperatrix·
979 277 1149 323 Eirene,
1186 289 1279 314 cum
1302 277 1605 327 praecessissent

151 335 403 385 imperatores
412 360 429 379 ,
472 334 634 383 sceptris
671 332 970 384 obsequentibus
1001 347 1077 384 per
1113 332 1270 371 scholas
1308 332 1495 370 antelatis
1503 347 1521 380 ,⁸
1570 339 1607 370 et

150 388 451 428 ascendentibus
469 403 547 440 per
564 402 708 426 aeneae
722 397 863 439 portae
882 403 1088 428 ascensum
1108 391 1151 428 in
1171 388 1464 427 catechumenia
1481 388 1605 426 eccle-

151 448 252 492 siae,
280 460 359 484 non
375 446 505 483 exiens
521 447 564 483 in
578 445 760 497 plateam
776 444 940 484 Emboli
958 453 1031 484 etc.
1073 447 1143 484 ubi
1153 446 1295 498 platea
1311 445 1474 484 Emboli
1490 445 1607 484 vide-

152 509 217 541 tur
234 516 320 540 esse
338 503 503 539 inferior
521 504 708 553 porticus.

264 558 333 599 42.
379 561 424 596 In
434 559 618 596 inferiore
628 560 782 610 porticu
792 557 1044 597 mel-Idionali
1059 559 1211 596 exstitit
1224 556 1403 596 aedicula
1418 558 1484 596 vel
1500 558 1604 606 aula,

152 615 195 652 in
209 627 287 667 qna
298 617 523 666 imperator,
537 629 628 653 cum
643 629 843 655 sacrorum
854 617 1047 654 librorum
1057 615 1269 653 lectionem
1280 614 1418 652 auditu
1429 615 1609 665 excipie-

152 671 221 709 bat
233 701 244 719 ,
285 673 496 709 consistere
516 673 680 710 solebat.
740 674 793 710 ait
813 674 921 711 enim
940 673 1189 710 silentiarius
1207 679 1310 710 stare
1330 671 1382 709 ad
1400 670 1610 709 meridiem

153 729 351 779 porticum
367 741 650 776 marmoream,
682 730 980 782 septentrionali
998 730 1160 780 omnino
1179 728 1376 767 similem:
1406 727 1478 766 sed
1495 728 1610 765 illam

152 782 301 822 habere
329 783 522 836 quiddam
549 785 743 836 amplius:
780 798 899 823 muro
928 785 1037 822 enim
1060 785 1260 824 seclusum
1281 785 1415 823 locum
1437 797 1607 832 servare,
1632 789 1662 824 P
1686 790 1755 827 554

154 841 224 878 ubi
247 842 506 892 imperatores
535 853 738 879 sacrorum
761 841 955 880 librorum
984 841 1199 879 lectionem
1228 840 1368 879 auditu
1390 841 1611 892 excipiunt.

154 898 212 936 sic
228 897 298 935 ille
317 903 420 949 part·
440 899 468 938 2
486 909 524 935 v.
546 894 651 938 164:

864 950 941 1003 ἔχει
962 949 1006 992 δέ
1024 966 1062 991 τι
1083 949 1204 992 πλέον
1224 947 1322 1018 ἥδε·

370 1008 485 1076 velpa
505 1005 581 1061 γάρ
599 1022 680 1048 τινι
699 1009 830 1060 χαῖρον
851 1004 1124 1061 ἀποκριθέντα
1143 1011 1340 1058 φυλασσει

372 1065 588 1104 Αυσονίων
607 1065 790 1116 βασιλῆϊ,
820 1064 1076 1112 θεοστὲπτοις
1097 1063 1140 1104 ἔν
1159 1063 1326 1116 ἑορταῖς,

373 1119 477 1161 ἔνθα
491 1115 525 1161 δ’
545 1117 635 1173 ἐμὸς
649 1122 897 1172 σκηπτοῦχος
914 1117 1115 1173 ἐφήμενος
1127 1115 1156 1174 η’
1160 1118 1259 1161 aaz&
1269 1117 1395 1175 θώκῳ

376 1172 634 1228 μυστιπόλοις
655 1177 855 1229 βίβλοισιν
876 1174 949 1229 ἑὴν
970 1175 1180 1217 ἐπέτασσεν
1200 1172 1371 1230 οἷκουήν.

158 1244 212 1269 ex
239 1231 382 1283 quibus
401 1232 559 1270 videtur
574 1246 690 1285 posse
710 1234 844 1284 colligi
863 1231 1085 1271 aediculam
1105 1246 1177 1271 seu
1195 1234 1330 1271 aulam
1347 1233 1466 1271 istam
1490 1231 1613 1270 muris

157 1295 311 1338 septam
338 1303 426 1327 eam
452 1303 556 1338 esse,
600 1302 702 1342 quae
733 1291 951 1328 etiamnum
971 1297 1048 1328 stat
1072 1289 1124 1327 ad
1140 1290 1244 1328 latus
1263 1287 1524 1328 meridionale
1541 1289 1615 1325 be-

156 1345 296 1393 matis,
339 1346 380 1382 in
403 1359 482 1398 qua
506 1359 685 1384 summus
706 1347 930 1384 Turcorum
951 1347 1130 1384 sultanus
1151 1347 1345 1394 consistit,
1387 1343 1484 1381 dum
1505 1356 1617 1382 sacra

157 1400 325 1452 profana
344 1403 386 1438 in
405 1415 514 1440 sacro
535 1403 631 1439 olim
647 1403 797 1453 templo
814 1409 1078 1454 peraguntur,
1108 1409 1148 1440 et
1167 1401 1219 1440 ad
1236 1414 1357 1454 quam
1371 1413 1443 1454 per
1461 1407 1618 1451 portam

160 1457 393 1494 orientalem
421 1471 473 1496 ex
501 1458 638 1496 Saraio
672 1457 838 1496 accedit.
896 1466 1014 1510 atque
1039 1457 1133 1495 inde
1166 1457 1357 1496 docemur
1390 1455 1488 1510 quid
1518 1457 1616 1494 velit

159 1511 335 1551 Codinus
354 1512 403 1551 de
425 1514 538 1553 offic.
561 1528 595 1551 c.
619 1514 672 1556 15
690 1528 731 1551 n.
750 1512 799 1562 4,
840 1513 936 1552 dum
958 1516 1014 1552 ait
1034 1515 1315 1566 imperatorem
1338 1515 1381 1552 in
1399 1514 1617 1561 ,ecclesiam

158 1567 404 1620 Sophianam
427 1569 661 1621 procedere,
697 1570 833 1622 ibique
850 1571 891 1608 S.
913 1571 1052 1608 Basilii
1072 1572 1320 1621 precatIOnes
1342 1583 1413 1608 seu
1434 1570 1543 1607 illius
1563 1570 1618 1607 li-

156 1625 320 1663 brorum
336 1627 550 1664 lectionem
569 1625 708 1664 auditu
726 1628 910 1678 excipere
923 1656 933 1675 ,
962 1628 1076 1664 iuxta
1096 1626 1364 1664 diaconicum:
1410 1621 1618 1678 ἐπέρχεται

158 1682 217 1729 εἷς
239 1679 315 1734 τήν
337 1681 455 1735 ἁγίαν
476 1684 638 1733 Σοφίαν
658 1681 867 1734 βασιλεύς,
905 1681 974 1722 καὶ
1003 1678 1142 1723 οἷκούει
1169 1679 1270 1736 παρ’
1302 1679 1428 1723 αὐτοῦ
1450 1680 1521 1730 τοὶς
1541 1683 1619 1722 τοῦ

159 1734 335 1790 μεγάλου
373 1740 583 1778 Βασιλείου
626 1735 766 1790 εὐχάς,
815 1740 987 1790 πλησίον
1014 1741 1088 1779 τοῦ
1120 1740 1367 1779 διακονικοῦ-
1424 1751 1520 1775 nam
1550 1737 1619 1776 hio

161 1796 330 1832 sumitur
350 1793 598 1831 diaconicum
617 1807 689 1845 pro
708 1793 901 1832 conchula
921 1795 1100 1842 bematis,
1132 1808 1233 1847 quae
1257 1794 1307 1832 ad
1326 1796 1526 1832 sinistram
1546 1807 1623 1832 seu.

162 1849 215 1887 ad
236 1851 340 1887 latus
368 1849 626 1887 meridionale
658 1851 819 1887 maioris
848 1849 1020 1887 conchae
1052 1856 1154 1898 erat,
1196 1857 1240 1887 ut
1266 1851 1369 1887 infra
1387 1851 1616 1901 probamus,

162 1913 281 1958 atque
298 1905 396 1943 adeo
418 1919 520 1958 quae
538 1907 623 1943 loco
643 1904 736 1943 huic
752 1919 866 1943 muro
884 1907 1038 1944 secluso
1052 1907 1235 1957 proxima
1256 1913 1351 1954 erat,
1383 1908 1424 1943 in
1440 1919 1518 1958 quo
1537 1908 1620 1943 im-

160 1970 318 2014 perator
330 1964 540 2000 consistere
553 1962 718 2011 solebat,
735 1976 826 2000 cum
840 1975 1041 2000 sacrorum
1056 1963 1246 2000 librorum
1261 1963 1420 2000 lectioni
1439 1961 1621 2000 auditum

163 2032 281 2057 suum
295 2019 522 2070 praebebat.
579 2021 775 2056 incertum
799 2032 914 2070 porro
945 2031 995 2056 an
1024 2019 1125 2056 alius
1154 2018 1286 2056 eidem
1313 2017 1492 2056 addictus
1515 2025 1620 2056 esset

166 2075 277 2112 locus
301 2077 343 2112 in
367 2075 554 2123 ecclesia,
597 2074 693 2112 dum
710 2081 980 2113 sacrosanctae
997 2075 1181 2126 liturgiae
1198 2077 1398 2122 intererat,
1429 2074 1620 2125 proinde-

166 2144 244 2183 que
275 2144 325 2168 an
350 2144 396 2169 eo
429 2132 508 2169 loci
538 2133 737 2182 assignata
768 2132 865 2169 olim
891 2131 1011 2169 fuerit
1029 2129 1258 2170 Theodosio
1286 2132 1514 2183 imperatori
1533 2144 1555 2168 a
1575 2131 1620 2169 S.

163 2187 372 2225 Ambrosio
406 2186 696 2225 Mediolanensi
727 2189 909 2239 episcopo
940 2189 983 2224 in
1018 2189 1183 2226 ecclesia
1210 2187 1339 2225 sedes.
1404 2200 1500 2224 nam
1528 2200 1620 2224 cum

165 2243 381 2295 aliquando
399 2243 617 2281 Mediolani
637 2243 903 2292 Theodosius,
926 2257 1038 2282 more
1056 2246 1192 2296 utique
1212 2251 1380 2295 recepto,
1404 2245 1621 2281 sacrarimn

166 2301 367 2350 ingressus
393 2307 482 2351 post
510 2299 706 2338 donorum
735 2300 975 2339 oblationem
1002 2302 1045 2337 in
1071 2314 1117 2338 eo
1146 2300 1409 2348 consedisset,
1439 2299 1484 2336 id
1502 2313 1620 2351 aegre

166 2358 259 2394 tulit
275 2356 531 2405 Ambrosius3
571 2355 904 2409 consideransque
937 2370 1026 2394 eam
1047 2356 1373 2395 consuetudinem
1393 2357 1459 2394 vel
1482 2370 1534 2394 ex
1554 2369 1621 2394 as·-

167 2415 387 2450 sentatione
406 2413 472 2450 vel
490 2426 543 2450 ex
562 2412 711 2451 ordinis
729 2414 883 2450 inscitia
902 2427 987 2451 esse
1004 2420 1152 2462 natam,
1181 2414 1409 2465 imperatori
1426 2414 1468 2450 in
1493 2413 1622 2450 eccle-

170 2470 229 2506 sia
247 2469 380 2506 locum
399 2470 613 2520 assignavit
635 2476 724 2506 ante
752 2470 912 2507 sacrarii
941 2471 1159 2518 cancellos,
1189 2471 1244 2507 ita
1270 2476 1313 2506 ut
1330 2470 1525 2520 populum
1542 2471 1623 2505 im-

169 2531 338 2575 perator,
358 2527 637 2576 imperatorem
656 2524 794 2563 ordine
811 2524 916 2563 sedis
936 2525 1158 2564 sacerdotes
1181 2523 1476 2563 antecederent:
1497 2522 1622 2565 τόπον

171 2576 275 2620 εἶναι
292 2584 364 2621 τοῦ
387 2582 576 2634 βασιλέως
594 2582 637 2622 ἐν
655 2581 842 2637 ἐκκλησίᾳ
858 2580 988 2635 τὲταχε
1007 2580 1079 2622 τόν
1095 2580 1172 2635 πρὸ
1190 2585 1271 2622 τῶν
1289 2579 1533 2633 δρυφάκτων
1549 2582 1624 2621 τοῦ

172 2636 387 2686 ἷερατείου,
428 2634 526 2678 ὥστε
545 2641 618 2678 τοῦ
638 2636 711 2690 μὲν
731 2641 832 2678 λαοῦ
851 2635 918 2678 τᾶν
936 2641 1158 2693 κρατοῦντα
1177 2636 1252 2688 τήν
1271 2638 1488 2692 προεδρίαν
1508 2637 1622 2688 ἔχειν,

173 2691 300 2732 αὐτοῦ
321 2690 363 2732 δὲ
383 2692 477 2740 τούς
495 2693 622 2745 ἱερέας
643 2696 946 2744 προκαθῆσθαι.
1003 2695 1124 2734 verba
1153 2701 1244 2732 sunt
1265 2695 1478 2732 Sozomeni
1497 2697 1522 2733 7
1553 2690 1621 2738 24,

174 2748 317 2800 quibus
346 2762 516 2786 consona
541 2749 661 2787 habet
679 2749 949 2789 Theodoritus
967 2752 993 2794 5
1025 2753 1090 2792 17.
1149 2749 1260 2787 addit
1279 2748 1548 2800 Theophanes
1576 2747 1624 2783 ab

174 2817 221 2842 eo
241 2811 418 2855 tempore
437 2818 591 2842 morem
610 2804 717 2844 hunc
733 2807 948 2845 invaluisse
960 2835 971 2855 ,
1007 2814 1052 2844 ut
1071 2805 1256 2858 deinceps
1276 2808 1533 2858 imperatores
1553 2816 1627 2839 ex-
