1838 3210
263 182 357 232 106
829 187 911 230 DU
944 186 1125 232 emen
1156 239 1163 247 ,

256 296 413 347 regula:
456 301 514 334 est
539 296 645 334 enim
665 293 825 333 rubrica
844 296 887 333 in
911 297 1038 335 Gloss.
1061 296 1280 335 Graecolat.
1299 295 1366 338 6ιᾶ
1384 297 1521 351 μίλτου
1540 296 1697 353 ἐπιγρα-

256 352 329 406 φή.
388 353 558 390 Glossar.
586 350 785 390 Medicum
815 365 867 390 ex
892 351 1075 392 biblioth.
1109 355 1206 405 Reg.
1241 352 1325 392 cod.
1355 354 1477 396 1486:
1516 355 1695 404 rubrica,

256 408 394 447 titulus
403 409 547 461 sactus
567 408 616 446 de
633 407 766 447 rubeo.
824 408 1061 448 Prudentius
1077 411 1106 447 l.
1126 412 1154 451 2
1177 417 1310 448 contra
1326 410 1631 462 Symmachum:

825 466 962 503 dicant
982 481 1052 504 cur
1073 467 1231 504 condita
1250 468 1301 504 sit
1320 466 1382 504 lex

495 519 556 557 bis
573 532 639 557 sex
658 521 701 558 in
719 520 884 568 tabulis,
911 530 984 560 aut
1002 537 1072 560 cur
1086 522 1246 561 rubrica
1265 525 1451 570 minetur,

493 590 596 627 quae
606 576 791 627 prohibet
800 591 968 629 peccare
985 592 1080 616 reos.

248 631 337 670 Vita
358 630 400 669 S.
420 632 573 670 Deicoli
592 633 734 670 Abbat.
755 636 957 673 Lutrensis
974 648 1015 672 n.
1034 637 1086 677 29
1098 646 1111 672 ε
1149 634 1255 672 dedit
1270 641 1402 671 autem
1424 634 1603 672 dominus
1618 648 1695 684 per

249 689 388 724 merita
410 690 513 726 servi
541 691 606 726 sui
635 690 758 727 eidem
788 690 873 728 loeo
896 691 1014 728 talem
1029 691 1272 743 profectum,
1300 697 1345 727 ut
1365 690 1484 728 multi
1502 690 1693 728 nobilium

248 766 304 772 —
325 745 600 782 monachicam
622 746 877 797 disciplinam
906 747 1091 799 eligerent
1117 754 1153 784 et
1171 749 1448 785 monasterium
1474 748 1569 785 satis
1587 747 1692 784 dita-

246 807 351 845 rent,
380 803 459 851 ipsi
477 815 630 853 quoque
645 816 787 840 sacrae
800 803 1043 841 subiacerent
1055 803 1250 842 rubricae.
1307 805 1476 841 Historia
1493 804 1693 842 inventio-

246 858 309 894 nis
331 858 446 909 Corp.
471 859 513 896 S.
533 859 658 896 Celsi:
698 859 884 897 discussi-s
907 874 1003 898 sane
1020 860 1120 897 inibi
1135 860 1270 897 multis
1288 873 1390 911 quae
1414 860 1601 911 synodica
1614 873 1692 910 po·-

248 913 373 950 stulat
392 914 564 952 rubrica.
596 917 651 952 ita
665 916 775 965 leges
793 915 973 954 rubricas
987 924 1100 955 vocat
1110 915 1294 955 Sidonius
1314 917 1417 954 libro
1430 918 1456 956 8
1475 916 1639 967 epistola
1651 917 1691 956 6.

248 983 408 1018 verum,
437 984 488 1007 ne
518 970 614 1023 quid
638 970 907 1021 dissimulem,
948 975 1080 1011 nescio
1103 986 1152 1010 an
1172 986 1252 1010 non
1270 971 1378 1010 aliud
1393 972 1561 1010 voluerit
1580 971 1692 1009 hisce

248 1027 426 1064 versibus
452 1027 725 1076 silentiarius,
762 1029 1084 1081 intellexeritque
1113 1042 1178 1068 eas
1207 1029 1340 1066 trabes
1367 1041 1466 1080 qnae
1497 1030 1540 1065 in
1569 1029 1692 1066 saeris

247 1081 411 1119 aedibus
431 1082 675 1121 candelabris
699 1097 744 1122 ac
761 1085 934 1123 lucernis
950 1087 1160 1124 instructae
1178 1091 1310 1133 erant,
1342 1083 1563 1122 cuiusmodi
1584 1084 1691 1121 belle

247 1137 518 1176 describuntur
537 1152 560 1176 a
580 1141 713 1177 Leone
733 1142 815 1179 Ost.
836 1144 860 1182 3
891 1144 967 1183 31:
998 1141 1148 1179 trabem
1166 1154 1318 1193 quoque
1339 1140 1595 1177 nihilominus
1609 1140 1693 1191 su-

243 1194 356 1231 silem
376 1208 421 1231 ex
439 1208 527 1232 aere
545 1209 635 1232 cum
651 1196 904 1233 candelabris
924 1211 1083 1235 numero
1103 1196 1175 1246 50,
1216 1199 1259 1234 in
1279 1196 1422 1248 quibus
1448 1198 1582 1247 utique
1600 1197 1691 1233 toti-

244 1251 333 1287 dem
351 1252 450 1287 cerei
460 1265 537 1300 per
545 1252 788 1302 festivitates
799 1255 1040 1303 praecipuas
1050 1261 1306 1304 ponerentur,
1327 1252 1582 1304 lampadibus
1595 1252 1691 1289 sub-

244 1314 302 1343 ter
322 1308 365 1343 in
387 1308 508 1344 aereis
530 1311 644 1345 uncis
660 1322 706 1345 ex
723 1309 858 1346 eadem
877 1309 985 1346 trabe
1002 1312 1056 1351 36
1079 1309 1397 1360 dependentibus.
1458 1322 1560 1360 quae
1579 1308 1691 1346 vide-

242 1363 334 1400 licet
352 1376 488 1400 aereae
507 1363 661 1410 trabes,
689 1366 812 1402 aereis
829 1379 952 1416 aeque
970 1365 1142 1402 brachiis
1162 1380 1212 1403 ac
1229 1365 1690 1409 manibue‘sustentatae‚

241 1418 346 1455 trabi
366 1419 538 1470 ligneae,
569 1434 690 1471 quam
700 1421 969 1471 pulcherrime
989 1422 1120 1472 sculpi
1141 1429 1179 1458 et
1197 1435 1295 1459 auro
1316 1421 1566 1472 colorumque
1573 1420 1691 1470 sucis

239 1477 395 1512 interim
403 1476 559 1527 fecerat
574 1477 803 1528 Desiderius
823 1479 1021 1523 exornari,
1049 1479 1255 1515 commissa
1275 1485 1342 1515 est.
1401 1490 1497 1515 nam
1514 1482 1689 1527 praeter-

240 1545 360 1583 quam
380 1531 487 1583 quod
510 1529 715 1585 φάλαγγας
737 1541 881 1570 vocant
903 1535 1042 1571 Graeci
1063 1536 1210 1585 pariter
1227 1547 1275 1571 ac
1288 1534 1420 1570 Latini
1436 1533 1560 1571 fustes
1582 1539 1689 1570 tere-

238 1594 312 1635 tes,
338 1589 393 1624 ibi
413 1590 531 1624 etiam
549 1602 663 1625 aerea
683 1588 847 1625 brachia
866 1589 1050 1626 videntur
1071 1603 1156 1627 esse
1173 1588 1281 1641 quod
1299 1590 1505 1641 ὁίκραιρον
1526 1589 1692 1640 σίδηρον

238 1651 351 1681 vocat
375 1644 636 1682 silentiarius.
694 1643 766 1682 sed
784 1658 874 1682 cum
889 1658 971 1682 non
987 1647 1147 1683 omnino
1163 1646 1206 1682 in
1228 1652 1413 1696 promptu
1433 1646 1485 1681 sit
1511 1643 1688 1681 divinare

240 1714 294 1737 ex
315 1701 423 1738 illius
442 1701 618 1738 versibus
639 1701 766 1752 qualis
785 1701 904 1738 fuerit
923 1702 1036 1739 istius
1058 1697 1361 1753 πολυκανδήλου
1381 1701 1529 1748 forma,
1560 1701 1689 1751 siqui-

240 1755 333 1794 dem
353 1755 402 1793 de
420 1755 653 1794 candelabro
673 1757 827 1795 locutus
845 1758 917 1804 sit,
961 1757 1238 1795 oculatioribus
1265 1770 1332 1795 eos
1352 1758 1568 1794 accuratius
1589 1768 1688 1793 exa-

240 1811 449 1850 minandos
465 1813 738 1864 relinquimus.
794 1814 876 1850 iam
888 1826 980 1850 vero
996 1814 1244 1851 silentiarius
1262 1826 1300 1851 v.
1320 1812 1403 1854 462
1422 1813 1578 1850 arbores
1591 1812 1689 1851 istas

240 1866 518 1921 πυρσοκόμους
544 1870 600 1906 ita
631 1868 836 1907 adornatas
865 1868 1065 1920 depingit,
1103 1876 1149 1907 ut
1172 1871 1215 1906 in
1240 1870 1325 1907 imo
1341 1869 1500 1906 latiores
1523 1868 1691 1907 circulos

193 1952 206 1960 .
243 1927 391 1964 sensim
421 1926 464 1962 in
493 1932 648 1973 acutos,
687 1927 810 1963 instar
837 1927 973 1976 piceae
995 1932 1062 1964 aut
1083 1927 1275 1976 cupressi,
1321 1923 1543 1962 desinentes
1565 1925 1689 1962 susti-

240 1983 376 2020 nuisse
400 1980 515 2019 dicat.
574 1980 770 2019 eiusmodi
788 1989 921 2019 autem
941 1981 1175 2019 candelabra
1198 1981 1333 2019 multis
1353 1982 1545 2018 instructa
1563 1981 1688 2017 lumi-

239 2039 357 2076 nibus
378 2051 400 2075 a
418 2045 522 2075 terra
542 2039 764 2088 surgentia,
807 2044 852 2075 ut
879 2045 918 2075 et
947 2051 1108 2075 coronas
1134 2039 1178 2074 in
1199 2041 1288 2075 a'e‘re
1310 2035 1548 2088 pendentes,
1587 2048 1688 2088 quas

239 2090 412 2141 κύκλους
436 2101 550 2131 vocat
576 2095 751 2145 Symeon
776 2092 960 2131 Thessal.
989 2094 1059 2131 lib.
1091 2092 1140 2131 de
1165 2094 1358 2144 Templo,
1404 2087 1687 2144 πολυκᾶνδηλα

242 2151 443 2201 appellant
463 2150 653 2201 Scylitzes
669 2151 711 2186 in
730 2148 925 2187 Michaele
943 2147 1157 2200 Calaphate
1173 2163 1214 2200 p.
1234 2149 1327 2198 557,
1357 2147 1624 2199 Theophanes
1645 2155 1686 2186 et

242 2219 296 2244 ex
320 2219 365 2243 eo
380 2207 609 2243 Anastasius
623 2207 665 2243 in
678 2207 780 2243 Hist.
803 2206 912 2243 Eccl.
932 2212 970 2243 et
986 2207 1134 2243 Paulus
1148 2207 1256 2243 Diae.
1276 2205 1305 2242 l.
1329 2205 1382 2245 18
1406 2206 1507 2242 Hist.
1522 2205 1686 2242 Miscel-

238 2263 302 2300 lae
332 2263 374 2298 in
404 2262 606 2309 Heraclio,
648 2263 730 2298 Leo
763 2263 1048 2299 Grammaticus
1072 2275 1112 2312 p·
1130 2261 1212 2303 449
1243 2267 1282 2298 et
1306 2260 1408 2310 481,
1448 2259 1556 2298 idem
1572 2261 1684 2298 Ana-

240 2319 382 2355 stasius
404 2319 444 2354 in
464 2319 597 2354 Leone
617 2330 666 2354 111
685 2319 763 2354 PP.
786 2331 826 2367 p.
851 2319 952 2365 133,
992 2316 1162 2369 denique
1190 2316 1365 2355 eodinus
1392 2324 1431 2354 et
1451 2319 1684 2368 Anonymus

238 2375 280 2411 in
305 2375 496 2424 Descript.
518 2372 626 2411 aedis
646 2371 883 2424 Sophianae.
942 2387 1032 2411 cum
1058 2375 1180 2424 igitur
1200 2381 1258 2411 tot
1282 2371 1532 2424 lampadibus
1550 2385 1596 2409 ac
1616 2373 1682 2410 lu-

238 2431 412 2468 minibus
435 2430 583 2481 ubique
611 2430 680 2466 illa
705 2430 936 2477 cossuceret,
967 2432 1087 2468 etiam
1116 2436 1206 2468 ante
1233 2431 1516 2476 Iusfinianum,
1546 2441 1683 2466 earum

241 2487 460 2538 sumptibus
478 2499 559 2523 non
576 2486 699 2524 semel
716 2487 917 2536 provisum
937 2493 995 2524 est
1011 2487 1059 2524 ab
1077 2486 1390 2537 imperatoribus,
1421 2491 1465 2522 ut
1486 2484 1682 2534 colligitur

240 2556 294 2581 ex
311 2544 390 2594 leg.
413 2544 464 2583 19
483 2541 578 2581 Cod.
598 2541 646 2580 de
667 2542 822 2593 Operib.
846 2542 960 2579 Publ.
1019 2542 1091 2581 sed
1118 2556 1212 2594 prae
1241 2543 1379 2580 ceteris
1398 2541 1569 2578 Basilius
1592 2542 1682 2578 Ma-

242 2598 339 2638 cedo
355 2629 365 2647 ,
405 2599 535 2653 ἐνδείᾳ
561 2598 693 2639 ἐλαίου
716 2595 797 2650 ἤδη
822 2595 962 2650 σχεδόν
981 2595 1311 2649 ἅπασβεσθέντων
1329 2600 1408 2637 τῶν
1426 2592 1583 2648 λύχνων
1600 2599 1683 2637 ταῖν

242 2656 385 2707 ἱερῶν,
426 2657 609 2708 μεγίστου
636 2652 830 2707 κτήματος
856 2651 1048 2704 ἐπιδόσει,
1087 2652 1110 2696 ὃ
1136 2650 1468 2708 προσαγορεύεται
1496 2648 1679 2702 Μάντεα,

239 2709 393 2760 τούτοις
424 2709 468 2751 τό
497 2714 584 2759 φῶς
611 2710 807 2763 διαμένειν
835 2707 1157 2763 προεπενοήσατο
1187 2707 1390 2763 ἄσβεστον.
1446 2709 1566 2746 verba
1589 2714 1681 2747 sunt

242 2768 488 2806 Constantini
506 2766 902 2820 Porphyrogennetae
930 2768 972 2804 in
1003 2768 1066 2806 avi
1088 2769 1169 2805 vita
1188 2780 1222 2804 c.
1240 2764 1318 2814 54,
1347 2765 1488 2818 quibus
1510 2777 1681 2803 consona

241 2823 362 2863 habet
381 2822 578 2863 Cedreuus
601 2838 640 2876 p.
663 2824 757 2866 587.
813 2829 937 2862 totam
966 2822 1136 2876 denique
1164 2821 1267 2863 hanc
1294 2823 1338 2860 in
1364 2820 1461 2860 aede
1480 2819 1681 2874 Sophiana
