1838 3210
210 191 235 236 1
243 191 306 236 30
606 196 609 198 ’
778 190 858 233 DU
876 228 879 231 ,
893 188 1080 232 CANGII

208 299 314 352 apud
333 300 494 339 Hieron.
514 298 696 336 Rubeum
709 325 720 345 ‚
761 295 930 335 donasse
955 297 1102 348 legitur
1131 297 1320 336 ecclesiae
1348 311 1443 336 suae
1463 298 1658 350 enclothyn

210 358 399 395 bissinam
413 356 737 407 pretiosissimam
751 367 905 391 omnem
920 354 1066 392 Christi
1079 353 1144 391 clei
1158 354 1364 392 historiam
1381 357 1660 402 continentem,

209 421 249 452 et
266 415 392 451 allam
408 427 452 449 ex
470 425 568 449 auro
584 410 797 461 endothym
815 412 949 461 inqua
960 424 1058 447 auro
1080 411 1206 447 textili
1215 412 1349 460 pictae
1359 419 1473 450 erant
1483 413 1660 449 omnium

208 472 279 522 qni
296 470 411 507 illum
426 480 639 518 praeeesse]
643 474 722 504 ant
736 466 1118 517 archiepiscoporum
1139 468 1345 518 imagines.
1378 469 1447 505 ubi
1464 468 1661 518 endothyn

208 526 318 564 idem
340 532 398 562 est
420 523 528 576 quod
548 519 729 574 ένὸύτην.
787 530 909 561 vestes
935 524 1055 574 vulgo
1093 522 1275 560 dicuntur
1305 523 1500 562 eiusmodi
1530 525 1661 562 eccle-

209 584 357 620 siarum
386 582 524 617 aulaea
555 581 762 618 Anastasio
791 580 940 630 passim
970 554 1029 616 eto
1041 581 1179 617 ceteris
1209 581 1460 629 scriptoribus
1492 581 1659 618 Latinis.

209 637 318 675 aedis
345 635 571 688 Sophianae
603 649 719 687 porro
747 642 1088 683 ornamentorum,
1129 637 1189 673 uti
1214 643 1375 684 vocant,
1417 637 1661 687 opulentiam

209 696 265 732 sic
287 692 540 731 commendat
561 693 750 743 Sugerius
779 692 850 729 lib.
877 691 926 729 de
944 691 1178 730 Administr.
1198 704 1290 729 sua:
1331 693 1585 730 ammiranda
1603 693 1661 729 ⁸15-

209 750 369 802 quidem
397 757 437 786 et
452 749 544 800 fere
569 748 817 785 incredibilia
838 762 864 784 a
883 750 978 786 viris
1001 749 1184 787 veridicis
1206 762 1328 799 qaam
1341 748 1530 799 pluribus
1553 755 1590 785 et
1609 747 1661 785 ab

208 808 386 857 episcopo
403 806 668 843 Landanensi
678 806 855 856 Ilugone
873 805 917 842 in
935 805 1191 842 celebratione
1208 806 1350 842 missae
1363 805 1411 842 de
1426 806 1470 842 S.
1490 804 1663 855 Sophiae

207 870 526 900 ornamentorum
538 862 841 913 praerogativa,
879 875 1030 899 necnon
1056 869 1093 898 et
1111 861 1286 898 aliarum
1306 862 1561 899 ecelesiarum
1584 874 1662 898 azo-

209 919 426 956 dieramzcs.

321 976 389 1015 66.
446 972 527 1012 Sed
559 975 792 1024 priusquam
825 987 846 1010 e
878 972 1035 1010 bemate
1064 971 1303 1011 excedamus
1333 979 1466 1025 atque
1479 971 1578 1011 adeo
1607 984 1661 1010 ex

209 1032 295 1083 ipsa
319 1028 490 1077 concha,
520 1037 691 1080 praestat
710 1025 962 1080 σύνθρονον,
991 1030 1060 1080 qui
1081 1031 1123 1066 in
1145 1042 1191 1066 ea
1213 1030 1383 1077 exstitit,
1427 1028 1661 1067 describere.

209 1087 385 1125 mediam
412 1088 518 1123 enim
546 1084 737 1123 concham
764 1087 949 1137 utrinque
974 1085 1177 1122 ambibant
1205 1059 1453 1122 sacerdotum
1475 1092 1513 1122 et
1534 1085 1664 1122 eccle-

210 1145 291 1181 siae
314 1144 583 1180 ministrorum
601 1154 710 1179 sacra
727 1142 958 1178 facientium
980 1141 1165 1178 subsellia
1177 1170 1188 1189 ,
1233 1147 1350 1193 atque
1367 1143 1410 1178 in
1426 1142 1475 1178 iis
1494 1142 1663 1192 patriar-

211 1198 308 1237 chae
328 1198 442 1237 sedes
465 1205 503 1234 et
527 1196 690 1235 thronus
710 1198 915 1244 excelsior,
936 1198 991 1234 ita
1008 1203 1052 1234 ut
1071 1198 1114 1233 in
1131 1199 1360 1248 proximum
1383 1204 1562 1236 centrum
1579 1198 1663 1236 coi-

212 1262 313 1295 rent.
371 1255 621 1293 silentiarius
641 1256 742 1305 part.
763 1255 785 1294 1
802 1266 841 1291 v.
859 1255 965 1294 229:

903 1307 1003 1360 μέση
1025 1304 1066 1348 δ’
1082 1305 1249 1356 ἐζώσατο
1268 1305 1432 1357 θωκους

380 1361 663 1434 μυστιπόλους
664 1363 733 1404 καὶ
752 1360 894 1434 βαθρα
914 1366 1146 1417 περίδρομοι,
1175 1365 1242 1405 καὶ
1260 1362 1303 1406 τὰ
1318 1360 1404 1417 μετ’
1423 1360 1552 1417 αυτὴν

378 1420 569 1473 ὖστατίην
586 1417 666 1461 ὑπὸ
682 1420 803 1468 πέζαν
821 1417 1055 1468 αολλίζουσα
1074 1419 1250 1462 συνέλκει

380 1474 590 1531 ἐγγύτερον
610 1476 699 1529 περὶ
721 1476 885 1531 κέντρον
909 1476 973 1518 ἐπὶ
992 1473 1153 1529 χθονός.

213 1537 447 1586 Anonymus
476 1540 627 1584 septem
654 1532 813 1570 sedibus
842 1539 1017 1580 tantum,
1056 1534 1190 1570 nescio
1220 1545 1271 1569 an
1290 1546 1406 1581 vere,
1443 1532 1664 1571 constitisse

214 1589 314 1628 haec
327 1590 518 1627 subsellia
536 1590 675 1637 refert,
715 1590 758 1625 in
788 1589 931 1640 quibus
959 1588 1179 1626 sacerdotes
1208 1587 1452 1639 patriarchae
1472 1602 1582 1626 sacra
1600 1589 1664 1626 fa-

75 1649 104 1683 1³
129 1647 196 1683 578
216 1648 338 1684 cienti
367 1647 633 1683 ministrantes
665 1657 755 1681 cum
784 1657 830 1681 eo
860 1643 998 1681 sedere
1021 1651 1328 1682 consueverant:
1372 1660 1443 1691 τας
1462 1643 1504 1684 δὲ
1529 1641 1666 1710 βάσεις

214 1699 286 1750 τὰς
307 1699 404 1742 έπτα
423 1705 502 1741 τῶν
519 1701 678 1752 ἱερέων,
708 1700 751 1741 ἐν
775 1696 839 1747 αἷς
857 1700 1111 1748 καθέζονται,
1141 1697 1216 1739 σύν
1237 1715 1307 1739 του
1331 1695 1538 1767 ἀρχιερέως
1555 1696 1666 1753 θρό-

217 1774 291 1799 νου
309 1773 375 1797 και
393 1760 472 1796 τῶν
492 1754 691 1809 τεσσάρων
709 1752 859 1796 κιόνων
877 1752 1165 1821 κατεχρύσωσε,
1196 1751 1343 1807 στήσας
1361 1756 1418 1804 εἰς
1435 1772 1481 1796 τα
1502 1754 1666 1810 ἑκάτερα

218 1813 330 1867 μέρη.
385 1812 489 1850 hanc
528 1826 643 1863 porro
683 1813 960 1849 subselliorum
998 1814 1040 1849 in
1079 1810 1230 1849 concha
1263 1813 1407 1849 seriem
1436 1809 1667 1865 σύνθρονον

218 1871 360 1907 Graeci
377 1870 590 1920 appellant.
648 1867 917 1919 Theophanes
937 1882 976 1918 p.
998 1871 1101 1910 371:
1130 1870 1203 1908 τοῦ
1223 1865 1463 1920 πατριάρχου
1485 1866 1666 1921 Νικήτου

218 1926 262 1966 ἐν
282 1929 338 1981 τῷ
358 1921 572 1977 συνθρόνῳ
593 1924 861 1976 καθεζομένου
881 1925 948 1965 καὶ
968 1923 1156 1976 ὅρωντος.
1196 1924 1418 1974 Scylitzes
1406 1938 1450 1961 m
1470 1925 1666 1963 Constan-

217 1984 324 2020 tino:
365 1980 514 2033 ἐγένετο
541 1978 584 2020 δὲ
614 1996 714 2020 κατα
747 1996 820 2031 την
849 1979 1003 2049 ’ἡμέραν
1029 1983 1100 2031 τῆς
1128 1983 1395 2032 πεντηκοστῆς
1422 1979 1570 2033 ταραχή
1597 1979 1666 2022 δια
1725 2016 1731 2022 .

217 2053 293 2089 την
312 2037 515 2089 καθέδραν
535 2036 578 2076 ἐν
598 2039 648 2091 τῇ
669 2038 908 2103 λειτουργία,
940 2052 994 2087 μη
1017 2035 1341 2102 καταδεξαμένων
1362 2051 1442 2076 των
1463 2052 1667 2089 μητροπο-

219 2096 339 2134 λιτῶν
357 2093 601 2158 προκαθίσαι
622 2090 715 2139 τούς
732 2092 966 2144 συγκὲλλους
984 2091 1025 2131 ἐν
1041 2094 1097 2144 τῷ
1116 2087 1344 2146 συνθρόνω.
1400 2095 1667 2131 meminerunt

222 2151 341 2186 etiam
360 2145 590 2199 συνθρόνου
608 2145 682 2184 hac
701 2150 860 2186 notione
879 2146 1170 2197 Euchologium
1189 2148 1255 2184 Gr.
1268 2176 1279 2195 ,
1321 2148 1390 2185 ubi
1424 2147 1472 2186 de
1493 2151 1667 2201 episcopi

219 2204 478 2251 ordinatione,
507 2201 771 2253 Pachymeres
792 2207 817 2245 7
848 2207 914 2251 31,
944 2204 1118 2255 Symeon
1136 2201 1318 2240 Thessal.
1343 2211 1382 2241 et
1399 2205 1481 2242 alii.
1541 2213 1580 2243 et
1601 2219 1666 2244 re-

221 2267 281 2297 cte
299 2259 343 2297 id
359 2260 528 2296 nominis
549 2258 739 2306 inditum,
780 2258 887 2310 quod
913 2272 992 2296 una
1021 2257 1239 2311 eademque
1263 2267 1365 2297 esset
1390 2261 1668 2300 subselliorum

221 2317 400 2353 omnium
418 2327 648 2365 compages,
688 2327 789 2365 quae
810 2313 981 2352 conchae
1003 2328 1201 2352 recessum
1221 2316 1443 2366 ambibaut,
1484 2319 1540 2354 ita
1559 2325 1604 2355 ut
1624 2320 1665 2355 iu

220 2374 270 2409 iis
303 2384 439 2410 omnes
475 2371 664 2408 ecclesiae
694 2372 863 2407 ministri
892 2384 970 2408 una
1001 2378 1040 2408 et
1069 2373 1189 2409 simul
1218 2371 1414 2410 sederent.
1471 2374 1666 2413 Eusebius

221 2430 323 2465 Hist.
342 2428 447 2464 Eccl.
472 2430 522 2467 10
546 2426 599 2471 4.
635 2422 733 2465 α’λλὰ
750 2442 815 2466 και
836 2421 911 2466 cives
932 2425 1000 2466 καὶ
1021 2442 1090 2467 τον
1111 2425 1213 2467 νεών
1234 2427 1470 2477 ἐπιτελέσας,
1496 2425 1668 2496 θρόνοις

221 2498 263 2523 τε
283 2488 365 2530 τοῖς
384 2479 571 2522 α’νωτατω
592 2483 646 2529 εἰς
665 2479 739 2533 τὴν
758 2497 838 2521 των
856 2482 1061 2535 προέδρων
1086 2498 1205 2534 τιμην
1224 2499 1289 2523 και
1310 2483 1470 2535 προσέτι
1491 2481 1668 2538 βαθροις

222 2538 267 2580 ἐν
284 2535 392 2586 ταξει
409 2542 490 2585 τοῖς
508 2535 687 2577 καθόλου
707 2536 805 2577 κατὰ
823 2536 868 2578 τό
887 2538 1038 2591 πρέπον
1058 2536 1271 2590 κοσμήσας.
1330 2546 1368 2576 et
1387 2540 1666 2580 Constantinus

222 2594 467 2645 Porphyrog.
488 2595 531 2630 in
546 2594 691 2631 Basilio
711 2606 745 2630 c.
766 2594 841 2634 55:
872 2595 915 2634 οι’
932 2610 969 2634 τε
989 2591 1100 2641 ἐντός
1121 2597 1208 2641 (τοῦ
1223 2595 1528 2660 θυσιαστηρίου)
1542 2593 1668 2638 θακοι

222 2651 291 2691 καὶ
313 2651 357 2690 αἱ
360 2648 450 2716 πρό
471 2646 623 2690 τούτων
643 2650 839 2702 βαθμίδες
864 2649 929 2690 και
954 2666 1071 2690 αυται
1093 2650 1137 2689 αἱ
1157 2649 1259 2701 ἱεραὶ
1279 2646 1465 2702 τραπεζαι
1484 2648 1566 2700 «ᾆξ’
1542 2669 1667 2707 αργυ-

223 2722 296 2757 ρου
313 2722 445 2746 παντα
464 2705 768 2757 περικεχυμένον
786 2704 917 2757 ἔχουσι
931 2721 1003 2747 τον
1020 2701 1180 2758 χρυσόν.
1238 2718 1261 2743 a
1280 2707 1367 2744 loco
1388 2709 1508 2758 igitur
1524 2709 1567 2746 in
1587 2722 1665 2761 quo

222 2762 458 2803 consistebat
484 2761 744 2812 synthronus,
794 2774 939 2813 nempe
970 2760 1138 2810 concha,
1179 2774 1300 2813 quam
1334 2763 1454 2801 etiam
1483 2763 1666 2802 absidam

220 2825 361 2858 vocant
384 2819 590 2869 scriptores
620 2819 771 2870 aliquot
802 2818 956 2868 Latini,
1001 2819 1086 2870 ipse
1114 2818 1385 2857 ministrorum
1414 2819 1601 2859 ecclesiae
1621 2822 1665 2860 in
