1838 3210
237 181 334 230 146
807 183 888 228 DU
919 180 1109 227 CANGII

234 291 292 341 οἷς
314 289 452 340 εἷπον,
480 287 548 332 διᾶ
570 286 646 343 τήν
666 286 821 342 πολλὴν
846 287 999 339 ἔξοδον.
1068 297 1114 330 ut
1135 303 1222 330 sese
1250 303 1313 329 res
1336 288 1504 341 habeat,
1534 297 1685 331 constat

234 362 288 387 ex
318 349 561 388 Silentiario·
575 346 788 384 ambonem
814 349 1032 387 excitatum
1056 355 1148 402 post
1171 361 1305 387 casum
1323 349 1466 387 trullae
1486 355 1614 387 totum
1633 361 1687 387 ex

233 418 430 444 marmore
453 403 677 441 confectum
695 403 840 442 fuisse:

448 462 532 500 πᾶν
553 458 597 500 δὲ
621 474 664 500 το
686 452 988 531 καλλιθὲμειλον
1008 458 1095 508 ἕδος
1113 463 1300 514 πετραῖον
1318 458 1459 511 έκεῖνο,

452 515 557 556 ἔνθα
575 517 719 565 σοφαῖν
741 511 936 570 ἅναγουσι
953 512 1129 569 θεηγὸρα
1149 517 1260 557 δίνεα
1280 516 1443 569 βίβλων.

234 570 346 610 addit
383 569 553 624 denique
591 570 764 610 eodinus
807 573 967 611 amboni
998 574 1343 625 superimpositam
1366 573 1490 611 fuisse
1515 583 1685 620 crucem,

233 641 335 682 quae
358 635 518 666 centum
535 628 726 666 librarum
745 629 830 666 auri
848 629 938 666 fuit.
1421 655 1423 657 -

345 686 414 726 76.
471 686 627 722 Bemati
656 691 696 723 et
723 685 884 722 amboni
909 685 1140 736 proximum
1155 685 1277 723 fuisse
1296 685 1429 723 locum
1448 683 1518 722 ubi
1531 683 1688 720 exstitit

234 747 379 793 puteus
402 753 534 790 sacer,
562 742 748 779 evincunt
768 754 870 794 quae
899 740 948 779 de
977 755 1023 779 eo
1045 742 1180 780 scribit
1199 743 1467 810 Ann‘onymus,
1483 739 1592 777 aedis
1609 741 1689 777 sci-

233 798 329 835 licet
358 795 584 848 Sophianae
610 804 764 849 partem
792 799 906 836 illam
934 799 977 835 in
1003 810 1081 850 qua
1109 804 1220 835 erant
1248 813 1364 851 αγιον
1391 795 1518 849 φρέαρ
1546 795 1615 836 καὶ
1642 810 1687 835 το

233 850 527 906 θυσιαστήριον
561 849 656 894 ολον
687 852 753 893 ’καὶ
784 851 807 894 6
839 850 960 902 τόπος
993 856 1069 894 τοῦ
1107 851 1318 906 αμβωνος,
1361 852 1525 891 (1011111111
1566 852 1690 889 fuisse

235 907 443 948 cuiusdam
465 908 653 948 Antiochi
675 908 861 947 eunuchi.
919 910 1193 962 appellationis
1212 912 1407 948 rationem
1426 915 1525 947 111011ι
1542 906 1687 959 prodit,

235 964 463 1019 dictumque
487 962 564 1006 ἀπὸ
582 968 657 1007 τοῦ
675 967 880 1017 στομιδίου
899 970 973 1007 τοῦ
992 965 1181 1018 φρέατος,
1211 968 1274 1004 (1111
1301 965 1479 1004 insidens
1508 963 1687 1002 Christus

234 1035 327 1060 cnm
354 1022 602 1060 Samaritana
631 1022 848 1064 collocutus
876 1029 952 1071 est,
992 1021 1098 1075 quod
1127 1036 1150 1060 a
1179 1023 1358 1061 Samaria
1384 1020 1592 1059 advectum
1611 1018 1688 1057 hoc

234 1079 323 1117 loco
342 1080 518 1129 positum
539 1085 619 1116 est·
643 1074 786 1119 τούτου
809 1076 884 1132 γάρ
905 1075 1018 1131 χάριν
1040 1075 1234 1130 ἐκλήθη
1217 1075 1334 1132 ἅγιον
1355 1077 1497 1144 φρέαρ.
1553 1082 1690 1114 auctor

233 1136 470 1172 narrationis
502 1135 687 1172 miraculi
721 1133 765 1174 έν
793 1137 851 1186 τῷ
882 1133 981 1188 αγίῳ
1011 1132 1153 1186 φρέατι
1179 1136 1252 1186 τῆς
1280 1129 1452 1186 μεγάλης
1479 1132 1690 1184 ἐκκλησίας

235 1189 353 1239 editi,
384 1203 506 1243 quem
529 1188 763 1227 Combefisio
790 1191 874 1227 viro
907 1174 1194 1238 eruditissimo,
1223 1196 1268 1227 ut
1291 1191 1463 1241 plurima
1486 1189 1585 1237 alia,
1615 1187 1690 1225 de-

232 1247 396 1295 bemus,
427 1244 479 1283 ad
505 1253 659 1296 portam
683 1246 824 1296 templi
852 1246 1085 1283 orientalem
1111 1253 1276 1313 puteum
1296 1248 1417 1284 istum
1439 1258 1594 1283 sacrum
1612 1257 1689 1283 ex-

235 1303 382 1341 stitisse
407 1300 648 1342 111111111·ἐν
677 1298 805 1367 τούτῳ
838 1298 890 1352 δη
916 1316 971 1355 τῳ
1003 1305 1150 1357 σεπτῷ,
1189 1302 1314 1370 φημί,
1353 1301 1422 1342 καὶ
1447 1297 1688 1354 περιωνύμῳ

235 1361 326 1413 ναοῖ
359 1355 479 1398 εἰκών
506 1372 565 1405 τις
593 1356 637 1398 ἐκ
665 1353 886 1426 χρωμάτων
914 1359 1090 1410 Χριστοῦ
1111 1373 1182 1398 του
1208 1353 1412 1424 ἀληθινοῦ
1437 1360 1540 1398 θεοῦ
1570 1355 1689 1409 ἡμῶν

233 1414 301 1455 ἐπί
329 1428 438 1462 τινος
465 1413 635 1461 πίνακος
663 1409 991 1466 ἅναγεγραμμένη
1017 1411 1117 1454 κατὰ
1132 1429 1210 1466 την
1229 1410 1334 1469 ἑῴαν
1351 1410 1506 1466 πύλην,
1535 1411 1579 1453 ἐν
1595 1407 1633 1483 ᾗ
1658 1410 1689 1464 ἦ

234 1469 330 1539 ayla
348 1468 552 1522 έπιστομὶς
568 1471 642 1510 τοῦ
664 1468 834 1537 φρέατος
858 1469 1012 1510 ἐκείνου
1039 1472 1111 1521 τῆς
1130 1471 1439 1524 Σαμαρείτιδος,
1466 1464 1571 1510 καθ’
1586 1484 1641 1521 ην
1657 1466 1690 1521 ἦ

236 1522 415 1579 ἄληθινη
441 1523 574 1594 πηγή,
603 1524 624 1566 6
643 1528 715 1576 τῆς
734 1522 917 1578 γνώσεως
936 1523 1130 1578 ποταμός,
1158 1525 1189 1579 ἡ
1207 1525 1345 1578 μηκέτι
1362 1527 1500 1577 διψεῒν
1518 1525 1689 1567 εἰποῦσα

235 1580 374 1631 πόσις,
409 1579 575 1635 Χριστὸς
605 1580 871 1647 οἰκονομικως
900 1583 952 1649 τῇ
981 1583 1240 1635 Σαμαρείτιδι
1275 1583 1566 1634 καθωμίλησεν.
1621 1580 1689 1622 ἐπὶ

234 1635 366 1694 τούτῳ
397 1637 426 1690 ἦ
450 1652 524 1689 της
549 1639 692 1688 σεπτῆς
713 1632 869 1684 εἰκόνος
889 1621 1128 1688 ἀνακειμένη
1147 1636 1303 1689 ἐτιμᾶτο
1320 1635 1478 1690 γραφή,
1510 1648 1690 1689 προσκυ-

236 1679 413 1747 νουμένη
439 1693 509 1734 καὶ
541 1692 732 1745 σεβομένη
760 1694 920 1740 πιστῶς.
977 1694 1078 1731 sacri
1106 1695 1219 1731 istius
1238 1695 1348 1745 putei
1366 1694 1548 1731 meminit
1568 1705 1688 1744 prae-

234 1758 344 1790 terea
360 1752 517 1789 Nicetas
531 1747 768 1800 Paphlago
756 1762 799 1786 111
817 1750 899 1787 vita
917 1750 1061 1799 Ignatii
1076 1748 1320 1801 patriarchae
1335 1763 1376 1801 p.
1395 1752 1478 1790 712
1499 1748 1563 1787 ed.
1579 1750 1688 1787 Con-

234 1808 301 1846 cil.
324 1808 431 1847 1618
446 1835 456 1854 ‚
485 1812 530 1843 ut
559 1811 599 1842 et
624 1801 750 1857 βήλου
768 1804 1016 1856 κρεμαμένου
1035 1805 1092 1853 εἰς
1107 1821 1150 1846 το
1173 1821 1290 1859 αγιον
1310 1804 1438 1858 φρέαρ
1459 1806 1689 1843 Constanti-

233 1877 310 1902 nus
327 1860 718 1914 Porphyrogenneta.
776 1859 887 1898 addit
902 1859 1011 1898 idem
1026 1863 1260 1914 Anonymus
1274 1859 1531 1900 Hierichunte
1547 1862 1688 1900 allatas

234 1920 350 1958 tubas
376 1931 510 1958 aereas
539 1916 591 1955 ad
621 1923 802 1956 sanctum
828 1924 994 1968 puteum
1013 1920 1185 1970 positas,
1216 1925 1271 1956 et
1276 1917 1328 1956 ad
1346 1930 1481 1956 earum
1499 1918 1688 1955 similitu-

235 1975 372 2014 dinem
399 1987 498 2028 quas
529 1981 616 2012 tum
641 1974 774 2024 angeli
803 1974 1008 2022 tenebant,
1053 1988 1143 2012 cum
1175 1973 1443 2012 Hierichuntis
1470 1975 1575 2011 muri
1597 1987 1688 2012 cor-

235 2046 370 2080 ruere,
401 2031 564 2068 effictas.
621 2030 741 2067 refert
761 2027 933 2082 denique
955 2029 1128 2068 Godinus
1158 2029 1292 2083 (quod
1312 2031 1401 2068 silet
1422 2030 1685 2081 Anonymus)

235 2089 378 2127 sellam
397 2088 439 2126 S.
460 2086 708 2124 Constantini
736 2085 1010 2137 (imperatoris
1035 2086 1206 2138 nempe)
1235 2088 1389 2125 stetisse
1411 2082 1592 2141 υπερθεν
1611 2088 1688 2127 τοῦ

233 2143 407 2197 φρέατος
428 2140 569 2196 ἁγίου,
598 2138 732 2181 ἐπανω
751 2156 831 2181 των
852 2140 1088 2195 σαλπίγγών.

344 2202 416 2241 77.
471 2199 508 2235 Α
525 2198 712 2235 bemate
700 2210 743 2234 111
761 2196 977 2235 secundam
997 2205 1036 2236 et
1052 2196 1227 2235 mediam
1244 2198 1385 2250 templi
1403 2204 1556 2249 partem
1571 2197 1686 2236 novis

236 2255 421 2293 cancellis
448 2254 688 2291 obstructam
718 2255 970 2304 pervenimus
982 2282 993 2302 ‚
1022 2266 1143 2306 quam
1162 2255 1301 2292 Graeci
1321 2251 1420 2295 ναόν
1435 2254 1624 2306 peculiari
1639 2265 1686 2291 ac

234 2312 395 2363 proprio
416 2309 608 2348 vocabulo
626 2316 791 2358 vocant,
820 2311 863 2346 in
884 2322 962 2362 qua
984 2323 1065 2348 non
1085 2309 1222 2348 fideles
1242 2323 1401 2359 omnes,
1429 2312 1489 2348 uti
1507 2311 1593 2348 vult
1609 2310 1686 2348 Al-

235 2368 379 2416 lafius,
413 2364 485 2405 sed
508 2366 584 2404 soli
608 2365 741 2402 clerici
767 2377 813 2402 ac
837 2371 1013 2404 cantores
1042 2367 1317 2405 consistebant.
1376 2379 1466 2404 cum
1483 2379 1575 2405 vero
1593 2378 1686 2417 pars

234 2425 306 2461 illa
336 2423 477 2489 templi
503 2423 546 2459 in
576 2428 742 2459 teretem
768 2422 835 2459 vel
861 2428 965 2459 certe
995 2424 1152 2461 ovalem
1180 2424 1351 2461 sormam
1379 2421 1686 2470 contraheretur,

235 2478 329 2517 inde
367 2493 490 2532 χορον
525 2490 615 2515 eam
645 2475 845 2515 interdum
881 2479 1130 2530 appellarunt
1158 2480 1317 2529 Graeci,
1350 2478 1512 2516 chorum
1538 2478 1686 2517 Latini.

233 2534 436 2574 Ebrardus
456 2532 767 2572 Bethuniensis‘
755 2547 799 2571 m
819 2535 1067 2574 Graecismo:

450 2597 508 2628 est
530 2589 597 2628 hic
619 2588 736 2628 turba
756 2589 916 2639 οῘιονιιεῑ
945 2593 1016 2643 qui
1038 2598 1173 2630 ventat
1195 2592 1238 2628 in
1258 2589 1366 2637 ae're,
1395 2589 1554 2637 chora-ff

454 2646 638 2684 carmelus
657 2653 714 2684 est
737 2646 878 2684 chorus
900 2653 974 2685 etc.

235 2700 305 2741 ubi
331 2707 467 2740 tamen
502 2701 666 2740 chorum
692 2715 898 2755 perperam
916 2717 1006 2741 cum
1022 2703 1196 2741 cancello
1216 2700 1442 2750 confundit,
1473 2702 1567 2754 quia
1582 2700 1684 2738 forte

234 2757 343 2810 apud
369 2759 531 2797 Latinos
559 2759 754 2797 inferioris
787 2760 925 2798 aetatis
949 2772 1041 2813 pars
1069 2761 1140 2797 illa
1164 2759 1326 2810 templi,
1355 2760 1398 2796 in
1423 2770 1503 2811 qua
1527 2762 1685 2795 exstant

235 2816 358 2853 altare
388 2822 428 2854 et
460 2814 626 2866 chorus,
655 2814 798 2855 iisdem
829 2823 941 2868 septa
965 2817 1173 2868 cancellis,
1203 2815 1347 2856 chorus
1377 2815 1498 2866 vulgo
1526 2812 1683 2852 dicitur.
