1890 3224
731 195 1051 245 PRAEFATIO.
1515 207 1617 240 xxtx

163 307 356 352 διακόνου
375 307 441 350 καὶ
462 305 763 360 σκευοφύλακος
778 310 851 361 τῆς
865 305 1036 362 μεγάλης
1052 304 1260 359 ἐκκλησίας
1276 307 1351 348 τοῦ·
1367 305 1540 348 Πισίδου
1559 307 1616 355 εἰς

163 377 238 431 τήν
260 375 527 431 Ἑξαήμερον,
566 377 610 413 in
632 376 922 413 Hexab'meron.
952 376 1280 427 Epigrammata,
1309 374 1542 421 Heracliae,
1571 375 1619 412 de

164 448 341 485 vanitate
357 448 478 492 vitae,
508 452 645 483 contra
666 445 872 491 Severum,
901 444 949 481 de
965 443 1204 494 expeditione
1221 443 1422 490 Ileraclii,
1451 443 1501 481 de
1519 442 1619 480 bello

165 515 362 561 Ahar-ico,
392 517 436 551 in
456 499 739 552 Ancistasium.
802 519 1022 564 sequuntur
1041 512 1230 562 anonymi
1250 512 1374 549 iambi
1395 513 1437 549 in
1461 511 1505 549 S.
1529 513 1620 548 Ma-

166 585 265 620 riam
284 584 589 634 Aegyptiacam,
621 594 666 618 ac
685 578 829 618 deinde
847 580 1021 631 plurima
1038 577 1180 616 Philae
1200 581 1387 618 carmina.
1444 593 1519 617 nec
1536 581 1620 617 He-

165 655 381 690 xaemeron
408 664 481 688 nec
513 651 743 701 poemation
772 647 821 685 de
851 649 1024 687 vanitate
1049 648 1154 685 vitae
1180 646 1325 685 exinde
1354 648 1517 699 colligas
1536 661 1621 685 esse

164 720 372 757 mutilum:
404 731 542 756 omnes
560 719 668 755 enim
683 730 819 756 versus
840 716 1049 767 utrobique
1067 716 1143 754 sibi
1162 714 1377 754 succedunt
1396 729 1466 754 suo
1483 714 1621 753 ordine

167 788 387 835 coniuncti3
416 787 528 823 nulla
557 786 676 823 litura
706 791 867 836 apparet
894 785 937 820 in
965 782 1124 832 medio,
1154 797 1284 836 neque
1313 784 1356 820 in
1383 784 1482 832 fine,
1513 781 1622 835 quod

167 856 312 907 apponi
337 855 437 892 solet
458 866 548 890 cum
569 852 721 905 aliquid
738 851 1001 900 desideratur,
1026 851 1151 891 λείπει
1166 849 1287 890 τᾶλλα
1305 852 1472 902 legitur,
1502 858 1546 888 ut
1565 856 1624 888 est

166 924 208 959 in
231 922 426 959 Morellio.
485 922 528 957 in
550 921 730 971 margine
755 926 846 958 sunt
869 920 976 956 tituli
996 932 1048 957 ex
1066 919 1190 955 minio
1212 932 1343 956 rerum
1365 920 1493 970 capita
1515 917 1623 955 indi-

167 996 312 1038 cantes,
338 990 475 1041 quales
491 987 601 1025 idem
614 988 820 1025 Morellius
841 985 1023 1024 exhibuit
1041 989 1084 1025 in
1103 999 1174 1024 sua
1196 985 1370 1024 editione
1392 987 1621 1024 Parisiensi.
1644 998 1650 1004 ·

167 1055 316 1106 codex,
346 1063 390 1094 ut
420 1054 597 1104 videtur,
631 1069 652 1092 e
681 1056 1008 1093 Columnensium
1031 1054 1148 1094 domo
1168 1054 1219 1092 ad
1236 1053 1521 1092 bibliothecam
1540 1056 1622 1093 Va-

165 1127 338 1163 ticanam
363 1125 565 1163 transivit:
595 1122 716 1161 habet
743 1125 850 1161 enim
877 1125 920 1160 in
944 1124 1140 1175 principio
1162 1122 1260 1163 haec
1283 1123 1424 1172 verba,
1458 1122 1532 1159 Ιιοο
1552 1135 1624 1160 νο-

166 1193 300 1230 lumen
329 1200 386 1230 est
408 1193 486 1229 mei
508 1191 675 1229 Nicolai
691 1192 994 1229 Bartholomaei
1012 1192 1059 1230 de
1087 1191 1303 1229 Columnis.
1366 1191 1526 1243 quintus
1553 1203 1621 1227 co-

166 1259 247 1298 dex
263 1262 351 1299 Vat.
374 1267 433 1297 est
455 1263 575 1308 1281,
603 1260 877 1311 bombycinus,
896 1268 1010 1298 extra
1029 1267 1068 1297 et
1084 1261 1190 1297 intus
1208 1258 1436 1310 praeferens
1455 1264 1624 1296 stemma

167 1327 308 1365 domus
327 1326 518 1364 Caraffae.
562 1329 604 1363 in
622 1329 750 1379 prima
770 1330 917 1380 pagina
937 1329 1084 1379 legitur
1098 1327 1274 1364 Antonii
1294 1325 1413 1363 Cat-d.
1441 1324 1627 1376 Caraffae

167 1394 457 1432 bibliothecarii
478 1381 626 1432 {nunus
644 1408 689 1432 ex
708 1403 947 1441 testamento.
1010 1397 1189 1448 sequitur
1208 1393 1275 1432 hic
1295 1394 1459 1432 titulus:
1489 1396 1562 1433 τὀὖ
1583 1391 1627 1433 ἐν

166 1461 296 1515 ἁγίοις
325 1461 444 1514 ἡμῶν
475 1463 679 1516 Κυρίλλου
708 1461 954 1517 πατριάρχου
975 1459 1257 1516 Ἀλεξανδρίας
1278 1461 1367 1516 περὶ
1391 1458 1504 1510 ζώων
1526 1456 1630 1502 ἰδιό-

165 1545 282 1582 τητος
301 1528 369 1569 καὶ
392 1533 533 1581 φυτῶν
551 1528 619 1571 διὰ
641 1531 784 1583 στίχων
803 1530 1026 1583 ἰαμβικῶν,
1057 1526 1156 1583 πρὸς
1183 1527 1250 1570 τᾶν
1275 1532 1348 1580 τῆς
1371 1531 1626 1570 Κωνσταντι-

165 1593 395 1645 νουπόλεως
428 1594 676 1651 πατριάρχην
706 1595 852 1651 κύριον
881 1597 1065 1652 Σέργιον.
1123 1596 1195 1636 sed
1216 1610 1239 1634 a
1259 1610 1383 1635 manu
1406 1598 1628 1646 recentiori,

167 1678 269 1717 quae
296 1663 454 1703 videtur
482 1679 567 1704 esse
598 1666 761 1714 Allatii,
790 1665 943 1704 ibidem
967 1673 1072 1704 recte
1095 1673 1153 1704 est
1171 1665 1405 1703 adnotatum
1426 1665 1629 1719 Γεωργίου

165 1735 241 1774 τοῦ
266 1733 451 1774 Πισίδου.
509 1741 600 1785 post
630 1747 790 1772 versum
822 1737 897 1777 80:
930 1737 1070 1787 σιγῶσι
1091 1731 1298 1787 ’Πρόκλοι,
1328 1734 1494 1785 legitur,
1526 1729 1629 1788 α’ρχῆ

168 1798 244 1841 σὺν
263 1803 349 1854 θεῷ
369 1803 464 1849 τοῦ,
495 1800 550 1848 οἷς
570 1798 823 1854 ἔμεγαλύνθη
839 1798 888 1840 τοὶ
910 1800 1003 1853 ἔργα
1019 1812 1092 1841 σου
1109 1798 1236 1851 κύριε.
1292 1797 1424 1841 πάντα
1445 1801 1488 1842 ἐν
1507 1802 1632 1856 σοφίᾳ

167 1867 379 1919 ἐποίησας,
409 1882 431 1905 e
453 1868 596 1919 quibus
617 1868 770 1916 verbis,
801 1868 836 1904 si
856 1873 966 1904 tanta
985 1875 1086 1905 esset
1105 1866 1251 1905 codicis
1269 1868 1501 1916 auctoritas,
1529 1867 1631 1906 haec

169 1933 247 1973 duo
279 1935 394 1972 firma
425 1933 686 1985 haberentur,
732 1942 771 1972 et
805 1933 912 1987 quod
944 1936 996 1972 sit
1026 1936 1268 1974 Hexaemen·
1298 1937 1560 1987 principium,
1591 1932 1631 1973 et

169 2016 290 2056 quem
307 2003 384 2040 sibi
402 2001 544 2040 ducem
559 2004 602 2040 in
621 2016 667 2041 eo
687 2001 894 2041 scribendo
913 2003 1056 2053 legerit
1072 2002 1222 2041 Pisida.
1264 2016 1405 2041 verum
1421 2003 1488 2041 hic
1507 2004 1628 2054 plane

169 2078 229 2109 est
251 2071 320 2108 ille
343 2070 493 2120 codex,
525 2072 635 2109 cuius
664 2069 880 2123 epigraphe
911 2070 1098 2123 deceptus
1128 2072 1394 2123 Hieronymus
1415 2071 1628 2109 Brunellus

166 2141 448 2176 Hexaemeron
465 2137 624 2177 Pisidae
645 2137 771 2176 edidit
787 2142 937 2177 Romae
957 2152 1060 2176 anno
1081 2138 1188 2180 1590
1205 2139 1278 2177 sub
1296 2142 1459 2177 nomine
1472 2140 1625 2192 cyrilli,

126 2192 130 2198 ¹
167 2213 210 2244 ut
240 2219 358 2258 supra
386 2205 536 2244 dictum
564 2214 646 2245 est:
677 2209 810 2245 omnia
835 2209 945 2245 enim
965 2206 1206 2259 respondent
1225 2206 1277 2244 ad
1295 2209 1506 2257 amussim,
1537 2221 1627 2245 cum

167 2274 304 2312 titulus
327 2281 415 2311 tum
444 2276 669 2313 iamborum
689 2289 900 2324 numerus,
932 2277 1002 2328 qui
1023 2283 1114 2314 sunt
1141 2274 1262 2318 1864.
1323 2283 1498 2314 ceterum
1521 2283 1628 2314 totus

170 2349 373 2393 corruptus
394 2349 453 2380 est
471 2350 510 2380 et
527 2357 687 2395 prorsus
706 2342 982 2382 inemendatus
997 2374 1007 2393 ,
1038 2357 1268 2397 quanquam
1284 2358 1367 2383 non
1382 2346 1631 2396 ineleganter

169 2411 336 2461 scriptus
357 2411 471 2448 initio
491 2412 639 2448 saeculi
662 2410 725 2452 15.
783 2414 826 2449 in
840 2413 1020 2463 margine
1039 2411 1091 2449 ad
1114 2425 1275 2450 versum
1296 2411 1377 2454 474
1398 2411 1630 2454 huiusmodi

171 2485 229 2515 est
245 2479 450 2530 inscriptio
467 2478 556 2533 περὶ
578 2481 649 2531 τῆς
672 2480 781 2531 ἱερᾶς
799 2476 924 2521 νόσου
945 2480 993 2518 de
1011 2494 1123 2518 sacro
1146 2480 1297 2526 morbo,
1318 2493 1439 2532 quam
1457 2482 1500 2519 in
1517 2483 1629 2519 nullo

172 2545 249 2582 alio
269 2545 401 2584 codice
421 2548 564 2599 reperi.
614 2546 687 2586 sed
703 2554 742 2585 et
758 2549 963 2586 Morellius
983 2547 1153 2586 eandem
1172 2549 1347 2600 glossam
1366 2551 1631 2602 marginalem
1647 2566 1659 2576 ·

172 2615 374 2664 apposuit,
417 2617 527 2653 cuius
556 2616 640 2654 vim
669 2616 789 2667 plane
818 2629 901 2654 non
932 2629 1143 2669 assequor,
1181 2630 1256 2653 nec
1284 2623 1401 2654 antea
1428 2624 1629 2656 assecutus

170 2680 248 2717 fuit
277 2679 404 2719 editor
432 2682 697 2722 bibliothecae
723 2686 889 2722 Patrum
914 2687 1040 2724 Paris.
1068 2684 1189 2726 1589.
1248 2685 1304 2722 ait
1329 2686 1457 2734 enim,
1489 2686 1630 2722 inseri-

164 2750 344 2798 ptionem
374 2749 422 2786 de
444 2750 577 2788 morbo
609 2766 723 2790 sacro
754 2766 833 2790 non
861 2754 999 2804 capio.-
1040 2752 1180 2790 malim
1208 2751 1257 2789 de
1285 2752 1565 2790 certaminibus
1595 2758 1633 2787 et

163 2817 359 2865 praemiis
401 2824 619 2868 martyrum
670 2819 829 2858 Christi.
890 2819 965 2859 hos
1002 2821 1178 2874 quinque
1216 2818 1371 2859 codices
1403 2820 1626 2868 Vaticanus,
