1838 3210
554 183 892 230 DESCRIPTIO
924 183 969 228 S.
1002 183 1254 228 SOPHIAE.
1531 182 1629 229 137

166 298 390 337 tabulatum
406 308 538 345 omne,
557 309 630 334 seu
647 293 840 348 quicquid
854 295 971 332 bema
990 307 1014 332 a
1031 307 1110 332 nao
1128 301 1297 346 separat,
1319 299 1449 332 totum
1463 301 1628 346 argento

168 354 383 394 obductum
402 354 537 391 fuerit.
596 353 845 391 silentiarius
865 358 967 403 part.
986 354 1066 392 2v.
1084 352 1192 420 265?

334 409 404 451 καὶ
425 408 517 479 γοῖρ
522 406 620 450 σ’σον
629 406 841 476 μεγάλοιο
847 404 949 460 πρὸς
968 405 1138 461 ὄρθριον
1158 405 1309 461 ἄντυγα
1327 410 1434 460 νηοῦ

333 469 465 535 χῶρον
491 462 794 535 oivmpointotoiy
815 461 1079 533 ἀπεκρίναντο
1102 468 1298 516 θυηλαῖς,

336 519 413 564 ούκ
432 523 596 574 ἐλέφας,
628 538 675 563 ου
699 525 835 574 τμῆμα
852 523 981 562 λίθων
1002 517 1031 573 ἢ
1048 518 1192 573 χαλκός
1212 520 1353 573 ὁρίζει,

335 575 423 620 ἄλλ’
447 577 544 621 όλον
561 579 806 632 ἐθρίγκωσεν
826 574 903 619 ὑπ’
928 575 1156 632 ἀργυρέοισι
1176 575 1393 629 μετάλλοις.

168 650 221 674 ex
251 637 394 689 quibus
427 639 547 674 etiam
570 638 785 688 percipitur
807 636 1003 673 cancellos
1022 635 1191 672 bematis
1214 634 1408 686 Sophiani
1433 636 1635 675 exstitisse

167 693 241 732 sub
265 707 358 731 arcu
379 694 574 742 orientali,
606 695 675 746 qui
692 691 1032 744 hemisphaerium
1048 694 1229 729 sustinet.
1269 705 1315 729 ea
1339 699 1476 729 autem
1495 694 1636 731 bema-

167 751 219 788 tis
245 750 423 787 tabulata
449 763 532 787 non
557 751 685 787 unicis
711 749 896 787 cancellis
924 749 990 786 vel
1015 749 1185 797 tabulis,
1226 761 1323 800 quas
1343 747 1500 797 πλάκας
1519 758 1636 788 vocat

167 807 432 854 Silentiarius,
457 807 702 854 constabant,
720 805 793 844 sed
809 807 852 842 in
871 807 921 842 iis
942 804 1153 842 duodecim
1169 807 1403 856 praesertim
1424 807 1635 845 columnae

167 870 330 914 argento
350 862 515 914 perinde
533 864 699 900 vestitae
721 862 992 913 assurgebant,
1026 874 1128 914 quae
1143 863 1199 898 ita
1222 861 1435 913 dispositae
1455 871 1567 903 erant
1588 871 1635 903 ut

165 920 284 957 binae
304 921 427 958 simul
450 918 719 958 cohaererent.
776 918 887 956 idem
904 919 1156 957 Silentiarius
1176 925 1277 969 part.
1298 922 1326 959 2
1343 932 1383 956 v.
1403 922 1510 962 269:

335 972 432 1017 ου’δὲ
452 974 526 1028 μὲν
547 972 594 1016 οὔ
619 973 790 1028 μούνοις
812 974 878 1016 ἐπὶ
899 976 1078 1027 τείχεσιν,
1107 972 1268 1016 ὁππόσα
1290 971 1446 1049 μύστην

335 1030 464 1083 ἄνδρα
487 1029 784 1101 πολυγλώσσοιο
806 1032 1083 1098 διακρίνουσιν
1101 1031 1256 1083 ὁμίλου,

333 1105 488 1143 γυμνας
510 1085 706 1158 οἷργυρέας
726 1089 841 1142 ἔβαλε
861 1085 1034 1136 πλάκας·
1080 1084 1180 1128 ἄλλα
1200 1087 1268 1128 καὶ
1287 1084 1437 1138 αύτοῦς

333 1147 475 1194 κίονας
496 1142 750 1199 οἷργυρὲοισιν
771 1144 892 1193 ολους
911 1143 1088 1196 ἐκάλυψε
1106 1141 1310 1212 μετάλλοις

333 1199 564 1254 τηλεβόλοις
582 1200 789 1243 σελαεσσιν
812 1198 1062 1252 λελαμπότας
1086 1197 1198 1250 ἕξασι
1218 1197 1370 1250 δοιούς.

165 1257 216 1295 iis
247 1255 456 1296 adiunctae
489 1266 600 1296 erant
626 1260 759 1297 variae
786 1259 957 1296 tabellae
979 1259 1239 1306 orbiculares,
1281 1259 1324 1295 in
1346 1257 1488 1310 quibus
1512 1272 1632 1311 opere

164 1315 380 1366 sculptorio
402 1315 582 1367 depictae
602 1323 714 1353 erant
735 1317 931 1366 imagines
949 1314 1107 1363 Christi,
1140 1315 1387 1365 angelorum,
1417 1315 1636 1367 propheta-

165 1384 268 1418 rum,
300 1374 572 1423 apostolorum
598 1379 637 1409 et
660 1372 859 1424 deiparae.
917 1373 960 1409 in
975 1371 1109 1409 medio
1127 1385 1237 1420 vero,
1258 1373 1300 1408 in
1317 1372 1451 1408 tabula
1470 1373 1637 1424 perinde

164 1429 302 1477 tereti,
359 1428 514 1480 depicta
557 1436 668 1466 erant
705 1428 848 1467 eodem
881 1441 1000 1480 opere
1031 1429 1245 1479 sculptorio
1290 1439 1636 1479 monogrammata

164 1485 376 1522 Iustiniani
404 1492 444 1524 et
475 1483 735 1535 Theodorae‚
790 1498 872 1523 una
901 1499 993 1523 cum
1024 1486 1150 1523 crucis
1182 1485 1325 1536 figura.
1384 1485 1639 1528 Silentiarius

164 1552 206 1578 v.
225 1541 333 1582 295:

331 1596 373 1646 ἐς
393 1595 436 1637 δὲ
457 1595 578 1650 μέσας
593 1597 717 1664 ἷεροῦ
734 1594 935 1646 πλα’κας”
912 1612 1066 1663 ερκεος,
1098 1597 1143 1637 αἳ
1159 1596 1251 1651 περὶ
1272 1612 1412 1647 φωτας

335 1650 520 1706 εύιὲρους
536 1650 720 1707 τεύχουσα,
741 1655 961 1724 μεταίχμια,
989 1650 1153 1722 γράμμα
1174 1651 1364 1722 χαράσσει

334 1710 532 1780 ήηγλυφὶς
546 1712 592 1751 ἓν
612 1708 878 1762 πολύμυθον.
908 1707 1079 1758 demiges
1099 1707 1175 1779 γὰρ
1197 1706 1377 1763 ανοὶσσης

337 1766 495 1818 ου’νομα
514 1767 583 1807 καὶ
600 1768 812 1833 βασιλῆος·
843 1767 933 1807 ἴσον
953 1782 998 1821 γε
1018 1765 1091 1817 μὲν
1108 1763 1360 1832 ὀμφαλοέσσῃ

340 1819 481 1863 οἷσπίδι
500 1825 743 1874 μεσσατίοισι
759 1819 889 1864 τύπον
909 1820 1025 1874 κοιλή
1031 1837 1125 1863 νατο
1141 1838 1287 1877 χωροις

339 1875 512 1930 σταυρόν
537 1875 847 1932 ἀπαγγέλλουσα-

170 1934 221 1973 de
239 1943 582 1988 monogrammate
601 1935 688 1973 dixi
706 1935 758 1973 ad
773 1937 913 1973 Annae
930 1932 1185 1972 Alexiadem.

281 1995 352 2033 71.
409 1995 445 2030 A
463 2006 539 2030 nao
564 1994 606 2029 in
624 1993 742 2030 bema
766 1992 896 2030 aditus
919 1993 1080 2043 patebat
1097 2005 1170 2043 per
1184 1998 1263 2029 tres
1279 1998 1413 2043 portas
1426 2021 1436 2041 ,
1472 2005 1574 2045 quae
1593 1996 1636 2033 in

171 2050 357 2088 cancellis
378 2050 667 2101 aperiebantur,
698 2048 876 2087 mediam
893 2051 1099 2100 ingentem
1118 2049 1185 2086 vel
1203 2049 1408 2098 maiorem,
1439 2050 1536 2088 alias
1556 2054 1638 2089 mi·-

168 2107 276 2143 noris
300 2105 586 2157 magnitudinis
605 2106 658 2145 ad
674 2113 889 2159 utrumque
910 2107 1040 2155 latus,
1086 2112 1125 2143 et
1143 2111 1188 2142 ut
1205 2106 1365 2144 Paulini
1392 2107 1524 2146 verbis
1547 2115 1636 2147 utar

142 2167 149 2170 ’
167 2163 300 2200 Natali
323 2166 394 2211 10,

338 2221 522 2271 trinaque
546 2219 735 2257 cancellis
758 2219 1007 2258 currentibus
1028 2220 1130 2256 ostia
1146 2218 1356 2269 pandunt.

169 2274 279 2313 idem
295 2276 547 2315 silentiarius
570 2290 610 2315 v.
630 2278 733 2318 300:

920 2329 988 2372 δια
1005 2334 1187 2402 τρισσων
1198 2331 1242 2373 δὲ
1259 2331 1469 2400 θυρέτρων

339 2388 454 2442 ἕρκος
475 2385 573 2429 ολον
593 2384 790 2445 μύστῃσιν
812 2384 1037 2442 ἆνοίγεται·
1070 2389 1114 2429 ἐν
1135 2386 1211 2442 γα“ρ
1237 2386 1381 2445 ἑκάστῃ

337 2448 492 2500 πλευρῇ
512 2442 692 2499 θύρετρα
714 2445 919 2498 διέτμαγεν
941 2442 1159 2512 ἐργοπόνος
1181 2447 1276 2498 χείρ.

172 2501 368 2540 eiusmodi
398 2503 568 2540 bematis
598 2510 732 2554 portas
769 2501 885 2555 ἁγίας
912 2500 1047 2555 θύρας
1075 2505 1285 2553 scriptores
1321 2503 1461 2539 Graeci
1490 2504 1639 2554 passim

172 2565 326 2606 vocant,
357 2574 452 2610 αγια
468 2560 595 2612 θυρία
615 2558 882 2610 Pachymeres
905 2559 932 2599 4
964 2561 1018 2601 25
1047 2566 1086 2597 et
1105 2561 1187 2597 alii.
1246 2559 1367 2597 refert
1388 2566 1528 2598 auctor
1544 2573 1640 2596 nar-

173 2615 336 2652 rationis
365 2614 414 2652 de
440 2616 558 2653 rebus
575 2617 814 2664 Armeniae,
857 2614 986 2654 editus
1017 2629 1040 2653 a
1061 2616 1321 2665 Combefisio,
1361 2616 1409 2653 ab
1439 2618 1641 2663 Armenis,

174 2671 245 2721 qui
263 2670 414 2720 synodo
435 2673 679 2723 Cpolitanae,
711 2686 834 2726 quam
855 2674 1036 2725 quintam
1058 2680 1216 2721 vocant,
1248 2680 1542 2720 consenserant,
1565 2671 1643 2709 ha-

175 2739 265 2763 rum
285 2727 451 2764 alteram
470 2730 751 2767 Armeniorum
773 2736 929 2781 portam
950 2728 1000 2767 de
1023 2743 1162 2768 eorum
1187 2731 1349 2767 nomine
1370 2735 1640 2780 nuncupatam

175 2784 320 2820 fuisse‘:
341 2785 395 2837 τῷ
414 2780 582 2849 ὀνόματι
601 2782 734 2826 αὐτῶν
755 2783 995 2826 ἐκάλεσανΡ
966 2787 1084 2838 αγίας
1098 2783 1230 2833 πύλας
1250 2789 1323 2839 τῆς
1341 2784 1458 2840 αγίᾰς
1469 2784 1641 2836 Emptas&

176 2835 265 2891 ἥτις
282 2838 394 2894 μέχρι
412 2835 588 2895 σήμερον
607 2845 784 2884 καλεῖται
800 2845 884 2883 τῶν
898 2839 1114 2897 Ἀρμενίων
1134 2838 1256 2894 πύλη.
