1890 3224
211 203 219 214 '
250 221 311 265 28
727 216 964 261 GEORGII
1000 214 1217 258 PISIDAE

468 333 618 388 κλοπὴν
637 334 812 390 μεριμνᾷ
820 362 834 382 ,
864 331 932 372 καὶ
950 325 1264 387 παρεσκευάζετο

356 403 436 444 365
472 406 607 455 λαβεῖν
629 399 818 456 συνεργὸν
839 402 913 440 τοῦ
935 401 1090 440 σκοποῦ
1109 396 1181 451 τὴν
1203 391 1427 452 εὐφρόνην

470 469 570 526 πρὸς
585 468 663 525 γὰρ
685 465 904 517 ε’πελεύσεις
929 465 1067 508 λοιπὸν
1092 465 1349 521 εὖτρεπίζετο,

469 540 595 592 ζητῶν
616 537 771 593 ἀφεγγῆ
794 535 933 592 καιρὸν
955 537 1011 584 εἷς
1030 533 1082 576 τὰ
1103 533 1327 586 κλέμματα.

469 606 551 646 ἐπεὶ
572 605 615 646 δὲ
635 604 704 646 τὸν
725 607 923 661 φωστῆρα
940 602 1010 645 τὸν
1028 602 1130 656 μεθ’
1149 599 1304 656 ἡμέραν

470 673 543 727 τὴν
563 670 688 715 νύκτα
710 673 997 728 παμφαίνοντα
1013 673 1193 726 παμφαῆ
1213 668 1372 722 βλέπων

358 745 441 784 370
475 740 634 795 ἔλεγχον
656 738 732 794 εἶχε
756 744 829 794 τῆς
849 743 1000 794 κλοπῆς
1021 738 1094 792 τὴν
1116 734 1327 790 λαμπάδα,

474 810 541 851 καὶ
560 809 633 863 τὴν
650 806 819 862 σελήνην
842 807 981 849 λοιπὸν
1004 805 1059 856 ὥς
1078 806 1260 847 ἐναντίαν

476 877 549 931 τὴν
568 878 661 933 πρὶν
682 876 882 929 σεβαστὴν
901 873 978 929 εἶχε
1002 872 1345 927 ὁυσσεβουμένην·

478 945 548 986 καί
564 961 642 985 που
661 944 764 986 καθ’
793 942 916 985 αὗτὸν
939 945 1156 999 δυσφορῶν
1176 937 1374 994 ἐπηύξατο

478 1011 499 1053 ὃ
523 1010 736 1068 βάρβαρος
752 1016 847 1061 νοῦς
868 1011 926 1065 μὴ
948 1010 1049 1067 πρὸς
1075 1008 1242 1063 αὔξησιν
1258 1008 1411 1063 τρέχειν

366 1079 447 1121 375
482 1078 614 1135 λήγειν
636 1081 679 1122 δὲ
698 1083 855 1134 μᾶλλον
872 1079 945 1135 τὴν
964 1078 1064 1120 θεὸν
1084 1081 1157 1131 τῆς
1173 1076 1390 1131 Περσίδος.

957 1230 1033 1288 Γ.

475 1326 495 1343 >l

494 1329 735 1411 Εκλειψιν
758 1356 870 1411 ἴσχεν
893 1354 920 1410 ἦ
940 1354 1038 1406 θεὸς
1058 1358 1131 1409 τῆς
1148 1353 1364 1410 Περσίδος,

484 1425 661 1480 ἔκλειψιν
685 1424 773 1479 ἴσχε
795 1426 862 1467 καὶ
883 1423 990 1482 λόγῳ
1010 1424 1077 1465 καὶ
1095 1419 1316 1479 πράγματι.

486 1491 599 1547 οἶμαι
622 1493 666 1535 δὲ
680 1495 835 1550 χαίρειν
850 1495 1059 1549 Περσικῆς
1074 1488 1235 1545 βλάβης
1248 1486 1371 1545 χάριν

485 1563 693 1617 φθίνουσα
713 1562 780 1602 καὶ
797 1558 977 1616 λήγουσα
993 1561 1060 1600 καὶ
1079 1557 1294 1611 μειουμένη
1305 1569 1318 1582 ·

433 1628 460 1670 5
489 1629 548 1671 ἀεὶ
568 1629 645 1686 γὰρ
667 1629 804 1678 αὐτοῖς
825 1631 981 1681 μᾶλλον
1000 1627 1189 1668 ἐκλείπειν
1209 1625 1321 1666 θέλει

485 1696 588 1753 ἤπερ
609 1695 859 1753 προλάμπειν
879 1697 1086 1748 δυσσεβῶς
1104 1693 1322 1747 τιμωμένη.

487 1762 598 1818 ἡμᾶς
615 1765 658 1806 δὲ
679 1763 843 1818 λαμπὰς
864 1762 979 1818 ἡλίου
999 1766 1072 1805 τοῦ
1096 1758 1292 1803 δεσπότου

488 1830 709 1874 θάλπουσα
733 1833 801 1873 καὶ
820 1835 891 1873 νῦν
912 1828 1121 1881 ἓξανάπτει
1141 1828 1237 1878 τοὺς
1256 1824 1422 1883 λόγους,

491 1901 559 1942 καὶ
583 1902 737 1954 Φοῖβος
751 1898 848 1956 ἡμῖν
871 1898 1038 1953 εὐσεβὴς
1060 1897 1308 1955 προέρχεται,

361 2029 385 2063 3
408 2026 450 2063 δ’
474 2026 646 2074 ἔχαιρενί)

275 2139 382 2172 sensit
395 2166 406 2182 ,
430 2140 583 2174 fraudem
598 2139 779 2173 meditatur
791 2165 802 2181 ‚
826 2143 862 2174 et
876 2140 941 2174 iam
956 2140 1121 2173 volvebat
1140 2137 1246 2171 animo
1266 2135 1369 2179 (365)
1394 2135 1428 2168 in
1453 2137 1584 2179 partem
1607 2131 1737 2166 consilii

275 2195 402 2218 vocare
417 2192 559 2218 noctem.
606 2185 651 2218 ad
667 2185 929 2228 aggrediendum
951 2185 1036 2219 enim
1053 2185 1117 2217 iam
1133 2183 1267 2217 tandem
1285 2187 1359 2215 erat
1381 2185 1521 2228 paratus
1534 2205 1544 2220 ‚
1569 2188 1737 2223 quaerens

278 2240 322 2262 ex
338 2231 486 2264 tenebris
503 2230 787 2274 opportunitatem
803 2231 994 2266 fraudibus.
1041 2241 1114 2263 cum
1126 2228 1231 2272 igitur
1245 2239 1265 2261 a
1281 2226 1444 2268 luminari,
1470 2224 1563 2269 quod
1578 2224 1663 2257 diem
1679 2234 1736 2257 se-

277 2274 403 2318 quitur,
429 2279 559 2308 noctem
576 2275 722 2319 undique
735 2275 896 2310 illustrari
910 2276 1046 2309 videret
1061 2273 1253 2312 clarissime.
1277 2273 1380 2316 (370)
1398 2274 1629 2315 argumentum
1646 2279 1736 2302 sum-

277 2319 346 2363 psit
358 2320 400 2352 ad
417 2320 580 2354 fraudem.
628 2321 688 2353 sed
704 2324 739 2353 et
754 2321 866 2355 lunam
882 2321 990 2366 ipsam
1007 2325 1045 2353 ut
1061 2319 1124 2353 sibi
1142 2318 1355 2358 contrariam,
1380 2329 1480 2361 quam
1496 2326 1603 2360 nuper
1617 2313 1737 2348 adora-

277 2369 389 2407 verat,
413 2371 607 2403 exsecratus
625 2370 696 2407 est3
723 2369 758 2398 et
772 2377 833 2399 sua
849 2377 960 2399 secum
976 2365 1063 2399 mala
1078 2370 1241 2409 reputans
1256 2364 1375 2397 orabat
1391 2363 1554 2397 barbarus
1569 2360 1678 2396 auimo
1694 2371 1738 2394 ne

279 2410 324 2444 ad
339 2415 551 2456 augmentum
567 2422 770 2458 percurrens
784 2412 887 2456 (375)
904 2411 1011 2456 magis
1027 2411 1191 2446 deficeret
1204 2410 1269 2444 dea
1283 2408 1454 2444 Persidos.

967 2546 1065 2601 III.

280 2619 496 2688 Defectum
523 2665 626 2699 passa
648 2657 701 2689 est
722 2654 787 2689 dea
802 2655 985 2699 Persidos,
1021 2655 1190 2689 defectum
1213 2663 1316 2700 passa
1340 2655 1395 2686 est
1409 2655 1445 2686 et
1458 2651 1565 2685 verbo
1581 2651 1618 2684 et
1631 2649 1738 2683 facto.

279 2701 341 2735 sed
358 2701 504 2744 gaudet,
528 2701 660 2745 opinor,
684 2700 717 2734 in
734 2701 912 2745 perniciem
930 2702 1109 2734 Persarum
1126 2700 1312 2733 declinasse
1326 2724 1334 2738 ,
1355 2697 1524 2731 defecisse
1540 2699 1576 2730 et
1591 2705 1668 2728 esse
1681 2693 1740 2727 di·-

280 2747 461 2780 minutam:
497 2746 550 2790 (5)
567 2746 695 2780 mavult
719 2747 805 2780 enim
829 2757 962 2791 semper
982 2747 1047 2780 illis
1070 2746 1218 2780 deficere
1240 2755 1342 2789 quam
1366 2743 1566 2788 praelucere
1589 2741 1633 2774 ab
1655 2738 1739 2784 ipsis

279 2791 382 2835 impie
397 2791 497 2826 culta,
545 2796 581 2825 at
607 2803 668 2825 nos
691 2791 817 2836 lampas
839 2791 960 2826 solaris
983 2792 1148 2837 despotae
1175 2795 1212 2825 et
1237 2791 1335 2823 fovet
1358 2793 1394 2823 et
1408 2791 1540 2822 nostros
1555 2785 1740 2828 inflammat

259 2872 265 2880 ,
280 2847 463 2872 sermones.
513 2848 574 2872 nos
594 2837 649 2872 ille
666 2838 825 2872 Phoebus
852 2837 1030 2882 religiosus
1055 2836 1180 2880 anteit,
1204 2837 1284 2882 (10)
1300 2844 1416 2869 omnes
1430 2833 1488 2879 qui
1502 2830 1662 2868 emundat
1677 2840 1739 2863 ex-
