1838 3210
522 174 859 228 DESCRIPTIO
875 202 879 219 2·
893 173 938 219 S.
971 173 1220 222 SOPHIAE.
1519 219 1522 222 ,
1537 175 1596 220 13

275 292 455 350 ἦρεμέειν
474 290 658 346 τέτληκεν
678 289 840 347 ἀεργέος
860 287 1042 344 ἅμμασιν
1063 287 1196 342 ὄκνου,

279 361 384 403 ἀλλὰ
405 361 676 414 μινυνθαὸίης
695 359 929 402 ἀπεσείσατο
948 359 1111 416 κέντρον
1129 358 1254 413 ἀνίης,

275 432 378 486 πρὸς
396 430 443 486 ᾅὲ
461 427 608 478 πόνους
626 427 718 483 ἤϊξε
735 425 1097 484 παλινὸωμήτορας
1118 427 1244 469 οἴκου.

274 502 333 555 τῷ
350 498 394 539 δὲ
412 503 684 555 παρεστηκυῖα
701 495 1104 550 ,σακέσπαλοςῖννεπε
1122 493 1258 550 Ῥώμη
1550 497 1597 532 85

156 568 239 608 220
267 565 546 623 ι“παγκρατές,
576 563 830 623 ὄλβιόμοιρε,
864 565 995 620 Δίκης
1014 565 1126 615 ἕδος,
1163 564 1266 621 ἕρμα
1286 558 1460 616 πολήων,

274 633 430 691 ἕρπασε
450 635 650 689 βασκανίη
664 651 741 688 με,
769 632 892 691 χάρις
911 633 962 676 δέ
979 634 1040 684 τίς
1061 631 1380 688 ἔστιΜεγαίρης

275 703 359 745 ὅττι
381 704 500 744 σέθεν
522 701 712 754 ζώοντος,
746 699 812 743 ὅτ’
840 700 1010 758 ἐγγύθεν
1030 699 1311 758 έστὶν.ἀρωγή,

274 769 468 824 στήθεσιν
486 768 711 826 ἡμετέροισι
731 770 1098 826 περιρραγὲςὲλκος
1125 769 1290 824 ἀνίσχει.
1552 775 1600 809 90

276 837 405 890 ἄλλά,
438 837 598 895 μάκαρ,
635 836 826 893 (δύνασαι
847 837 924 894 γὰρ
953 837 1025 895 ἐφ’,
1049 838 1156 894 ἕλκεϊ
1182 836 1385 894 φάρμακα,
1407 836 1596 891 πάσσειν)

156 906 238 950 225
266 914 386 963 χεῖρα
406 908 499 961 τεὴν
520 908 768 963 προτίταινε,
802 905 1019 964 ῥυηφενέος
1039 905 1195 963 τροφὸν
1220 905 1358 960 ὄλβου.

273 974 405 1018 πάντα
425 980 689 1032 κυβερνητῆρι
710 979 788 1033 τεῷ
807 976 1001 1018 ὁιέπουσα
1018 976 1176 1032 χαλινῷ

271 1043 477 1100 ὑμετέροις
496 1042 681 1099 ὗπέθηκα
702 1042 1037 1102 τροπαιοφόροισι
1056 1041 1296 1100 θριάμβοις.

272 1113 430 1169 ἠρεμέει
448 1114 516 1154 καὶ
537 1104 693 1167 Μῆδος
711 1111 813 1164 ἄναξ
833 1114 901 1155 καὶ
923 1113 1071 1162 Κελτὶς
1094 1109 1250 1166 ὁμοκλή
1260 1141 1274 1160 ,
1411 1165 1415 1169 ἡ
1550 1114 1595 1147 95

273 1183 340 1223 καὶ
360 1183 477 1238 ξίφος
493 1179 698 1238 ὑμετέροις
718 1180 952 1239 φιλοτήσιον
972 1180 1108 1224 ὤπασε
1127 1177 1284 1228 θώκοις

153 1255 238 1296 230
266 1250 391 1300 Ἰνδὸς
411 1247 511 1307 ἀνήρ
521 1282 535 1302 ,
570 1251 791 1307 ἐλέφαντας
810 1249 919 1306 ἄγων
939 1252 1006 1292 καὶ
1028 1247 1223 1307 μάργαρα
1244 1245 1406 1288 πόντου.

270 1318 503 1375 Καρχηδὼν
522 1317 617 1374 γόνυ
640 1322 786 1361 δοῦλον
803 1320 914 1374 ἐμοῖς
931 1318 1056 1364 ἔκλινε
1075 1318 1296 1374 τροπαίοις.

273 1390 329 1436 εἲς
353 1389 421 1441 ἐμὲ
445 1389 588 1444 φορτὶς
609 1386 748 1429 ἅπασα
773 1388 986 1445 φερέσβιον
1002 1387 1147 1429 ἐλπίδα
1165 1386 1295 1435 τείνει,

272 1454 433 1497 κύκλιον
456 1453 679 1512 εἲσορόωσα
699 1454 852 1514 δρόμον
874 1453 1119 1510 διδυμάονος
1140 1452 1306 1510 ἄρκτου,
1535 1457 1600 1490 100

269 1522 326 1576 ὥς
342 1540 408 1564 κεν
430 1523 541 1576 ἐμοῖς
558 1523 755 1565 τεκέεσσιν
771 1524 983 1578 ἐπίρρυτον
999 1522 1134 1575 ὄλβον
1146 1521 1294 1576 ὀρέξω·

151 1592 234 1636 235
270 1592 463 1648 ἐμπορίην
486 1590 526 1632 δ’
554 1587 767 1645 ἀνάγοντες
787 1589 1054 1632 ἐπιπνείουσιν
1073 1589 1207 1648 ἀῆται.

270 1664 399 1710 ταῦτα
421 1665 525 1710 τεοῖς
545 1656 785 1713 καμάτοισιν
803 1658 1041 1717 ἑφέσπεται·
1076 1656 1172 1700 ἀλλ’
1197 1655 1261 1698 ἐπὶ
1278 1651 1416 1710 πάσης

731 1797 752 1822 6

226 1835 291 1869 221
306 1833 498 1878 Μεγαίρης
509 1834 555 1876 G,
563 1832 749 1876 μεγαίρειν
761 1833 886 1867 codex.
989 1833 1058 1868 222
1068 1827 1094 1867 δ’
1093 1843 1131 1867 τε
1141 1843 1160 1866 a
1170 1831 1341 1866 salmasio
1349 1831 1406 1865 vel
1415 1831 1595 1875 Ducangio

225 1880 359 1914 addita.
452 1883 533 1923 post
557 1890 593 1912 v.
619 1879 686 1912 222
708 1879 745 1912 Ν
767 1878 804 1912 in
826 1876 994 1921 margine,
1021 1878 1132 1912 literis
1153 1877 1352 1922 quadratis:
1379 1873 1459 1911 ὅττι
1483 1877 1594 1911 σέθεν

224 1923 385 1967 ζώοντος
408 1921 560 1969 ἐπέχραε
583 1921 709 1957 κάλλεϊ
729 1922 864 1967 ῥώμης.
890 1935 968 1958 eum
985 1935 1125 1961 versum
1144 1923 1347 1968 Ducangius
1371 1928 1407 1958 et
1429 1924 1594 1958 Graefius

222 1974 445 2017 receperunt.
582 1967 649 2003 225
675 1967 840 2014 στροφὸν
863 1969 987 2004 codex.
1066 1972 1073 1979 '

130 2108 317 2153 praeterea
346 2103 497 2139 occuluit
527 2103 653 2138 mentis
685 2103 817 2148 aciem,
854 2115 967 2149 neque
998 2101 1126 2138 adduci
1155 2101 1270 2148 potuit
1305 2105 1344 2137 ut
1374 2103 1594 2148 quantumvis

132 2152 307 2188 maestitia
339 2161 526 2195 oppressus
557 2150 680 2184 inertis
708 2150 871 2195 ignaviae
894 2149 1042 2185 vinculis
1072 2148 1292 2183 detineretur
1314 2160 1356 2182 ac
1376 2149 1596 2194 quiesceret:

132 2199 196 2233 sed
222 2196 422 2232 brevissimi
450 2195 579 2230 doloris
613 2195 785 2230 stimulum
810 2196 986 2240 excussit,
1031 2198 1068 2229 et
1103 2195 1148 2229 ad
1187 2194 1466 2231 reaedificandae
1499 2194 1597 2229 aedis

130 2244 269 2279 labores
293 2255 372 2277 sese
395 2242 558 2276 accinxit.
594 2242 672 2286 (85)
697 2243 839 2276 adstans
858 2254 943 2276 vero
964 2240 1131 2276 bellicosa
1154 2240 1267 2274 Roma
1290 2252 1368 2275 eum
1391 2240 1444 2275 sic
1467 2246 1522 2275 est
1544 2239 1594 2274 al-

130 2290 259 2324 locuta.
285 2285 561 2335 “potentissime‚
587 2289 780 2332 fortunate,
805 2287 963 2322 iustitiae
986 2287 1102 2330 sedes,
1125 2287 1261 2320 urbium
1285 2286 1453 2332 columen,
1478 2286 1597 2320 nescio

131 2347 222 2381 quae
253 2347 308 2369 me
340 2333 435 2369 subit
461 2333 657 2379 indignatio
682 2334 737 2378 (et
763 2345 859 2368 suam
887 2334 995 2368 habet
1024 2332 1195 2378 quandam
1216 2332 1411 2377 indignatio
1435 2332 1598 2378 volupta—

132 2383 218 2426 tem)
244 2382 338 2426 quod
361 2379 504 2415 vivente
527 2386 583 2424 te,
607 2380 686 2414 dum
710 2391 877 2424 praesens
900 2380 1001 2414 adest
1023 2377 1207 2423 auxilium,
1232 2378 1344 2413 Roma
1365 2378 1598 2423 pulchritudi-

132 2439 211 2462 nem
235 2426 411 2470 amiserit,
436 2426 514 2471 (90)
534 2432 571 2460 et
594 2426 794 2471 pectoribus
814 2426 946 2460 nostris
965 2425 1119 2470 undique
1141 2424 1336 2470 disruptum
1359 2424 1457 2458 ulcus
1482 2423 1599 2458 exori-

131 2477 203 2507 tur.
251 2473 314 2507 sed
332 2477 392 2516 tu,
429 2484 449 2505 o
468 2472 666 2516 fortunate,
706 2473 824 2517 (potes
857 2472 947 2506 enim
973 2470 1084 2505 ulceri
1105 2470 1390 2505 medicamentum
1414 2469 1597 2513 adhibere)

132 2529 268 2553 manum
290 2523 383 2552 tuam
407 2517 550 2562 porrige
572 2518 751 2552 affluentis
778 2517 960 2552 beatitatis
986 2516 1170 2551 nutricem.
1220 2516 1335 2550 omnia
1364 2516 1433 2550 tuis
1467 2517 1597 2560 guber-

133 2575 218 2598 nans
253 2564 418 2609 auspiciis
455 2563 526 2598 tuis
560 2563 701 2607 inclytis
734 2562 919 2608 triumphis
945 2562 1093 2598 subieci.
1143 2562 1221 2606 (95)
1247 2561 1397 2607 quiescit
1417 2561 1597 2595 Medorum

132 2621 197 2643 rex
220 2614 256 2644 et
276 2609 454 2644 Gallorum
474 2609 697 2644 vociferatio.
744 2609 822 2654 ipse
849 2610 956 2643 Indus
986 2621 1061 2643 cum
1094 2608 1167 2642 suis
1201 2607 1396 2653 elephantis
1432 2608 1477 2642 ad
1502 2612 1596 2641 tuum

133 2654 255 2689 solium
283 2655 433 2699 gladium
458 2661 492 2689 et
515 2656 722 2700 margaritas
744 2655 850 2689 maris
868 2655 959 2689 ultro
983 2654 1112 2689 attulit.
1161 2654 1247 2687 meis
1271 2653 1426 2699 tropaeis
1449 2652 1592 2687 servilia

122 2700 234 2734 'flexit
263 2698 375 2744 genu'a
401 2701 593 2746 Carthago.
654 2713 763 2735 naves
795 2712 912 2735 omnes
945 2701 1128 2735 onerariae
1162 2700 1263 2743 (100)
1296 2699 1455 2744 geminae
1486 2709 1589 2731 ursae

133 2758 271 2780 cursum
294 2746 520 2791 respicientes
545 2748 589 2782 ad
612 2759 667 2781 me
689 2747 837 2781 tendunt
856 2751 1020 2791 tanquam
1048 2747 1093 2781 ad
1125 2745 1202 2790 spei
1227 2757 1311 2779 suae
1331 2750 1476 2788 metam,
1512 2742 1589 2786 spei

134 2804 225 2837 quae
249 2793 352 2826 affert
375 2794 573 2836 commoda,
606 2793 659 2827 sic
689 2798 728 2827 ut
758 2792 958 2828 affluentem
989 2804 1092 2837 opum
1114 2791 1249 2836 copiam
1270 2790 1390 2824 liberis
1414 2789 1498 2823 meis
1522 2787 1587 2822 im-

134 2838 301 2884 pertiam3
339 2836 477 2883 ipsique
497 2837 711 2875 advehendis
735 2838 909 2876 mercibus
933 2839 1091 2884 aspirant
1107 2836 1220 2872 venti.
1267 2836 1355 2870 haec
1376 2841 1456 2870 tuos
1481 2833 1587 2870 comi-
