<?xml version="1.0" encoding="UTF-8"?>
<!DOCTYPE html PUBLIC "-//W3C//DTD XHTML 1.0 Transitional//EN"
    "http://www.w3.org/TR/xhtml1/DTD/xhtml1-transitional.dtd">
<html xmlns="http://www.w3.org/1999/xhtml" xml:lang="en" lang="en">
 <head>
  <title>
</title>
<meta http-equiv="Content-Type" content="text/html;charset=utf-8" />
  <meta name='ocr-system' content='tesseract 3.04.00' />
  <meta name='ocr-capabilities' content='ocr_page ocr_carea ocr_par ocr_line ocrx_word'/>
</head>
<body>
  <div class='ocr_page' id='page_1' title='image "./corpusscriptorum42niebuoft/corpusscriptorum42niebuoft_0155.png"; bbox 0 0 1838 3210; ppageno 0'>
   <div class='ocr_carea' id='block_1_1' title="bbox 522 172 1599 222">
    <p class='ocr_par' dir='ltr' id='par_1_1' title="bbox 522 172 1599 222">
     <span class='ocr_line' id='line_1_1' title="bbox 522 172 1599 222; baseline -0.002 0"><span class='ocrx_word' id='word_1_1' title='bbox 522 178 859 222; x_wconf 88' lang='lat' dir='ltr'>DESCRIPTIO</span> <span class='ocrx_word' id='word_1_2' title='bbox 891 178 936 222; x_wconf 88' lang='lat' dir='ltr'><em>S.</em></span> <span class='ocrx_word' id='word_1_3' title='bbox 969 177 1220 221; x_wconf 82' lang='lat' dir='ltr'><strong>SOPHIAE.</strong></span> <span class='ocrx_word' id='word_1_4' title='bbox 1413 179 1416 182; x_wconf 79' lang='grc'><strong><em>’</em></strong></span> <span class='ocrx_word' id='word_1_5' title='bbox 1503 172 1599 220; x_wconf 83' lang='lat'><em>141</em></span> 
     </span>
    </p>
   </div>
   <div class='ocr_carea' id='block_1_2' title="bbox 128 284 1610 2894">
    <p class='ocr_par' dir='ltr' id='par_1_2' title="bbox 128 284 1610 2894">
     <span class='ocr_line' id='line_1_2' title="bbox 137 284 1603 343; baseline -0.008 -11"><span class='ocrx_word' id='word_1_6' title='bbox 137 294 258 342; x_wconf 87' lang='lat' dir='ltr'><em>bant,</em></span> <span class='ocrx_word' id='word_1_7' title='bbox 284 297 331 329; x_wconf 81' lang='lat' dir='ltr'><em>ut</em></span> <span class='ocrx_word' id='word_1_8' title='bbox 349 291 420 343; x_wconf 88' lang='lat' dir='ltr'><em>qui</em></span> <span class='ocrx_word' id='word_1_9' title='bbox 438 303 480 328; x_wconf 79' lang='lat' dir='ltr'><em>se</em></span> <span class='ocrx_word' id='word_1_10' title='bbox 500 289 631 341; x_wconf 82' lang='lat' dir='ltr'><em>ipsam</em></span> <span class='ocrx_word' id='word_1_11' title='bbox 653 286 794 326; x_wconf 86' lang='lat' dir='ltr'><em>aedem</em></span> <span class='ocrx_word' id='word_1_12' title='bbox 814 287 945 325; x_wconf 80' lang='lat' dir='ltr'><em>subire</em></span> <span class='ocrx_word' id='word_1_13' title='bbox 964 284 1152 337; x_wconf 85' lang='lat' dir='ltr'><em>indignos</em></span> <span class='ocrx_word' id='word_1_14' title='bbox 1180 291 1400 323; x_wconf 78' lang='lat' dir='ltr'><strong>censerent.</strong></span> <span class='ocrx_word' id='word_1_15' title='bbox 1457 292 1603 322; x_wconf 83' lang='lat' dir='ltr'><em>utcun-</em></span> 
     </span>
     <span class='ocr_line' id='line_1_3' title="bbox 140 341 1606 403; baseline -0.005 -16"><span class='ocrx_word' id='word_1_16' title='bbox 140 364 218 403; x_wconf 86' lang='lat' dir='ltr'><em>que</em></span> <span class='ocrx_word' id='word_1_17' title='bbox 237 363 280 387; x_wconf 89' lang='lat' dir='ltr'><em>se</em></span> <span class='ocrx_word' id='word_1_18' title='bbox 301 361 364 386; x_wconf 86' lang='lat' dir='ltr'><em>res</em></span> <span class='ocrx_word' id='word_1_19' title='bbox 386 346 552 396; x_wconf 82' lang='lat' dir='ltr'><em>habeat,</em></span> <span class='ocrx_word' id='word_1_20' title='bbox 581 344 684 383; x_wconf 88' lang='lat' dir='ltr'><em>illud</em></span> <span class='ocrx_word' id='word_1_21' title='bbox 705 347 827 382; x_wconf 78' lang='lat' dir='ltr'><em>etiam</em></span> <span class='ocrx_word' id='word_1_22' title='bbox 845 357 869 382; x_wconf 89' lang='lat' dir='ltr'><em>a</em></span> <span class='ocrx_word' id='word_1_23' title='bbox 885 357 978 381; x_wconf 77' lang='lat' dir='ltr'><em>vero</em></span> <span class='ocrx_word' id='word_1_24' title='bbox 999 341 1109 381; x_wconf 87' lang='lat' dir='ltr'><em>haud</em></span> <span class='ocrx_word' id='word_1_25' title='bbox 1129 343 1268 395; x_wconf 82' lang='lat' dir='ltr'><em>procul</em></span> <span class='ocrx_word' id='word_1_26' title='bbox 1289 349 1369 390; x_wconf 88' lang='lat' dir='ltr'><em>est,</em></span> <span class='ocrx_word' id='word_1_27' title='bbox 1399 343 1508 393; x_wconf 88' lang='lat' dir='ltr'><em>ipsos</em></span> <span class='ocrx_word' id='word_1_28' title='bbox 1531 356 1606 393; x_wconf 84' lang='lat' dir='ltr'><em>pe-</em></span> 
     </span>
     <span class='ocr_line' id='line_1_4' title="bbox 140 400 1606 458; baseline -0.006 -14"><span class='ocrx_word' id='word_1_29' title='bbox 140 408 385 458; x_wconf 85' lang='lat' dir='ltr'><em>regrinantes</em></span> <span class='ocrx_word' id='word_1_30' title='bbox 415 410 507 441; x_wconf 83' lang='lat' dir='ltr'><em>vota</em></span> <span class='ocrx_word' id='word_1_31' title='bbox 538 415 610 441; x_wconf 84' lang='lat' dir='ltr'><em>sua</em></span> <span class='ocrx_word' id='word_1_32' title='bbox 641 402 860 440; x_wconf 80' lang='lat' dir='ltr'><em>exsolvisse</em></span> <span class='ocrx_word' id='word_1_33' title='bbox 888 403 930 438; x_wconf 90' lang='lat' dir='ltr'><em>in</em></span> <span class='ocrx_word' id='word_1_34' title='bbox 958 400 1125 438; x_wconf 77' lang='lat' dir='ltr'><em>bematis</em></span> <span class='ocrx_word' id='word_1_35' title='bbox 1155 400 1358 437; x_wconf 78' lang='lat' dir='ltr'><strong>liminibus</strong></span> <span class='ocrx_word' id='word_1_36' title='bbox 1381 412 1452 437; x_wconf 87' lang='lat' dir='ltr'><em>sen</em></span> <span class='ocrx_word' id='word_1_37' title='bbox 1471 400 1606 449; x_wconf 88' lang='lat' dir='ltr'><em>soleis,</em></span> 
     </span>
     <span class='ocr_line' id='line_1_5' title="bbox 140 456 1605 516; baseline -0.005 -16"><span class='ocrx_word' id='word_1_38' title='bbox 140 476 244 516; x_wconf 86' lang='lat' dir='ltr'><em>quae</em></span> <span class='ocrx_word' id='word_1_39' title='bbox 273 462 480 499; x_wconf 79' lang='lat' dir='ltr'><em>liminaria</em></span> <span class='ocrx_word' id='word_1_40' title='bbox 512 459 695 498; x_wconf 86' lang='lat' dir='ltr'><em>dicuntur</em></span> <span class='ocrx_word' id='word_1_41' title='bbox 719 459 929 496; x_wconf 82' lang='lat' dir='ltr'><em>Anastasio</em></span> <span class='ocrx_word' id='word_1_42' title='bbox 950 459 991 494; x_wconf 90' lang='lat' dir='ltr'><em>in</em></span> <span class='ocrx_word' id='word_1_43' title='bbox 1017 457 1060 495; x_wconf 88' lang='lat' dir='ltr'><em>S.</em></span> <span class='ocrx_word' id='word_1_44' title='bbox 1085 456 1286 494; x_wconf 84' lang='lat' dir='ltr'><em>Hadriano</em></span> <span class='ocrx_word' id='word_1_45' title='bbox 1311 469 1412 507; x_wconf 90' lang='lat' dir='ltr'><em>papa</em></span> <span class='ocrx_word' id='word_1_46' title='bbox 1435 469 1477 507; x_wconf 88' lang='lat' dir='ltr'><em>p.</em></span> <span class='ocrx_word' id='word_1_47' title='bbox 1500 457 1605 497; x_wconf 83' lang='lat'><strong>117:</strong></span> 
     </span>
     <span class='ocr_line' id='line_1_6' title="bbox 133 511 1610 572; baseline -0.005 -15"><span class='ocrx_word' id='word_1_48' title='bbox 133 521 233 572; x_wconf 81' lang='lat' dir='ltr'><em>pari</em></span> <span class='ocrx_word' id='word_1_49' title='bbox 261 519 374 556; x_wconf 88' lang='lat' dir='ltr'><em>modo</em></span> <span class='ocrx_word' id='word_1_50' title='bbox 413 525 451 554; x_wconf 85' lang='lat' dir='ltr'><em>et</em></span> <span class='ocrx_word' id='word_1_51' title='bbox 483 518 527 554; x_wconf 89' lang='lat' dir='ltr'><em>in</em></span> <span class='ocrx_word' id='word_1_52' title='bbox 554 518 680 568; x_wconf 84' lang='lat' dir='ltr'><em>ipsius</em></span> <span class='ocrx_word' id='word_1_53' title='bbox 714 515 883 566; x_wconf 79' lang='lat' dir='ltr'><em>apostoli</em></span> <span class='ocrx_word' id='word_1_54' title='bbox 915 514 1170 565; x_wconf 71' lang='lat' dir='ltr'><em>corfissionis</em></span> <span class='ocrx_word' id='word_1_55' title='bbox 1214 514 1397 550; x_wconf 87' lang='lat' dir='ltr'><em>liminari</em></span> <span class='ocrx_word' id='word_1_56' title='bbox 1429 511 1610 563; x_wconf 83' lang='lat' dir='ltr'><em>inferiori</em></span> 
     </span>
     <span class='ocr_line' id='line_1_7' title="bbox 140 567 1608 618; baseline -0.005 -5"><span class='ocrx_word' id='word_1_57' title='bbox 140 576 211 615; x_wconf 89' lang='lat' dir='ltr'><em>lib.</em></span> <span class='ocrx_word' id='word_1_58' title='bbox 235 576 304 618; x_wconf 84' lang='lat'><em>25.</em></span> <span class='ocrx_word' id='word_1_59' title='bbox 367 575 551 611; x_wconf 87' lang='lat' dir='ltr'><em>liminare</em></span> <span class='ocrx_word' id='word_1_60' title='bbox 579 575 700 611; x_wconf 83' lang='lat' dir='ltr'><em>etiam</em></span> <span class='ocrx_word' id='word_1_61' title='bbox 722 571 864 610; x_wconf 89' lang='lat' dir='ltr'><em>eadem</em></span> <span class='ocrx_word' id='word_1_62' title='bbox 883 573 1044 609; x_wconf 80' lang='lat' dir='ltr'><em>notione</em></span> <span class='ocrx_word' id='word_1_63' title='bbox 1065 577 1180 608; x_wconf 81' lang='lat' dir='ltr'><em>vocat</em></span> <span class='ocrx_word' id='word_1_64' title='bbox 1197 572 1338 608; x_wconf 85' lang='lat' dir='ltr'><em>Petrus</em></span> <span class='ocrx_word' id='word_1_65' title='bbox 1358 570 1558 607; x_wconf 86' lang='lat' dir='ltr'><em>Diaconus</em></span> <span class='ocrx_word' id='word_1_66' title='bbox 1579 567 1608 610; x_wconf 79' lang='grc'>4</span> 
     </span>
     <span class='ocr_line' id='line_1_8' title="bbox 140 626 1607 684; baseline -0.006 -14"><span class='ocrx_word' id='word_1_67' title='bbox 140 636 210 674; x_wconf 84' lang='grc'><em>93.</em></span> <span class='ocrx_word' id='word_1_68' title='bbox 268 630 375 684; x_wconf 87' lang='lat' dir='ltr'><em>quod</em></span> <span class='ocrx_word' id='word_1_69' title='bbox 391 630 500 668; x_wconf 89' lang='lat' dir='ltr'><em>idem</em></span> <span class='ocrx_word' id='word_1_70' title='bbox 516 632 749 668; x_wconf 77' lang='lat' dir='ltr'><strong>Anastasius</strong></span> <span class='ocrx_word' id='word_1_71' title='bbox 766 643 806 680; x_wconf 85' lang='lat' dir='ltr'><em>p.</em></span> <span class='ocrx_word' id='word_1_72' title='bbox 828 629 921 676; x_wconf 84' lang='lat'><strong>152,</strong></span> <span class='ocrx_word' id='word_1_73' title='bbox 943 628 1037 675; x_wconf 86' lang='lat'><strong>156,</strong></span> <span class='ocrx_word' id='word_1_74' title='bbox 1064 627 1156 675; x_wconf 87' lang='lat'><strong>173,</strong></span> <span class='ocrx_word' id='word_1_75' title='bbox 1180 629 1258 668; x_wconf 90' lang='lat'><em>177</em></span> <span class='ocrx_word' id='word_1_76' title='bbox 1279 626 1518 664; x_wconf 83' lang='lat' dir='ltr'><em>vestibulum</em></span> <span class='ocrx_word' id='word_1_77' title='bbox 1540 626 1607 662; x_wconf 82' lang='lat' dir='ltr'><em>al-</em></span> 
     </span>
     <span class='ocr_line' id='line_1_9' title="bbox 141 682 1607 739; baseline -0.005 -12"><span class='ocrx_word' id='word_1_78' title='bbox 141 691 239 727; x_wconf 79' lang='lat' dir='ltr'><em>taris</em></span> <span class='ocrx_word' id='word_1_79' title='bbox 269 696 308 726; x_wconf 87' lang='lat' dir='ltr'><em>et</em></span> <span class='ocrx_word' id='word_1_80' title='bbox 339 689 609 739; x_wconf 76' lang='lat' dir='ltr'><em>consessionis,-</em></span> <span class='ocrx_word' id='word_1_81' title='bbox 647 688 758 724; x_wconf 90' lang='lat' dir='ltr'><em>cuius</em></span> <span class='ocrx_word' id='word_1_82' title='bbox 790 684 953 738; x_wconf 84' lang='lat' dir='ltr'><em>quidem</em></span> <span class='ocrx_word' id='word_1_83' title='bbox 978 682 1165 723; x_wconf 82' lang='lat' dir='ltr'><em>vestibuli</em></span> <span class='ocrx_word' id='word_1_84' title='bbox 1190 685 1392 734; x_wconf 83' lang='lat' dir='ltr'><em>ingressus</em></span> <span class='ocrx_word' id='word_1_85' title='bbox 1421 684 1607 720; x_wconf 83' lang='lat' dir='ltr'><em>meminit</em></span> 
     </span>
     <span class='ocr_line' id='line_1_10' title="bbox 139 740 1608 798; baseline -0.005 -15"><span class='ocrx_word' id='word_1_86' title='bbox 139 753 345 798; x_wconf 87' lang='lat' dir='ltr'><em>praeterea</em></span> <span class='ocrx_word' id='word_1_87' title='bbox 366 759 407 796; x_wconf 87' lang='lat' dir='ltr'><em>p.</em></span> <span class='ocrx_word' id='word_1_88' title='bbox 432 748 522 793; x_wconf 83' lang='lat'><strong>133,</strong></span> <span class='ocrx_word' id='word_1_89' title='bbox 545 742 638 791; x_wconf 79' lang='lat'><strong>134,</strong></span> <span class='ocrx_word' id='word_1_90' title='bbox 660 744 751 791; x_wconf 84' lang='lat'><strong>140,</strong></span> <span class='ocrx_word' id='word_1_91' title='bbox 778 743 868 789; x_wconf 84' lang='lat'><strong>141,</strong></span> <span class='ocrx_word' id='word_1_92' title='bbox 889 743 983 782; x_wconf 87' lang='grc'>173.</span> <span class='ocrx_word' id='word_1_93' title='bbox 1041 741 1112 779; x_wconf 86' lang='lat' dir='ltr'><em>sed</em></span> <span class='ocrx_word' id='word_1_94' title='bbox 1150 740 1259 794; x_wconf 88' lang='lat' dir='ltr'><em>quod</em></span> <span class='ocrx_word' id='word_1_95' title='bbox 1291 742 1451 778; x_wconf 84' lang='lat' dir='ltr'><em>Graecis</em></span> <span class='ocrx_word' id='word_1_96' title='bbox 1482 740 1608 786; x_wconf 87' lang='lat' dir='ltr'><em>solea,</em></span> 
     </span>
     <span class='ocr_line' id='line_1_11' title="bbox 140 797 1608 849; baseline -0.005 -8"><span class='ocrx_word' id='word_1_97' title='bbox 140 804 286 841; x_wconf 82' lang='lat' dir='ltr'><em>nostris</em></span> <span class='ocrx_word' id='word_1_98' title='bbox 317 802 438 839; x_wconf 86' lang='lat' dir='ltr'><em>limen</em></span> <span class='ocrx_word' id='word_1_99' title='bbox 470 808 508 838; x_wconf 90' lang='lat' dir='ltr'><em>et</em></span> <span class='ocrx_word' id='word_1_100' title='bbox 536 801 722 837; x_wconf 88' lang='lat' dir='ltr'><em>liminare</em></span> <span class='ocrx_word' id='word_1_101' title='bbox 746 798 895 836; x_wconf 85' lang='lat' dir='ltr'><em>dictum</em></span> <span class='ocrx_word' id='word_1_102' title='bbox 918 805 997 846; x_wconf 87' lang='lat' dir='ltr'><em>est,</em></span> <span class='ocrx_word' id='word_1_103' title='bbox 1027 812 1173 849; x_wconf 81' lang='lat' dir='ltr'><em>rugam</em></span> <span class='ocrx_word' id='word_1_104' title='bbox 1198 797 1356 835; x_wconf 85' lang='lat' dir='ltr'><em>videtur</em></span> <span class='ocrx_word' id='word_1_105' title='bbox 1374 809 1608 848; x_wconf 84' lang='lat' dir='ltr'><em>nuncupare</em></span> 
     </span>
     <span class='ocr_line' id='line_1_12' title="bbox 142 855 1607 906; baseline -0.005 -9"><span class='ocrx_word' id='word_1_106' title='bbox 142 859 238 897; x_wconf 85' lang='lat' dir='ltr'><em>ordo</em></span> <span class='ocrx_word' id='word_1_107' title='bbox 259 861 474 906; x_wconf 81' lang='lat' dir='ltr'><em>Romanus,</em></span> <span class='ocrx_word' id='word_1_108' title='bbox 507 869 694 894; x_wconf 87' lang='lat' dir='ltr'><em>enarrans</em></span> <span class='ocrx_word' id='word_1_109' title='bbox 712 862 756 892; x_wconf 91' lang='lat' dir='ltr'><em>ut</em></span> <span class='ocrx_word' id='word_1_110' title='bbox 773 855 957 906; x_wconf 83' lang='lat' dir='ltr'><strong>pontifex</strong></span> <span class='ocrx_word' id='word_1_111' title='bbox 974 855 1084 892; x_wconf 75' lang='lat' dir='ltr'><em>finita</em></span> <span class='ocrx_word' id='word_1_112' title='bbox 1105 867 1215 892; x_wconf 84' lang='lat' dir='ltr'><em>sacra</em></span> <span class='ocrx_word' id='word_1_113' title='bbox 1233 855 1395 906; x_wconf 83' lang='lat' dir='ltr'><em>liturgia</em></span> <span class='ocrx_word' id='word_1_114' title='bbox 1413 855 1456 890; x_wconf 91' lang='lat' dir='ltr'><em>in</em></span> <span class='ocrx_word' id='word_1_115' title='bbox 1473 867 1607 890; x_wconf 75' lang='lat' dir='ltr'><em>secre-</em></span> 
     </span>
     <span class='ocr_line' id='line_1_13' title="bbox 140 911 1608 963; baseline -0.005 -9"><span class='ocrx_word' id='word_1_116' title='bbox 140 919 286 954; x_wconf 79' lang='lat' dir='ltr'><em>tarium</em></span> <span class='ocrx_word' id='word_1_117' title='bbox 305 914 408 952; x_wconf 87' lang='lat' dir='ltr'><em>redit</em></span> <span class='ocrx_word' id='word_1_118' title='bbox 420 944 430 963; x_wconf 91' lang='lat'>‚</span> <span class='ocrx_word' id='word_1_119' title='bbox 459 914 530 951; x_wconf 88' lang='lat' dir='ltr'><em>ubi</em></span> <span class='ocrx_word' id='word_1_120' title='bbox 548 911 647 950; x_wconf 88' lang='lat' dir='ltr'><em>haec</em></span> <span class='ocrx_word' id='word_1_121' title='bbox 667 911 823 950; x_wconf 84' lang='lat' dir='ltr'><em>sub&#39;dit:</em></span> <span class='ocrx_word' id='word_1_122' title='bbox 854 918 950 948; x_wconf 88' lang='lat' dir='ltr'><em>tunc</em></span> <span class='ocrx_word' id='word_1_123' title='bbox 967 918 1114 961; x_wconf 80' lang='lat' dir='ltr'><em>septem</em></span> <span class='ocrx_word' id='word_1_124' title='bbox 1133 918 1346 948; x_wconf 82' lang='lat' dir='ltr'><em>cereostata</em></span> <span class='ocrx_word' id='word_1_125' title='bbox 1357 911 1608 960; x_wconf 81' lang='lat' dir='ltr'><em>praecedunt</em></span> 
     </span>
     <span class='ocr_line' id='line_1_14' title="bbox 136 967 1607 1024; baseline -0.005 -15"><span class='ocrx_word' id='word_1_126' title='bbox 136 972 383 1024; x_wconf 62' lang='lat' dir='ltr'><em>pontificem,</em></span> <span class='ocrx_word' id='word_1_127' title='bbox 414 978 452 1007; x_wconf 87' lang='lat' dir='ltr'><em>et</em></span> <span class='ocrx_word' id='word_1_128' title='bbox 475 969 742 1008; x_wconf 71' lang='lat' dir='ltr'><em>subdiaconus</em></span> <span class='ocrx_word' id='word_1_129' title='bbox 765 969 1013 1020; x_wconf 80' lang='lat' dir='ltr'><em>regionarius</em></span> <span class='ocrx_word' id='word_1_130' title='bbox 1041 982 1132 1005; x_wconf 89' lang='lat' dir='ltr'><em>cum</em></span> <span class='ocrx_word' id='word_1_131' title='bbox 1161 967 1335 1005; x_wconf 84' lang='lat' dir='ltr'><em>turibulo</em></span> <span class='ocrx_word' id='word_1_132' title='bbox 1358 967 1416 1004; x_wconf 87' lang='lat' dir='ltr'><em>ad</em></span> <span class='ocrx_word' id='word_1_133' title='bbox 1436 973 1607 1004; x_wconf 37' lang='lat' dir='ltr'><em>secretas</em></span> 
     </span>
     <span class='ocr_line' id='line_1_15' title="bbox 139 1026 1605 1078; baseline -0.005 -11"><span class='ocrx_word' id='word_1_134' title='bbox 139 1030 262 1067; x_wconf 82' lang='lat' dir='ltr'><em>rium.-</em></span> <span class='ocrx_word' id='word_1_135' title='bbox 291 1051 348 1058; x_wconf 87' lang='lat'><em>—-</em></span> <span class='ocrx_word' id='word_1_136' title='bbox 370 1035 465 1078; x_wconf 82' lang='lat' dir='ltr'><em>post</em></span> <span class='ocrx_word' id='word_1_137' title='bbox 491 1041 554 1064; x_wconf 82' lang='lat' dir='ltr'><em>eos</em></span> <span class='ocrx_word' id='word_1_138' title='bbox 577 1026 721 1072; x_wconf 83' lang='lat' dir='ltr'><em>baiuli,</em></span> <span class='ocrx_word' id='word_1_139' title='bbox 743 1034 840 1076; x_wconf 82' lang='lat' dir='ltr'><em>post</em></span> <span class='ocrx_word' id='word_1_140' title='bbox 865 1039 927 1062; x_wconf 86' lang='lat' dir='ltr'><em>eos</em></span> <span class='ocrx_word' id='word_1_141' title='bbox 961 1026 1242 1070; x_wconf 74' lang='lat' dir='ltr'><em>cereostatarii,</em></span> <span class='ocrx_word' id='word_1_142' title='bbox 1263 1031 1366 1075; x_wconf 31' lang='lat' dir='ltr'><em>post.</em></span> <span class='ocrx_word' id='word_1_143' title='bbox 1386 1037 1484 1075; x_wconf 86' lang='lat' dir='ltr'><em>quos</em></span> <span class='ocrx_word' id='word_1_144' title='bbox 1510 1037 1605 1060; x_wconf 90' lang='lat' dir='ltr'><em>aco-</em></span> 
     </span>
     <span class='ocr_line' id='line_1_16' title="bbox 140 1081 1606 1137; baseline -0.004 -14"><span class='ocrx_word' id='word_1_145' title='bbox 140 1086 243 1137; x_wconf 77' lang='lat' dir='ltr'><em>lythi</em></span> <span class='ocrx_word' id='word_1_146' title='bbox 273 1087 343 1136; x_wconf 84' lang='lat' dir='ltr'><em>qui</em></span> <span class='ocrx_word' id='word_1_147' title='bbox 372 1098 518 1136; x_wconf 80' lang='lat' dir='ltr'><em>rugam</em></span> <span class='ocrx_word' id='word_1_148' title='bbox 548 1090 798 1128; x_wconf 83' lang='lat' dir='ltr'><em>conservant,</em></span> <span class='ocrx_word' id='word_1_149' title='bbox 823 1089 916 1133; x_wconf 80' lang='lat' dir='ltr'><em>post</em></span> <span class='ocrx_word' id='word_1_150' title='bbox 941 1095 1004 1119; x_wconf 85' lang='lat' dir='ltr'><em>eos</em></span> <span class='ocrx_word' id='word_1_151' title='bbox 1026 1090 1135 1119; x_wconf 82' lang='lat' dir='ltr'><em>extra</em></span> <span class='ocrx_word' id='word_1_152' title='bbox 1154 1081 1444 1132; x_wconf 82' lang='lat' dir='ltr'><em>presbyterium</em></span> <span class='ocrx_word' id='word_1_153' title='bbox 1471 1093 1606 1117; x_wconf 84' lang='lat' dir='ltr'><em>cruces</em></span> 
     </span>
     <span class='ocr_line' id='line_1_17' title="bbox 133 1139 1602 1194; baseline -0.003 -15"><span class='ocrx_word' id='word_1_154' title='bbox 133 1149 358 1194; x_wconf 80' lang='lat' dir='ltr'><em>portantes,</em></span> <span class='ocrx_word' id='word_1_155' title='bbox 387 1141 526 1178; x_wconf 85' lang='lat' dir='ltr'><em>deinde</em></span> <span class='ocrx_word' id='word_1_156' title='bbox 553 1140 814 1177; x_wconf 84' lang='lat' dir='ltr'><em>mansionarii</em></span> <span class='ocrx_word' id='word_1_157' title='bbox 837 1141 1026 1189; x_wconf 85' lang='lat' dir='ltr'><em>iuniores;</em></span> <span class='ocrx_word' id='word_1_158' title='bbox 1056 1147 1093 1176; x_wconf 85' lang='lat' dir='ltr'><em>et</em></span> <span class='ocrx_word' id='word_1_159' title='bbox 1117 1140 1242 1176; x_wconf 80' lang='lat' dir='ltr'><em>intrat</em></span> <span class='ocrx_word' id='word_1_160' title='bbox 1265 1140 1309 1175; x_wconf 88' lang='lat' dir='ltr'><em>in</em></span> <span class='ocrx_word' id='word_1_161' title='bbox 1332 1139 1602 1176; x_wconf 86' lang='lat' dir='ltr'><em>secretarium.</em></span> 
     </span>
     <span class='ocr_line' id='line_1_18' title="bbox 139 1193 1606 1251; baseline -0.004 -15"><span class='ocrx_word' id='word_1_162' title='bbox 139 1212 269 1251; x_wconf 89' lang='lat' dir='ltr'><em>neque</em></span> <span class='ocrx_word' id='word_1_163' title='bbox 301 1199 378 1235; x_wconf 90' lang='lat' dir='ltr'><em>alia</em></span> <span class='ocrx_word' id='word_1_164' title='bbox 404 1197 690 1248; x_wconf 79' lang='lat' dir='ltr'><em>significatione</em></span> <span class='ocrx_word' id='word_1_165' title='bbox 719 1194 950 1247; x_wconf 83' lang='lat' dir='ltr'><em>accipienda</em></span> <span class='ocrx_word' id='word_1_166' title='bbox 980 1193 1081 1233; x_wconf 84' lang='lat' dir='ltr'><em>haec</em></span> <span class='ocrx_word' id='word_1_167' title='bbox 1113 1208 1195 1232; x_wconf 78' lang='lat' dir='ltr'><em>vox</em></span> <span class='ocrx_word' id='word_1_168' title='bbox 1220 1193 1326 1246; x_wconf 87' lang='lat' dir='ltr'><em>apud</em></span> <span class='ocrx_word' id='word_1_169' title='bbox 1348 1195 1606 1232; x_wconf 80' lang='lat' dir='ltr'><em>Anastasium</em></span> 
     </span>
     <span class='ocr_line' id='line_1_19' title="bbox 137 1250 1605 1304; baseline -0.005 -10"><span class='ocrx_word' id='word_1_170' title='bbox 137 1256 235 1294; x_wconf 87' lang='lat' dir='ltr'>bibl.</span> <span class='ocrx_word' id='word_1_171' title='bbox 257 1257 299 1293; x_wconf 90' lang='lat' dir='ltr'><em>in</em></span> <span class='ocrx_word' id='word_1_172' title='bbox 319 1256 420 1294; x_wconf 63' lang='lat' dir='ltr'><em>Yitis</em></span> <span class='ocrx_word' id='word_1_173' title='bbox 436 1254 694 1301; x_wconf 79' lang='lat' dir='ltr'><em>Pontificum,</em></span> <span class='ocrx_word' id='word_1_174' title='bbox 724 1253 792 1290; x_wconf 91' lang='lat' dir='ltr'><em>ubi</em></span> <span class='ocrx_word' id='word_1_175' title='bbox 812 1254 961 1304; x_wconf 82' lang='lat' dir='ltr'><em>passim</em></span> <span class='ocrx_word' id='word_1_176' title='bbox 981 1253 1169 1300; x_wconf 88' lang='lat' dir='ltr'><em>occurrit,</em></span> <span class='ocrx_word' id='word_1_177' title='bbox 1199 1250 1391 1304; x_wconf 90' lang='lat' dir='ltr'><em>quicquid</em></span> <span class='ocrx_word' id='word_1_178' title='bbox 1414 1251 1605 1288; x_wconf 80' lang='lat' dir='ltr'><em>reclamet</em></span> 
     </span>
     <span class='ocr_line' id='line_1_20' title="bbox 139 1308 1605 1362; baseline -0.005 -12"><span class='ocrx_word' id='word_1_179' title='bbox 139 1313 284 1350; x_wconf 82' lang='lat' dir='ltr'><em>caesar</em></span> <span class='ocrx_word' id='word_1_180' title='bbox 301 1313 570 1362; x_wconf 84' lang='lat' dir='ltr'><em>Bullingerus.</em></span> <span class='ocrx_word' id='word_1_181' title='bbox 628 1312 670 1347; x_wconf 89' lang='lat' dir='ltr'><em>in</em></span> <span class='ocrx_word' id='word_1_182' title='bbox 691 1308 894 1361; x_wconf 86' lang='lat' dir='ltr'><em>Stephano</em></span> <span class='ocrx_word' id='word_1_183' title='bbox 915 1320 979 1347; x_wconf 82' lang='lat' dir='ltr'><em>lv:</em></span> <span class='ocrx_word' id='word_1_184' title='bbox 997 1310 1105 1360; x_wconf 85' lang='lat' dir='ltr'><em>fecit</em></span> <span class='ocrx_word' id='word_1_185' title='bbox 1124 1316 1162 1345; x_wconf 88' lang='lat' dir='ltr'><em>et</em></span> <span class='ocrx_word' id='word_1_186' title='bbox 1177 1309 1381 1359; x_wconf 82' lang='lat' dir='ltr'><em>regulares</em></span> <span class='ocrx_word' id='word_1_187' title='bbox 1398 1314 1605 1359; x_wconf 78' lang='lat' dir='ltr'><em>argenteos</em></span> 
     </span>
     <span class='ocr_line' id='line_1_21' title="bbox 138 1364 1605 1420; baseline -0.003 -14"><span class='ocrx_word' id='word_1_188' title='bbox 138 1383 257 1420; x_wconf 82' lang='lat' dir='ltr'><em>super</em></span> <span class='ocrx_word' id='word_1_189' title='bbox 278 1383 421 1420; x_wconf 83' lang='lat' dir='ltr'><em>rugas,</em></span> <span class='ocrx_word' id='word_1_190' title='bbox 442 1381 521 1418; x_wconf 87' lang='lat' dir='ltr'><em>per</em></span> <span class='ocrx_word' id='word_1_191' title='bbox 546 1380 646 1418; x_wconf 87' lang='lat' dir='ltr'><em>quas</em></span> <span class='ocrx_word' id='word_1_192' title='bbox 670 1367 952 1417; x_wconf 80' lang='lat' dir='ltr'><em>ingrediuntur</em></span> <span class='ocrx_word' id='word_1_193' title='bbox 966 1367 1026 1403; x_wconf 81' lang='lat' dir='ltr'><em>acl</em></span> <span class='ocrx_word' id='word_1_194' title='bbox 1039 1366 1181 1402; x_wconf 78' lang='lat' dir='ltr'><em>altare.</em></span> <span class='ocrx_word' id='word_1_195' title='bbox 1242 1368 1284 1402; x_wconf 86' lang='lat' dir='ltr'><em>iu</em></span> <span class='ocrx_word' id='word_1_196' title='bbox 1312 1365 1354 1403; x_wconf 90' lang='lat' dir='ltr'><em>S.</em></span> <span class='ocrx_word' id='word_1_197' title='bbox 1378 1364 1605 1402; x_wconf 81' lang='lat' dir='ltr'><em>Hadriano:</em></span> 
     </span>
     <span class='ocr_line' id='line_1_22' title="bbox 139 1421 1607 1474; baseline -0.003 -12"><span class='ocrx_word' id='word_1_198' title='bbox 139 1427 182 1462; x_wconf 87' lang='lat' dir='ltr'><em>in</em></span> <span class='ocrx_word' id='word_1_199' title='bbox 214 1425 350 1462; x_wconf 83' lang='lat' dir='ltr'><em>eadem</em></span> <span class='ocrx_word' id='word_1_200' title='bbox 381 1424 548 1461; x_wconf 81' lang='lat' dir='ltr'><em>basilica</em></span> <span class='ocrx_word' id='word_1_201' title='bbox 574 1422 626 1460; x_wconf 84' lang='lat' dir='ltr'><em>ab</em></span> <span class='ocrx_word' id='word_1_202' title='bbox 657 1424 820 1460; x_wconf 85' lang='lat' dir='ltr'><em>introitu</em></span> <span class='ocrx_word' id='word_1_203' title='bbox 848 1423 897 1460; x_wconf 85' lang='lat' dir='ltr'><em>de</em></span> <span class='ocrx_word' id='word_1_204' title='bbox 925 1436 1052 1473; x_wconf 76' lang='lat' dir='ltr'><em>rugas</em></span> <span class='ocrx_word' id='word_1_205' title='bbox 1085 1435 1209 1474; x_wconf 87' lang='lat' dir='ltr'><em>usque</em></span> <span class='ocrx_word' id='word_1_206' title='bbox 1233 1422 1293 1459; x_wconf 84' lang='lat' dir='ltr'><em>ad</em></span> <span class='ocrx_word' id='word_1_207' title='bbox 1315 1421 1607 1472; x_wconf 87' lang='lat' dir='ltr'><em>Consessionem</em></span> 
     </span>
     <span class='ocr_line' id='line_1_23' title="bbox 138 1477 1607 1532; baseline -0.003 -13"><span class='ocrx_word' id='word_1_208' title='bbox 138 1483 297 1521; x_wconf 87' lang='lat' dir='ltr'><em>vestivit</em></span> <span class='ocrx_word' id='word_1_209' title='bbox 326 1481 374 1518; x_wconf 85' lang='lat' dir='ltr'><em>de</em></span> <span class='ocrx_word' id='word_1_210' title='bbox 399 1487 563 1532; x_wconf 80' lang='lat' dir='ltr'><em>argento</em></span> <span class='ocrx_word' id='word_1_211' title='bbox 582 1481 814 1530; x_wconf 84' lang='lat' dir='ltr'><em>purissimo.</em></span> <span class='ocrx_word' id='word_1_212' title='bbox 885 1481 928 1516; x_wconf 90' lang='lat' dir='ltr'><em>in</em></span> <span class='ocrx_word' id='word_1_213' title='bbox 958 1481 1093 1517; x_wconf 88' lang='lat' dir='ltr'>Leone</span> <span class='ocrx_word' id='word_1_214' title='bbox 1122 1491 1195 1517; x_wconf 89' lang='lat'>111:</span> <span class='ocrx_word' id='word_1_215' title='bbox 1230 1492 1383 1516; x_wconf 81' lang='lat' dir='ltr'><em>necnon</em></span> <span class='ocrx_word' id='word_1_216' title='bbox 1411 1485 1448 1515; x_wconf 86' lang='lat' dir='ltr'><em>et</em></span> <span class='ocrx_word' id='word_1_217' title='bbox 1477 1477 1607 1515; x_wconf 81' lang='lat' dir='ltr'><em>altare</em></span> 
     </span>
     <span class='ocr_line' id='line_1_24' title="bbox 139 1535 1607 1587; baseline -0.003 -11"><span class='ocrx_word' id='word_1_218' title='bbox 139 1540 272 1576; x_wconf 82' lang='lat' dir='ltr'><em>maius</em></span> <span class='ocrx_word' id='word_1_219' title='bbox 297 1537 371 1575; x_wconf 86' lang='lat' dir='ltr'><em>sub</em></span> <span class='ocrx_word' id='word_1_220' title='bbox 402 1537 545 1574; x_wconf 82' lang='lat' dir='ltr'><em>absida</em></span> <span class='ocrx_word' id='word_1_221' title='bbox 572 1538 814 1582; x_wconf 76' lang='lat' dir='ltr'><em>construxit,</em></span> <span class='ocrx_word' id='word_1_222' title='bbox 854 1538 967 1573; x_wconf 88' lang='lat' dir='ltr'><em>cuius</em></span> <span class='ocrx_word' id='word_1_223' title='bbox 988 1537 1146 1587; x_wconf 86' lang='lat' dir='ltr'><em>faciem</em></span> <span class='ocrx_word' id='word_1_224' title='bbox 1175 1542 1297 1587; x_wconf 86' lang='lat' dir='ltr'><em>atque</em></span> <span class='ocrx_word' id='word_1_225' title='bbox 1324 1535 1607 1587; x_wconf 72' lang='lat' dir='ltr'><em>confessionem</em></span> 
     </span>
     <span class='ocr_line' id='line_1_25' title="bbox 138 1590 1606 1647; baseline -0.003 -15"><span class='ocrx_word' id='word_1_226' title='bbox 138 1609 208 1632; x_wconf 89' lang='lat' dir='ltr'><em>seu</em></span> <span class='ocrx_word' id='word_1_227' title='bbox 225 1609 350 1647; x_wconf 84' lang='lat' dir='ltr'><em>rugas</em></span> <span class='ocrx_word' id='word_1_228' title='bbox 369 1595 428 1631; x_wconf 86' lang='lat' dir='ltr'><em>ad</em></span> <span class='ocrx_word' id='word_1_229' title='bbox 442 1594 618 1631; x_wconf 85' lang='lat' dir='ltr'><em>decorem</em></span> <span class='ocrx_word' id='word_1_230' title='bbox 634 1594 762 1643; x_wconf 85' lang='lat' dir='ltr'><em>ipsius</em></span> <span class='ocrx_word' id='word_1_231' title='bbox 787 1592 932 1629; x_wconf 87' lang='lat' dir='ltr'><em>altaris</em></span> <span class='ocrx_word' id='word_1_232' title='bbox 957 1594 1157 1630; x_wconf 72' lang='lat' dir='ltr'><em>investivit</em></span> <span class='ocrx_word' id='word_1_233' title='bbox 1174 1607 1220 1630; x_wconf 84' lang='lat' dir='ltr'><em>ex</em></span> <span class='ocrx_word' id='word_1_234' title='bbox 1236 1600 1402 1644; x_wconf 79' lang='lat' dir='ltr'><em>argento</em></span> <span class='ocrx_word' id='word_1_235' title='bbox 1422 1590 1606 1629; x_wconf 86' lang='lat' dir='ltr'><em>mundis-</em></span> 
     </span>
     <span class='ocr_line' id='line_1_26' title="bbox 138 1649 1608 1700; baseline -0.003 -11"><span class='ocrx_word' id='word_1_236' title='bbox 138 1653 250 1689; x_wconf 81' lang='lat' dir='ltr'><em>simo.</em></span> <span class='ocrx_word' id='word_1_237' title='bbox 311 1653 354 1688; x_wconf 89' lang='lat' dir='ltr'><em>in</em></span> <span class='ocrx_word' id='word_1_238' title='bbox 372 1650 581 1688; x_wconf 85' lang='lat' dir='ltr'><em>Paschali:</em></span> <span class='ocrx_word' id='word_1_239' title='bbox 611 1663 768 1687; x_wconf 88' lang='lat' dir='ltr'><em>sacram</em></span> <span class='ocrx_word' id='word_1_240' title='bbox 799 1650 1085 1700; x_wconf 84' lang='lat' dir='ltr'><em>confessionem</em></span> <span class='ocrx_word' id='word_1_241' title='bbox 1117 1651 1200 1686; x_wconf 87' lang='lat' dir='ltr'><em>eius</em></span> <span class='ocrx_word' id='word_1_242' title='bbox 1227 1651 1392 1687; x_wconf 85' lang='lat' dir='ltr'><em>interius</em></span> <span class='ocrx_word' id='word_1_243' title='bbox 1417 1649 1608 1686; x_wconf 81' lang='lat' dir='ltr'><em>exterius-</em></span> 
     </span>
     <span class='ocr_line' id='line_1_27' title="bbox 140 1705 1608 1763; baseline -0.003 -18"><span class='ocrx_word' id='word_1_244' title='bbox 140 1722 216 1760; x_wconf 84' lang='lat' dir='ltr'><em>que</em></span> <span class='ocrx_word' id='word_1_245' title='bbox 236 1722 328 1746; x_wconf 88' lang='lat' dir='ltr'><em>cum</em></span> <span class='ocrx_word' id='word_1_246' title='bbox 356 1707 515 1759; x_wconf 82' lang='lat' dir='ltr'><em>rugulis</em></span> <span class='ocrx_word' id='word_1_247' title='bbox 540 1705 881 1763; x_wconf 44' lang='lat' dir='ltr'><em>suis&#39;nobilissime</em></span> <span class='ocrx_word' id='word_1_248' title='bbox 902 1707 1131 1743; x_wconf 74' lang='lat' dir='ltr'><em>construxit.</em></span> <span class='ocrx_word' id='word_1_249' title='bbox 1194 1712 1234 1744; x_wconf 86' lang='lat' dir='ltr'><em>et</em></span> <span class='ocrx_word' id='word_1_250' title='bbox 1251 1719 1291 1757; x_wconf 90' lang='lat' dir='ltr'><em>p.</em></span> <span class='ocrx_word' id='word_1_251' title='bbox 1314 1707 1418 1747; x_wconf 86' lang='lat'><strong>150:</strong></span> <span class='ocrx_word' id='word_1_252' title='bbox 1450 1705 1608 1756; x_wconf 81' lang='lat' dir='ltr'><em>confis-</em></span> 
     </span>
     <span class='ocr_line' id='line_1_28' title="bbox 138 1762 1608 1815; baseline -0.003 -13"><span class='ocrx_word' id='word_1_253' title='bbox 138 1767 286 1802; x_wconf 76' lang='lat' dir='ltr'><em>sionem</em></span> <span class='ocrx_word' id='word_1_254' title='bbox 311 1765 480 1815; x_wconf 85' lang='lat' dir='ltr'><em>denique</em></span> <span class='ocrx_word' id='word_1_255' title='bbox 502 1764 585 1800; x_wconf 83' lang='lat' dir='ltr'><em>eius</em></span> <span class='ocrx_word' id='word_1_256' title='bbox 603 1776 695 1800; x_wconf 87' lang='lat' dir='ltr'><em>cum</em></span> <span class='ocrx_word' id='word_1_257' title='bbox 711 1762 869 1813; x_wconf 77' lang='lat' dir='ltr'><em>rugulis</em></span> <span class='ocrx_word' id='word_1_258' title='bbox 888 1764 971 1799; x_wconf 84' lang='lat' dir='ltr'><em>suis</em></span> <span class='ocrx_word' id='word_1_259' title='bbox 991 1764 1157 1800; x_wconf 87' lang='lat' dir='ltr'><em>interius</em></span> <span class='ocrx_word' id='word_1_260' title='bbox 1174 1764 1418 1813; x_wconf 83' lang='lat' dir='ltr'><em>exteriusque</em></span> <span class='ocrx_word' id='word_1_261' title='bbox 1443 1762 1608 1800; x_wconf 85' lang='lat' dir='ltr'><em>vallan-</em></span> 
     </span>
     <span class='ocr_line' id='line_1_29' title="bbox 139 1818 1606 1871; baseline -0.002 -14"><span class='ocrx_word' id='word_1_262' title='bbox 139 1828 217 1857; x_wconf 86' lang='lat' dir='ltr'><em>tem</em></span> <span class='ocrx_word' id='word_1_263' title='bbox 233 1820 503 1871; x_wconf 78' lang='lat' dir='ltr'><em>pulcherrime</em></span> <span class='ocrx_word' id='word_1_264' title='bbox 531 1820 698 1868; x_wconf 84' lang='lat' dir='ltr'><em>compsit</em></span> <span class='ocrx_word' id='word_1_265' title='bbox 719 1826 838 1869; x_wconf 84' lang='lat' dir='ltr'><em>atque</em></span> <span class='ocrx_word' id='word_1_266' title='bbox 862 1819 1075 1856; x_wconf 84' lang='lat' dir='ltr'><em>decoravit.</em></span> <span class='ocrx_word' id='word_1_267' title='bbox 1138 1819 1235 1855; x_wconf 88' lang='lat' dir='ltr'><em>alibi</em></span> <span class='ocrx_word' id='word_1_268' title='bbox 1259 1832 1354 1856; x_wconf 76' lang='lat' dir='ltr'><em>vero</em></span> <span class='ocrx_word' id='word_1_269' title='bbox 1377 1831 1458 1855; x_wconf 89' lang='lat' dir='ltr'><em>non</em></span> <span class='ocrx_word' id='word_1_270' title='bbox 1480 1818 1606 1855; x_wconf 88' lang='lat' dir='ltr'><em>semel</em></span> 
     </span>
     <span class='ocr_line' id='line_1_30' title="bbox 139 1874 1605 1928; baseline -0.003 -13"><span class='ocrx_word' id='word_1_271' title='bbox 139 1890 258 1928; x_wconf 85' lang='lat' dir='ltr'><em>rugas</em></span> <span class='ocrx_word' id='word_1_272' title='bbox 282 1879 378 1915; x_wconf 83' lang='lat' dir='ltr'><em>istas</em></span> <span class='ocrx_word' id='word_1_273' title='bbox 397 1877 438 1913; x_wconf 92' lang='lat' dir='ltr'><em>in</em></span> <span class='ocrx_word' id='word_1_274' title='bbox 457 1878 638 1926; x_wconf 80' lang='lat' dir='ltr'><em>ingressu</em></span> <span class='ocrx_word' id='word_1_275' title='bbox 655 1875 914 1926; x_wconf 85' lang='lat' dir='ltr'><em>presbyterii,</em></span> <span class='ocrx_word' id='word_1_276' title='bbox 944 1874 987 1912; x_wconf 92' lang='lat' dir='ltr'><em>id</em></span> <span class='ocrx_word' id='word_1_277' title='bbox 1016 1882 1075 1913; x_wconf 87' lang='lat' dir='ltr'><em>est</em></span> <span class='ocrx_word' id='word_1_278' title='bbox 1105 1875 1294 1923; x_wconf 77' lang='lat' dir='ltr'><em>bematis,</em></span> <span class='ocrx_word' id='word_1_279' title='bbox 1324 1875 1447 1912; x_wconf 86' lang='lat' dir='ltr'><em>fuisse</em></span> <span class='ocrx_word' id='word_1_280' title='bbox 1469 1881 1605 1911; x_wconf 86' lang='lat' dir='ltr'><em>osten-</em></span> 
     </span>
     <span class='ocr_line' id='line_1_31' title="bbox 140 1931 1605 1983; baseline -0.003 -11"><span class='ocrx_word' id='word_1_281' title='bbox 140 1933 212 1972; x_wconf 81' lang='lat' dir='ltr'><em>dit.</em></span> <span class='ocrx_word' id='word_1_282' title='bbox 270 1935 312 1971; x_wconf 91' lang='lat' dir='ltr'><em>in</em></span> <span class='ocrx_word' id='word_1_283' title='bbox 331 1934 374 1971; x_wconf 85' lang='lat' dir='ltr'><em>S.</em></span> <span class='ocrx_word' id='word_1_284' title='bbox 395 1933 545 1970; x_wconf 86' lang='lat' dir='ltr'><em>Paulo:</em></span> <span class='ocrx_word' id='word_1_285' title='bbox 564 1932 671 1983; x_wconf 74' lang='lat' dir='ltr'><em>ficit</em></span> <span class='ocrx_word' id='word_1_286' title='bbox 690 1939 824 1968; x_wconf 82' lang='lat' dir='ltr'><em>autem</em></span> <span class='ocrx_word' id='word_1_287' title='bbox 845 1938 882 1968; x_wconf 83' lang='lat' dir='ltr'><em>et</em></span> <span class='ocrx_word' id='word_1_288' title='bbox 898 1945 1025 1982; x_wconf 81' lang='lat' dir='ltr'><em>rugas</em></span> <span class='ocrx_word' id='word_1_289' title='bbox 1047 1932 1090 1968; x_wconf 88' lang='lat' dir='ltr'><em>in</em></span> <span class='ocrx_word' id='word_1_290' title='bbox 1110 1931 1272 1968; x_wconf 86' lang='lat' dir='ltr'><em>ecclesia</em></span> <span class='ocrx_word' id='word_1_291' title='bbox 1293 1931 1348 1968; x_wconf 89' lang='lat' dir='ltr'><em>B.</em></span> <span class='ocrx_word' id='word_1_292' title='bbox 1372 1932 1486 1968; x_wconf 88' lang='lat' dir='ltr'><em>Petri</em></span> <span class='ocrx_word' id='word_1_293' title='bbox 1504 1944 1605 1981; x_wconf 81' lang='lat' dir='ltr'><em>apo-</em></span> 
     </span>
     <span class='ocr_line' id='line_1_32' title="bbox 138 1987 1603 2040; baseline -0.003 -12"><span class='ocrx_word' id='word_1_294' title='bbox 138 1990 231 2028; x_wconf 85' lang='lat' dir='ltr'><em>stoli</em></span> <span class='ocrx_word' id='word_1_295' title='bbox 247 1992 291 2028; x_wconf 87' lang='lat' dir='ltr'><em>in</em></span> <span class='ocrx_word' id='word_1_296' title='bbox 302 1989 543 2040; x_wconf 81' lang='lat' dir='ltr'><em>presbyterio</em></span> <span class='ocrx_word' id='word_1_297' title='bbox 560 1989 839 2040; x_wconf 81' lang='lat' dir='ltr'><em>ingredientes,</em></span> <span class='ocrx_word' id='word_1_298' title='bbox 870 2002 972 2039; x_wconf 82' lang='lat' dir='ltr'><em>quas</em></span> <span class='ocrx_word' id='word_1_299' title='bbox 988 1995 1158 2039; x_wconf 83' lang='lat' dir='ltr'><em>utraque</em></span> <span class='ocrx_word' id='word_1_300' title='bbox 1167 1995 1290 2038; x_wconf 82' lang='lat' dir='ltr'><em>parte</em></span> <span class='ocrx_word' id='word_1_301' title='bbox 1307 1988 1445 2025; x_wconf 80' lang='lat' dir='ltr'><em>dextra</em></span> <span class='ocrx_word' id='word_1_302' title='bbox 1463 1987 1603 2025; x_wconf 83' lang='lat' dir='ltr'><em>laeva-</em></span> 
     </span>
     <span class='ocr_line' id='line_1_33' title="bbox 139 2045 1604 2099; baseline -0.003 -15"><span class='ocrx_word' id='word_1_303' title='bbox 139 2061 214 2099; x_wconf 85' lang='lat' dir='ltr'><em>que</em></span> <span class='ocrx_word' id='word_1_304' title='bbox 237 2047 436 2084; x_wconf 73' lang='lat' dir='ltr'><em>investivit</em></span> <span class='ocrx_word' id='word_1_305' title='bbox 457 2053 621 2098; x_wconf 77' lang='lat' dir='ltr'><em>argento</em></span> <span class='ocrx_word' id='word_1_306' title='bbox 642 2047 871 2096; x_wconf 84' lang='lat' dir='ltr'><em>purissimo.</em></span> <span class='ocrx_word' id='word_1_307' title='bbox 932 2046 1011 2083; x_wconf 85' lang='lat' dir='ltr'><em>alio</em></span> <span class='ocrx_word' id='word_1_308' title='bbox 1031 2045 1144 2083; x_wconf 87' lang='lat' dir='ltr'><em>loco:</em></span> <span class='ocrx_word' id='word_1_309' title='bbox 1163 2045 1272 2096; x_wconf 82' lang='lat' dir='ltr'><em>fecit</em></span> <span class='ocrx_word' id='word_1_310' title='bbox 1300 2046 1420 2081; x_wconf 89' lang='lat' dir='ltr'><em>etiam</em></span> <span class='ocrx_word' id='word_1_311' title='bbox 1453 2045 1604 2095; x_wconf 79' lang='lat' dir='ltr'><em>imagi-</em></span> 
     </span>
     <span class='ocr_line' id='line_1_34' title="bbox 139 2101 1604 2154; baseline -0.003 -13"><span class='ocrx_word' id='word_1_312' title='bbox 139 2118 208 2141; x_wconf 84' lang='lat' dir='ltr'><em>nes</em></span> <span class='ocrx_word' id='word_1_313' title='bbox 225 2118 292 2141; x_wconf 84' lang='lat' dir='ltr'><em>sex</em></span> <span class='ocrx_word' id='word_1_314' title='bbox 307 2118 351 2141; x_wconf 84' lang='lat' dir='ltr'><em>ex</em></span> <span class='ocrx_word' id='word_1_315' title='bbox 368 2103 530 2140; x_wconf 85' lang='lat' dir='ltr'><em>laminis</em></span> <span class='ocrx_word' id='word_1_316' title='bbox 548 2104 746 2154; x_wconf 82' lang='lat' dir='ltr'><em>argenteis</em></span> <span class='ocrx_word' id='word_1_317' title='bbox 764 2103 987 2147; x_wconf 78' lang='lat' dir='ltr'><em>investitus,</em></span> <span class='ocrx_word' id='word_1_318' title='bbox 1018 2115 1064 2138; x_wconf 75' lang='lat' dir='ltr'><em>ex</em></span> <span class='ocrx_word' id='word_1_319' title='bbox 1081 2101 1227 2153; x_wconf 85' lang='lat' dir='ltr'><em>quibus</em></span> <span class='ocrx_word' id='word_1_320' title='bbox 1243 2109 1320 2138; x_wconf 86' lang='lat' dir='ltr'><em>tres</em></span> <span class='ocrx_word' id='word_1_321' title='bbox 1330 2102 1468 2151; x_wconf 81' lang='lat' dir='ltr'><em>posuit</em></span> <span class='ocrx_word' id='word_1_322' title='bbox 1485 2114 1604 2151; x_wconf 80' lang='lat' dir='ltr'><em>super</em></span> 
     </span>
     <span class='ocr_line' id='line_1_35' title="bbox 138 2158 1607 2212; baseline -0.002 -15"><span class='ocrx_word' id='word_1_323' title='bbox 138 2174 264 2212; x_wconf 81' lang='lat' dir='ltr'><em>rugas</em></span> <span class='ocrx_word' id='word_1_324' title='bbox 294 2175 397 2212; x_wconf 84' lang='lat' dir='ltr'><em>quae</em></span> <span class='ocrx_word' id='word_1_325' title='bbox 425 2167 521 2197; x_wconf 87' lang='lat' dir='ltr'><em>sunt</em></span> <span class='ocrx_word' id='word_1_326' title='bbox 539 2161 583 2196; x_wconf 88' lang='lat' dir='ltr'><em>in</em></span> <span class='ocrx_word' id='word_1_327' title='bbox 604 2160 768 2197; x_wconf 86' lang='lat' dir='ltr'><em>introitu</em></span> <span class='ocrx_word' id='word_1_328' title='bbox 789 2159 975 2196; x_wconf 82' lang='lat' dir='ltr'><em>ecclesiae</em></span> <span class='ocrx_word' id='word_1_329' title='bbox 992 2158 1237 2209; x_wconf 80' lang='lat' dir='ltr'><em>presbyterii.</em></span> <span class='ocrx_word' id='word_1_330' title='bbox 1299 2169 1478 2195; x_wconf 84' lang='lat' dir='ltr'><em>rursum:</em></span> <span class='ocrx_word' id='word_1_331' title='bbox 1498 2158 1607 2209; x_wconf 80' lang='lat' dir='ltr'><em>fecit</em></span> 
     </span>
     <span class='ocr_line' id='line_1_36' title="bbox 137 2215 1604 2268; baseline -0.001 -14"><span class='ocrx_word' id='word_1_332' title='bbox 137 2217 262 2254; x_wconf 78' lang='lat' dir='ltr'><em>simul</em></span> <span class='ocrx_word' id='word_1_333' title='bbox 287 2225 323 2253; x_wconf 87' lang='lat' dir='ltr'><em>et</em></span> <span class='ocrx_word' id='word_1_334' title='bbox 351 2231 476 2268; x_wconf 81' lang='lat' dir='ltr'><em>rugas</em></span> <span class='ocrx_word' id='word_1_335' title='bbox 502 2223 712 2267; x_wconf 80' lang='lat' dir='ltr'><em>argenteas</em></span> <span class='ocrx_word' id='word_1_336' title='bbox 739 2218 782 2253; x_wconf 84' lang='lat' dir='ltr'><em>in</em></span> <span class='ocrx_word' id='word_1_337' title='bbox 809 2218 991 2267; x_wconf 75' lang='lat' dir='ltr'><em>ingressu</em></span> <span class='ocrx_word' id='word_1_338' title='bbox 1020 2215 1259 2266; x_wconf 81' lang='lat' dir='ltr'><em>presbyterii</em></span> <span class='ocrx_word' id='word_1_339' title='bbox 1284 2221 1496 2265; x_wconf 81' lang='lat' dir='ltr'><em>pensantes</em></span> <span class='ocrx_word' id='word_1_340' title='bbox 1528 2221 1604 2252; x_wconf 78' lang='lat' dir='ltr'><em>etc-</em></span> 
     </span>
     <span class='ocr_line' id='line_1_37' title="bbox 140 2271 1603 2325; baseline -0.002 -15"><span class='ocrx_word' id='word_1_341' title='bbox 140 2287 232 2311; x_wconf 88' lang='lat' dir='ltr'><em>cum</em></span> <span class='ocrx_word' id='word_1_342' title='bbox 256 2275 397 2325; x_wconf 83' lang='lat' dir='ltr'><em>igitur,</em></span> <span class='ocrx_word' id='word_1_343' title='bbox 428 2280 472 2310; x_wconf 85' lang='lat' dir='ltr'><em>ut</em></span> <span class='ocrx_word' id='word_1_344' title='bbox 501 2272 623 2310; x_wconf 82' lang='lat' dir='ltr'><em>habet</em></span> <span class='ocrx_word' id='word_1_345' title='bbox 649 2272 744 2310; x_wconf 81' lang='lat' dir='ltr'><em>ordo</em></span> <span class='ocrx_word' id='word_1_346' title='bbox 768 2275 991 2320; x_wconf 84' lang='lat' dir='ltr'><em>Romanus,</em></span> <span class='ocrx_word' id='word_1_347' title='bbox 1026 2271 1201 2324; x_wconf 76' lang='lat' dir='ltr'><em>acolythi</em></span> <span class='ocrx_word' id='word_1_348' title='bbox 1220 2286 1367 2322; x_wconf 76' lang='lat' dir='ltr'><em>rugam</em></span> <span class='ocrx_word' id='word_1_349' title='bbox 1387 2277 1603 2319; x_wconf 81' lang='lat' dir='ltr'><em>servarent,</em></span> 
     </span>
     <span class='ocr_line' id='line_1_38' title="bbox 128 2328 1605 2382; baseline -0.002 -15"><span class='ocrx_word' id='word_1_350' title='bbox 128 2343 268 2382; x_wconf 39' lang='lat' dir='ltr'><em>*neque</em></span> <span class='ocrx_word' id='word_1_351' title='bbox 289 2333 337 2368; x_wconf 86' lang='lat' dir='ltr'><em>iis</em></span> <span class='ocrx_word' id='word_1_352' title='bbox 353 2331 413 2368; x_wconf 87' lang='lat' dir='ltr'><em>fas</em></span> <span class='ocrx_word' id='word_1_353' title='bbox 435 2337 536 2367; x_wconf 85' lang='lat' dir='ltr'><em>esset</em></span> <span class='ocrx_word' id='word_1_354' title='bbox 555 2331 770 2367; x_wconf 80' lang='lat' dir='ltr'><em>sacrarium</em></span> <span class='ocrx_word' id='word_1_355' title='bbox 789 2328 967 2380; x_wconf 86' lang='lat' dir='ltr'><em>ingredi,</em></span> <span class='ocrx_word' id='word_1_356' title='bbox 1002 2331 1098 2367; x_wconf 87' lang='lat' dir='ltr'><em>satis</em></span> <span class='ocrx_word' id='word_1_357' title='bbox 1121 2331 1314 2366; x_wconf 72' lang='lat' dir='ltr'><em>evincitur</em></span> <span class='ocrx_word' id='word_1_358' title='bbox 1329 2342 1474 2379; x_wconf 77' lang='lat' dir='ltr'><em>rugam</em></span> <span class='ocrx_word' id='word_1_359' title='bbox 1491 2334 1605 2365; x_wconf 80' lang='lat' dir='ltr'><em>extra</em></span> 
     </span>
     <span class='ocr_line' id='line_1_39' title="bbox 138 2384 1604 2439; baseline -0.002 -15"><span class='ocrx_word' id='word_1_360' title='bbox 138 2389 354 2424; x_wconf 82' lang='lat' dir='ltr'><em>sacrarium</em></span> <span class='ocrx_word' id='word_1_361' title='bbox 373 2394 490 2439; x_wconf 71' lang='lat' dir='ltr'><em>atque</em></span> <span class='ocrx_word' id='word_1_362' title='bbox 510 2385 609 2424; x_wconf 87' lang='lat' dir='ltr'><em>adeo</em></span> <span class='ocrx_word' id='word_1_363' title='bbox 629 2389 665 2423; x_wconf 89' lang='lat' dir='ltr'><em>ei</em></span> <span class='ocrx_word' id='word_1_364' title='bbox 683 2388 909 2438; x_wconf 79' lang='lat' dir='ltr'><em>proximam</em></span> <span class='ocrx_word' id='word_1_365' title='bbox 927 2387 1065 2424; x_wconf 86' lang='lat' dir='ltr'><em>fuisse.</em></span> <span class='ocrx_word' id='word_1_366' title='bbox 1123 2400 1229 2437; x_wconf 79' lang='lat' dir='ltr'><em>ruga</em></span> <span class='ocrx_word' id='word_1_367' title='bbox 1248 2398 1340 2423; x_wconf 86' lang='lat' dir='ltr'><em>vero</em></span> <span class='ocrx_word' id='word_1_368' title='bbox 1362 2384 1472 2422; x_wconf 88' lang='lat' dir='ltr'><em>idem</em></span> <span class='ocrx_word' id='word_1_369' title='bbox 1489 2391 1604 2423; x_wconf 83' lang='lat' dir='ltr'><em>sonat</em></span> 
     </span>
     <span class='ocr_line' id='line_1_40' title="bbox 140 2439 1604 2494; baseline -0.002 -14"><span class='ocrx_word' id='word_1_370' title='bbox 140 2443 248 2494; x_wconf 87' lang='lat' dir='ltr'><strong>quod</strong></span> <span class='ocrx_word' id='word_1_371' title='bbox 273 2446 417 2481; x_wconf 74' lang='lat' dir='ltr'><em>nostris</em></span> <span class='ocrx_word' id='word_1_372' title='bbox 440 2457 511 2480; x_wconf 92' lang='lat' dir='ltr'><em>rue</em></span> <span class='ocrx_word' id='word_1_373' title='bbox 534 2456 605 2481; x_wconf 91' lang='lat' dir='ltr'><em>seu</em></span> <span class='ocrx_word' id='word_1_374' title='bbox 627 2444 782 2494; x_wconf 75' lang='lat' dir='ltr'><em>platea:</em></span> <span class='ocrx_word' id='word_1_375' title='bbox 815 2445 871 2480; x_wconf 89' lang='lat' dir='ltr'><em>sic</em></span> <span class='ocrx_word' id='word_1_376' title='bbox 898 2445 1005 2480; x_wconf 88' lang='lat' dir='ltr'><em>enim</em></span> <span class='ocrx_word' id='word_1_377' title='bbox 1028 2450 1240 2494; x_wconf 78' lang='lat' dir='ltr'><em>usurpatur</em></span> <span class='ocrx_word' id='word_1_378' title='bbox 1262 2440 1363 2479; x_wconf 86' lang='lat' dir='ltr'><em>haec</em></span> <span class='ocrx_word' id='word_1_379' title='bbox 1387 2453 1470 2478; x_wconf 82' lang='lat' dir='ltr'><em>vox</em></span> <span class='ocrx_word' id='word_1_380' title='bbox 1496 2439 1604 2492; x_wconf 85' lang='lat' dir='ltr'><em>apud</em></span> 
     </span>
     <span class='ocr_line' id='line_1_41' title="bbox 138 2497 1604 2552; baseline -0.001 -16"><span class='ocrx_word' id='word_1_381' title='bbox 138 2499 396 2537; x_wconf 83' lang='lat' dir='ltr'><em>VVillelnmm</em></span> <span class='ocrx_word' id='word_1_382' title='bbox 420 2501 591 2552; x_wconf 86' lang='lat' dir='ltr'><em>Tyrium</em></span> <span class='ocrx_word' id='word_1_383' title='bbox 619 2503 667 2541; x_wconf 82' lang='grc'>12</span> <span class='ocrx_word' id='word_1_384' title='bbox 693 2500 748 2540; x_wconf 83' lang='lat'><em>25</em></span> <span class='ocrx_word' id='word_1_385' title='bbox 779 2507 818 2537; x_wconf 86' lang='lat' dir='ltr'><em>et</em></span> <span class='ocrx_word' id='word_1_386' title='bbox 840 2502 882 2536; x_wconf 92' lang='lat' dir='ltr'><em>in</em></span> <span class='ocrx_word' id='word_1_387' title='bbox 907 2500 1016 2537; x_wconf 90' lang='lat' dir='ltr'><em>bulla</em></span> <span class='ocrx_word' id='word_1_388' title='bbox 1039 2498 1262 2537; x_wconf 81' lang='lat' dir='ltr'><em>Alexandri</em></span> <span class='ocrx_word' id='word_1_389' title='bbox 1287 2510 1414 2549; x_wconf 83' lang='lat' dir='ltr'><em>papae</em></span> <span class='ocrx_word' id='word_1_390' title='bbox 1435 2510 1470 2535; x_wconf 85' lang='lat' dir='ltr'><em>a.</em></span> <span class='ocrx_word' id='word_1_391' title='bbox 1495 2497 1604 2539; x_wconf 87' lang='lat'><em>1165</em></span> 
     </span>
     <span class='ocr_line' id='line_1_42' title="bbox 139 2553 1606 2605; baseline -0.002 -13"><span class='ocrx_word' id='word_1_392' title='bbox 139 2557 180 2593; x_wconf 89' lang='lat' dir='ltr'><em>in</em></span> <span class='ocrx_word' id='word_1_393' title='bbox 211 2558 267 2594; x_wconf 90' lang='lat' dir='ltr'><em>M.</em></span> <span class='ocrx_word' id='word_1_394' title='bbox 295 2558 490 2595; x_wconf 85' lang='lat' dir='ltr'><em>Pastorali</em></span> <span class='ocrx_word' id='word_1_395' title='bbox 519 2557 723 2594; x_wconf 81' lang='lat' dir='ltr'><em>Ecclesiae</em></span> <span class='ocrx_word' id='word_1_396' title='bbox 750 2557 984 2594; x_wconf 86' lang='lat' dir='ltr'><em>Parisiensis</em></span> <span class='ocrx_word' id='word_1_397' title='bbox 1004 2557 1032 2593; x_wconf 91' lang='lat' dir='ltr'><em>l.</em></span> <span class='ocrx_word' id='word_1_398' title='bbox 1057 2558 1108 2596; x_wconf 88' lang='grc'>19</span> <span class='ocrx_word' id='word_1_399' title='bbox 1134 2554 1268 2593; x_wconf 87' lang='lat' dir='ltr'><em>charta</em></span> <span class='ocrx_word' id='word_1_400' title='bbox 1290 2556 1366 2594; x_wconf 88' lang='lat'><strong>17:</strong></span> <span class='ocrx_word' id='word_1_401' title='bbox 1400 2567 1524 2605; x_wconf 86' lang='lat' dir='ltr'><em>usque</em></span> <span class='ocrx_word' id='word_1_402' title='bbox 1547 2553 1606 2590; x_wconf 88' lang='lat' dir='ltr'><em>ad</em></span> 
     </span>
     <span class='ocr_line' id='line_1_43' title="bbox 139 2611 1604 2664; baseline -0.001 -16"><span class='ocrx_word' id='word_1_403' title='bbox 139 2612 271 2650; x_wconf 80' lang='lat' dir='ltr'><em>locam</em></span> <span class='ocrx_word' id='word_1_404' title='bbox 296 2615 368 2664; x_wconf 85' lang='lat' dir='ltr'><em>qui</em></span> <span class='ocrx_word' id='word_1_405' title='bbox 398 2621 564 2651; x_wconf 85' lang='lat' dir='ltr'><em>vocatur</em></span> <span class='ocrx_word' id='word_1_406' title='bbox 597 2612 784 2659; x_wconf 55' lang='lat' dir='ltr'><em>&#39;l&#39;udellffi</em></span> <span class='ocrx_word' id='word_1_407' title='bbox 813 2614 858 2650; x_wconf 87' lang='lat' dir='ltr'><em>in</em></span> <span class='ocrx_word' id='word_1_408' title='bbox 880 2627 987 2664; x_wconf 76' lang='lat' dir='ltr'><em>ruga</em></span> <span class='ocrx_word' id='word_1_409' title='bbox 1008 2612 1180 2649; x_wconf 85' lang='lat' dir='ltr'><em>eiusdem</em></span> <span class='ocrx_word' id='word_1_410' title='bbox 1205 2612 1250 2649; x_wconf 87' lang='lat' dir='ltr'><em>S.</em></span> <span class='ocrx_word' id='word_1_411' title='bbox 1280 2611 1485 2648; x_wconf 86' lang='lat' dir='ltr'><em>Germani.</em></span> <span class='ocrx_word' id='word_1_412' title='bbox 1546 2611 1604 2646; x_wconf 85' lang='lat' dir='ltr'><em>ita</em></span> 
     </span>
     <span class='ocr_line' id='line_1_44' title="bbox 139 2665 1597 2721; baseline -0.002 -16"><span class='ocrx_word' id='word_1_413' title='bbox 139 2670 285 2719; x_wconf 81' lang='lat' dir='ltr'><em>Papias</em></span> <span class='ocrx_word' id='word_1_414' title='bbox 305 2672 451 2720; x_wconf 80' lang='lat' dir='ltr'><em>pariter</em></span> <span class='ocrx_word' id='word_1_415' title='bbox 469 2684 615 2721; x_wconf 82' lang='lat' dir='ltr'><em>rugam</em></span> <span class='ocrx_word' id='word_1_416' title='bbox 634 2669 792 2709; x_wconf 84' lang='lat' dir='ltr'><em>videtur</em></span> <span class='ocrx_word' id='word_1_417' title='bbox 809 2671 1006 2721; x_wconf 87' lang='lat' dir='ltr'><em>accipere:</em></span> <span class='ocrx_word' id='word_1_418' title='bbox 1035 2683 1179 2720; x_wconf 76' lang='lat' dir='ltr'><em>rugae,</em></span> <span class='ocrx_word' id='word_1_419' title='bbox 1199 2680 1350 2713; x_wconf 86' lang='lat' dir='ltr'><em>romae,</em></span> <span class='ocrx_word' id='word_1_420' title='bbox 1378 2665 1597 2704; x_wconf 88' lang='lat' dir='ltr'><em>semitulae.</em></span> 
     </span>
     <span class='ocr_line' id='line_1_45' title="bbox 139 2719 1605 2776; baseline -0.002 -14"><span class='ocrx_word' id='word_1_421' title='bbox 139 2726 210 2762; x_wconf 91' lang='lat' dir='ltr'><em>ubi</em></span> <span class='ocrx_word' id='word_1_422' title='bbox 250 2725 464 2775; x_wconf 85' lang='lat' dir='ltr'><em>legendum</em></span> <span class='ocrx_word' id='word_1_423' title='bbox 499 2741 659 2764; x_wconf 84' lang='lat' dir='ltr'><em>rumae:</em></span> <span class='ocrx_word' id='word_1_424' title='bbox 701 2728 894 2764; x_wconf 81' lang='lat' dir='ltr'><em>Graecam</em></span> <span class='ocrx_word' id='word_1_425' title='bbox 933 2727 1041 2763; x_wconf 88' lang='lat' dir='ltr'><em>enim</em></span> <span class='ocrx_word' id='word_1_426' title='bbox 1075 2737 1214 2763; x_wconf 79' lang='lat' dir='ltr'><em>vocem</em></span> <span class='ocrx_word' id='word_1_427' title='bbox 1251 2725 1447 2776; x_wconf 85' lang='lat' dir='ltr'><em>expressit</em></span> <span class='ocrx_word' id='word_1_428' title='bbox 1479 2719 1605 2774; x_wconf 76' lang='grc' dir='ltr'>ῥύμη.</span> 
     </span>
     <span class='ocr_line' id='line_1_46' title="bbox 139 2779 1599 2836; baseline -0.004 -16"><span class='ocrx_word' id='word_1_429' title='bbox 139 2783 270 2820; x_wconf 87' lang='lat' dir='ltr'><em>Gloss.</em></span> <span class='ocrx_word' id='word_1_430' title='bbox 301 2783 344 2820; x_wconf 90' lang='lat' dir='ltr'><em>S.</em></span> <span class='ocrx_word' id='word_1_431' title='bbox 373 2781 601 2820; x_wconf 85' lang='lat' dir='ltr'><em>Benedicti:</em></span> <span class='ocrx_word' id='word_1_432' title='bbox 631 2797 738 2834; x_wconf 81' lang='lat' dir='ltr'><em>ruga</em></span> <span class='ocrx_word' id='word_1_433' title='bbox 764 2781 886 2836; x_wconf 80' lang='grc' dir='ltr'><strong><em>ῥύμη.</em></strong></span> <span class='ocrx_word' id='word_1_434' title='bbox 941 2795 1037 2819; x_wconf 90' lang='lat' dir='ltr'><em>nam</em></span> <span class='ocrx_word' id='word_1_435' title='bbox 1070 2787 1110 2819; x_wconf 86' lang='lat' dir='ltr'><em>et</em></span> <span class='ocrx_word' id='word_1_436' title='bbox 1135 2780 1213 2819; x_wconf 89' lang='lat' dir='ltr'><em>hoc</em></span> <span class='ocrx_word' id='word_1_437' title='bbox 1240 2781 1329 2818; x_wconf 90' lang='lat' dir='ltr'><em>loco</em></span> <span class='ocrx_word' id='word_1_438' title='bbox 1362 2793 1468 2831; x_wconf 80' lang='lat' dir='ltr'><em>ruga</em></span> <span class='ocrx_word' id='word_1_439' title='bbox 1496 2779 1599 2815; x_wconf 78' lang='lat' dir='ltr'><em>forte</em></span> 
     </span>
     <span class='ocr_line' id='line_1_47' title="bbox 139 2835 1605 2894; baseline -0.005 -18"><span class='ocrx_word' id='word_1_440' title='bbox 139 2841 331 2890; x_wconf 80' lang='lat' dir='ltr'><em>accipitur</em></span> <span class='ocrx_word' id='word_1_441' title='bbox 357 2851 429 2890; x_wconf 85' lang='lat' dir='ltr'><em>pro</em></span> <span class='ocrx_word' id='word_1_442' title='bbox 455 2839 609 2891; x_wconf 83' lang='lat' dir='ltr'><em>platea:</em></span> <span class='ocrx_word' id='word_1_443' title='bbox 638 2838 749 2894; x_wconf 71' lang='grc' dir='ltr'><em>ῥύμη</em></span> <span class='ocrx_word' id='word_1_444' title='bbox 770 2841 878 2878; x_wconf 83' lang='lat' dir='ltr'><em>enim</em></span> <span class='ocrx_word' id='word_1_445' title='bbox 898 2839 1058 2878; x_wconf 83' lang='lat' dir='ltr'><em>Graecis</em></span> <span class='ocrx_word' id='word_1_446' title='bbox 1077 2850 1157 2877; x_wconf 86' lang='lat' dir='ltr'><em>non</em></span> <span class='ocrx_word' id='word_1_447' title='bbox 1175 2836 1297 2877; x_wconf 85' lang='lat' dir='ltr'><em>modo</em></span> <span class='ocrx_word' id='word_1_448' title='bbox 1318 2848 1459 2887; x_wconf 85' lang='lat' dir='ltr'><em>rugam</em></span> <span class='ocrx_word' id='word_1_449' title='bbox 1484 2835 1605 2872; x_wconf 82' lang='lat' dir='ltr'><em>fron-.</em></span> 
     </span>
    </p>
   </div>
  </div>
 </body>
</html>
