1890 3224
371 176 448 219 DE
479 175 660 220 REBUS
687 176 834 220 POST
866 175 1183 222 momorum
1215 176 1420 226 GESTIS.
1558 178 1622 224 33

181 289 226 333 ἔκ
253 285 398 333 τούτου
423 289 715 348 Κωνσταντίνῳ
745 287 1002 345 συνεβούλευε
1037 286 1208 348 γράφειν
1242 295 1329 343 τοῖς
1360 291 1627 349 στρατευομέ-

179 375 264 409 νοις
292 356 348 409 ὥς
374 362 558 413 τελευτῆς
585 357 886 414 συμβαινούσης
915 359 1024 417 αὐτῷ
1055 358 1342 413 ἀντιλαβέσθαι
1368 364 1449 403 τῶν
1480 360 1627 403 τέκνων

181 426 329 478 αὐτοῦ,
356 428 423 469 καὶ
450 426 509 481 μὴ
537 433 755 484 συγχωρεῖν
778 427 1005 470 ἀδικεῖσθαι
1021 428 1126 482 μηδὲ
1145 432 1218 482 τῆς
1234 429 1440 482 βασιλείας
1461 429 1627 471 διωθεῖ-

181 497 297 536 σθαι.
364 494 435 552 ἐφ’
467 492 529 544 οἷς
550 492 693 549 ἡσθεὶς
712 495 1015 546 Κωνσταντῒνος
1035 495 1295 539 Οὗαλεντῖνον
1313 496 1383 539 τὸν
1405 497 1627 553 Φιλαγρίου

148 560 457 617 5ῧπασπιστήν,
485 560 537 604 τά
567 579 609 605 τε
639 560 860 619 γράμματα
880 565 947 606 καὶ
965 564 1038 618 τὴν
1057 563 1200 619 λοιπὴν
1217 568 1289 607 τοῦ
1306 563 1541 622 πράγματος
1558 565 1628 620 ἔρ-

179 631 324 686 γασιάν
347 630 568 688 ἐγχειρίσας
576 661 590 682 ,
619 630 721 687 πρὸς
744 631 790 673 τὸ
820 629 1050 688 στράτευμα
1067 632 1263 687 ἐξέπεμψε
1270 664 1284 684 ,
1322 632 1506 682 δεδωκὼς
1519 631 1630 690 αὗτῷ

173 696 369 755 χρήματα
394 701 656 741 συντελοῦντα
679 701 734 749 εἷς
756 699 960 755 ποσότητα
980 700 1162 758 ἀριθμοῦ
1178 697 1389 758 μυριάδων
1406 701 1518 744 πέντε
1535 701 1628 742 δια-

180 767 325 808 κοσίων
346 768 412 808 καὶ
430 765 487 809 ἔτι
503 764 631 823 μύρια
648 768 715 809 καὶ
735 765 978 822 ἑξακισχίλια
993 770 1244 823 νομίσματα,
1276 767 1526 822 ὗπσθέμενος
1542 768 1631 810 πεί-

179 837 272 876 θειν
289 834 384 885 τοὺς
401 839 472 877 τοῦ
494 840 781 892 στρατιωτικοῦ·
804 835 1028 893 καταλόγου
1048 836 1150 891 μετὰ
1167 836 1352 891 τελευτὴν
1370 836 1632 879 Κωνσταντί-

126 912 172 949 10
181 917 252 944 νου
281 901 647 946 ἀντικαθίστασθαι
672 906 867 961 Μαρτίνῃ
895 907 963 946 καὶ
990 911 1075 955 τοῖς
1091 905 1242 956 τέκνοις
1263 904 1399 959 αὐτῆς.
1466 908 1628 958 συμβα-
1646 917 1677 953 Ρ
1698 919 1745 954 20

181 967 370 1020 σιλεῦσας
398 971 443 1013 δὲ
469 975 527 1027 τῷ
559 973 681 1027 πατρὶ
708 970 774 1026 ἔτη
804 971 910 1015 ὀκτὼ
930 974 998 1015 καὶ
1020 972 1166 1024 εἷ’κοσι,
1200 974 1267 1015 καὶ
1288 972 1466 1027 ἐπιβιοὺς
1486 974 1542 1024 εἷς
1559 972 1633 1028 τὴν

179 1039 388 1091 βασιλείαν
410 1037 467 1079 ἔτι
491 1036 645 1095 ἡμέρας
668 1037 808 1081 ἑκατὸν
826 1047 952 1096 τρεῖς,
988 1039 1226 1095 ἐτελεύτησε.

315 1105 439 1149 Μεθ’
474 1105 521 1147 ὃν
556 1106 816 1164 αὐτοκράτωρ
845 1113 918 1162 τῆς
949 1109 1158 1162 βασιλείας
1188 1106 1471 1164 ἀναγορεύεται
1498 1103 1633 1164 Ἡρά-

181 1176 332 1224 κλειος,
378 1167 413 1232 ᾧ
441 1173 738 1227 συνελάμβανεν
767 1178 824 1225 εἷς
849 1175 902 1218 τὰ
928 1180 1001 1230 τῆς
1024 1177 1231 1229 βασιλείας
1259 1174 1478 1231 πράγματα
1508 1177 1576 1217 καὶ
1605 1172 1633 1229 ἦ

127 1251 171 1288 15
183 1243 394 1296 Μαρτῖνα.
464 1241 589 1291 εὐθὺς
606 1236 677 1283 οὖν
692 1241 762 1284 τόν
779 1260 820 1285 τε
838 1243 992 1298 πατρὸς
1008 1244 1217 1299 στέφανον,
1245 1241 1291 1284 ὃν
1307 1244 1376 1285 καὶ
1393 1244 1635 1297 σννέθαψαν

180 1308 291 1366 αὐτῷ
308 1310 374 1350 καὶ
397 1306 419 1350 ὅ
437 1308 524 1358 υἱὸς
540 1310 844 1359 Κωνσταντῒνος
858 1314 932 1353 τοῦ
946 1314 1047 1352 ναοῦ
1066 1308 1265 1366 ἐξήνεγκεν
1273 1340 1289 1362 ,
1317 1311 1539 1364 τιμηθέντα
1560 1310 1636 1364 μέ·-

175 1393 246 1432 χρι
266 1377 438 1434 χρυσίου
460 1379 607 1433 λιτρῶν
626 1375 925 1431 ἑβδομήκοντα,
957 1382 1015 1435 τῷ
1043 1382 1130 1436 θεῷ
1157 1378 1374 1435 προσφέρει
1391 1379 1434 1420 ἓν
1447 1382 1506 1435 τῷ
1526 1378 1635 1435 ἱερῷ,

179 1445 322 1501 Κῦρον
346 1445 391 1486 δὲ
411 1444 482 1486 τὸν
501 1443 698 1501 πρόεδρον
721 1445 1018 1502 Ἀλεξανδρείας
1039 1450 1096 1503 τῷ
1119 1447 1250 1503 οἰκείῳ
1269 1444 1409 1503 θρόνῳ
1431 1445 1635 1488 ἀποκαθί-

180 1527 312 1566 στησι.
382 1510 603 1569 Φιλάγριον
623 1513 668 1554 δὲ
690 1512 904 1569 ἀποκείρας
925 1512 1128 1571 ἐξόριστον
1149 1515 1206 1564 εἷς
1224 1513 1272 1556 τό
1296 1514 1454 1563 Σέπτας
1469 1511 1637 1568 λεγόμε-

125 1589 250 1625 Ξονον
277 1577 494 1636 φρούριον,
525 1579 628 1636 πρὸς
653 1579 768 1635 ἥλιον
794 1580 965 1623 δύνοντα
993 1580 1097 1623 κατὰ
1120 1581 1200 1635 [τὰ]
1220 1579 1379 1637 θάτερα
1403 1585 1483 1623 τῶν
1496 1579 1631 1637 ‘Hpa-
1651 1591 1682 1627 Β

180 1648 304 1697 κλέως
320 1650 477 1702 στηλῶν
494 1647 598 1704 πρὸς
612 1653 662 1704 τῇ
677 1646 823 1705 Λιβύῃ
842 1650 1042 1703 κείμενον,
1070 1649 1346 1705 παρέπεμψεν.
1414 1647 1574 1706 ἑτέρους
1590 1665 1635 1691 τε

179 1717 411 1766 πλείστους,
440 1714 512 1765 οὓς
532 1710 620 1771 εὗρε
637 1717 781 1772 φίλους
797 1718 863 1758 καὶ
878 1714 1080 1773 ὑπηρέτας
1099 1716 1224 1759 αὐτοῦ
1232 1747 1247 1768 ,
1279 1720 1449 1772 πληγαῖς
1467 1718 1533 1758 καὶ
1552 1715 1638 1759 ἑτέ-

182 1799 274 1839 ραις
301 1784 450 1832 αἰκίαις
475 1781 671 1837 ἠμύνατο.
744 1783 1006 1834 Οὗαλεντΐνος
1028 1785 1072 1825 δὲ
1094 1782 1115 1825 ὅ
1140 1785 1363 1841 Φιλαγρίου
1384 1782 1638 1838 ὑπασπιστὴς

272 1900 296 1933 2
326 1895 593 1978 α’ἷτιλαβούσαι
616 1898 647 1933 Ρ
838 1900 863 1935 7
895 1896 1006 1933 πέντε
1027 1897 1092 1934 καὶ
1115 1898 1241 1935 dmm?
1421 1898 1467 1935 15
1487 1900 1551 1945 τε]
1570 1897 1637 1944 μὲν

271 1956 340 1979 ‘lov

181 2045 361 2080 consilium
384 2044 446 2079 dat
466 2047 505 2079 ut
528 2044 572 2080 ad
594 2044 767 2080 exercitus
789 2045 980 2089 scriberet,
1004 2044 1057 2080 uti
1078 2047 1160 2091 post
1180 2043 1311 2080 obitum
1333 2055 1430 2079 suum
1450 2044 1637 2080 liberorum

180 2103 320 2126 suorum
349 2102 466 2125 curam
490 2098 653 2135 gererent
665 2118 675 2135 ,
710 2103 822 2137 neque
839 2091 1001 2126 iniuriam
1026 2091 1072 2125 iis
1092 2091 1218 2125 inferri
1239 2091 1310 2136 ipsi
1328 2097 1390 2125 aut
1406 2090 1551 2136 imperio
1575 2102 1638 2125 ex-

180 2137 276 2171 trudi
303 2137 471 2171 sinerent.
518 2147 587 2181 quo
622 2137 764 2171 consilio
788 2138 930 2182 gavisus
958 2137 1207 2171 Constantinus
1230 2136 1449 2171 Valentinum
1470 2135 1642 2180 Philagrii

182 2183 390 2227 armigerum
414 2193 488 2216 cum
511 2181 623 2217 literis
647 2183 843 2228 ceterisque
866 2183 910 2217 ad
934 2194 1008 2217 eam
1028 2194 1101 2217 rem
1123 2182 1329 2216 necessariis
1354 2182 1398 2215 ad
1421 2187 1537 2215 castra
1557 2181 1640 2215 mit-

113 2254 117 2259 .
181 2228 245 2268 tit;
270 2232 394 2271 ,atque
430 2227 575 2273 insuper
605 2228 771 2273 pecunias
802 2229 846 2263 ad
874 2228 984 2263 vicies
1017 2233 1164 2263 centena
1198 2228 1450 2271 quinquaginta
1482 2226 1639 2271 tradidit,

181 2278 434 2318 praetereaque
454 2273 604 2307 sedecim
626 2285 835 2308 nummorum
858 2274 972 2316 milia,
1009 2274 1134 2318 quibus
1156 2273 1323 2307 militares
1346 2272 1465 2317 copias
1488 2272 1641 2306 adduce-

181 2323 238 2353 ret
260 2323 299 2351 ut
322 2323 402 2362 post
422 2318 645 2352 Constantini
667 2325 811 2353 mortem
835 2320 1011 2353 Martinae
1035 2319 1178 2363 eiusque
1200 2318 1281 2353 filiis
1303 2318 1522 2352 resisterent.
1569 2316 1640 2362 igi-

181 2368 241 2398 tur
275 2363 545 2407 Constantinus,
579 2375 655 2397 cum
681 2369 759 2398 octo
790 2370 827 2399 et
852 2364 981 2409 viginti
1011 2368 1120 2399 annos
1151 2375 1228 2398 cum
1251 2368 1353 2411 patre
1374 2363 1582 2408 imperasset
1605 2366 1644 2398 et

181 2414 320 2443 centum
344 2420 386 2442 ac
407 2408 520 2443 tribus
543 2408 665 2443 diebus
688 2410 961 2455 supervixisset,
984 2410 1141 2444 moritur.

272 2454 360 2488 Post
377 2465 478 2499 quem
499 2454 688 2499 imperator
705 2455 889 2490 Heraclius
909 2456 1114 2501 appellatur,
1137 2465 1283 2500 quocum
1301 2452 1526 2488 communiter
1542 2452 1640 2487 Mar-

181 2499 258 2534 tina
279 2499 459 2544 imperium
483 2500 757 2535 administrabat.
803 2500 864 2534 ille
882 2513 967 2535 vero
985 2501 1102 2535 statim
1120 2500 1228 2546 patris
1248 2509 1421 2542 coronam,
1440 2509 1543 2543 quam
1563 2509 1640 2532 cum

184 2557 226 2580 eo
259 2545 428 2589 sepultam
459 2545 711 2580 Constantinus
745 2544 837 2579 filius
859 2547 903 2580 ab
927 2546 1074 2581 ecclesia
1097 2550 1364 2591 exportaverat,
1398 2554 1557 2588 quaeque
1581 2555 1640 2578 se-

184 2591 366 2635 ptuaginta
389 2590 467 2624 auri
492 2591 591 2625 libris
620 2591 887 2634 aestimabatur,
914 2591 979 2625 deo
1010 2592 1049 2626 in
1080 2592 1200 2626 eadem
1231 2589 1378 2624 ecclesia
1407 2589 1639 2623 consecravit.

183 2641 256 2670 tum
278 2636 408 2679 Cyrum
425 2636 658 2671 Alexandriae
674 2636 906 2682 patriarcham
923 2637 961 2671 in
978 2637 1093 2671 sedem
1110 2635 1277 2670 restituit.
1323 2634 1536 2679 Philagrium
1554 2646 1639 2668 vero

185 2681 366 2714 detonsum
385 2681 423 2714 in
444 2682 575 2727 Septae
593 2682 787 2725 castellum,
810 2682 903 2725 quod
921 2683 964 2717 ad
983 2683 1207 2717 Occidentem
1228 2681 1337 2714 altera
1358 2692 1400 2714 ex
1420 2686 1522 2725 parte
1545 2679 1639 2712 Her-

185 2725 272 2759 culis
296 2725 460 2760 columnis
483 2728 620 2762 adiacet
642 2728 679 2761 in
701 2728 838 2770 Libya,
864 2727 1054 2773 relegavit3
1080 2733 1214 2761 ceteros
1239 2725 1526 2771 quamplurimos,
1553 2734 1641 2768 quos

185 2771 315 2805 amicos
341 2771 416 2805 eius
439 2776 545 2817 atque
575 2773 797 2807 administros
821 2773 971 2817 reperit,
1001 2772 1206 2808 verberibus
1229 2776 1334 2816 atque
1358 2771 1437 2809 aliis
1460 2768 1641 2815 suppliciis

185 2816 316 2850 affecit.
363 2817 450 2850 haec
472 2818 533 2852 ubi
553 2818 757 2854 Valentinus
784 2817 955 2863 Philagrii
977 2818 1128 2864 armiger
1149 2817 1303 2864 accepit,
1329 2816 1497 2903 igilitares
1521 2813 1642 2860 copias

242 2868 386 2913 Niceph.
415 2869 529 2904 Consi.
