1890 3224
228 173 294 221 64
575 164 580 170 '
713 177 949 223 GEoRGn
981 177 1197 222 PlsmAE·

442 287 535 344 ἔστη
553 289 770 347 παρεισδὺς
789 291 830 333 ἒν
850 289 962 348 μέσῳ
978 294 1059 333 τῶν
1076 290 1271 346 ἀσπίδων,

327 356 409 399 425
442 355 627 414 κρύπτειν
648 356 790 402 ἑαυτὸν
813 358 1010 416 ἀσφαλῶς
1026 359 1283 416 ἠπειγμένος·

440 424 544 479 βολὴ
566 425 612 468 δέ
628 443 689 477 τις
708 425 910 484 φθάσασα
932 426 1131 482 συντόμου
1153 430 1273 471 λίθου

440 492 751 550 ἀπροσδοκήτως
774 497 983 551 διχοτομεῖ
996 496 1070 546 τὰς
1090 496 1276 550 ἀσπίδας,

440 563 507 602 καὶ
529 561 604 612 τὰς
619 564 692 616 μὲν
715 563 837 616 ὠθεῖ,
871 568 930 622 τῷ
948 565 992 606 δὲ
1011 566 1158 620 γίνεται
1182 564 1324 622 φόβος.

439 629 478 670 οἱ
499 629 541 671 δ’
568 625 663 687 αὐγε
685 633 817 674 λοιποὶ
836 630 1002 685 πάντες,
1038 632 1212 691 ἀκρίδων
1230 635 1359 689 δίκην,

324 696 407 739 430
440 695 602 740 ἔπιπτον
623 698 752 757 ἄρδην
777 702 1063 754 δυστυχοῦντες
1084 699 1294 757 εὐστόχως.

439 763 566 816 οὕτως
589 767 867 825 ἀπηκρίβωσεν
885 767 912 823 ἦ
930 770 1026 811 θειά
1047 770 1176 826 κρίσις

438 834 490 876 τὰ
510 832 621 887 τόξα,
647 836 742 886 τοὺς
761 834 1009 891 βάλλοντας,
1037 838 1185 888 αὐτοὺς
1201 837 1296 888 τούς
1313 838 1475 889 λίθους,,

440 900 507 951 ὧς
513 905 638 957 μηδὲν
655 906 740 961 εἲκῇ
758 911 972 959 συμπεσεῖν
990 906 1247 963 ἐρριμμένον·

440 970 534 1011 ἀλλ’
559 966 609 1025 ἦν
629 971 675 1014 τὸ
695 974 884 1030 πεμφθὲν
906 972 1104 1028 εὐστόχως
1125 974 1342 1031 ἀφιγμένον

327 1037 409 1080 435
444 1038 544 1094 πρὸς
565 1039 637 1094 τὴν
656 1038 827 1095 ἑκάστην
846 1045 927 1083 τῶν
944 1042 1202 1095 βεβλημὲνων
1218 1040 1356 1096 τύχην.

496 1108 582 1148 Καὶ
602 1112 731 1150 ταῦτα
746 1109 819 1161 μὲν
839 1108 890 1162 δὴ
910 1113 983 1162 τῆς
1000 1107 1125 1162 τύχης
1141 1109 1194 1150 τὰ
1214 1108 1431 1165 πράγματα

441 1173 493 1215 τὰ
512 1178 621 1216 νῶτα
639 1179 711 1229 τῆς
732 1179 805 1230 γῆς
825 1173 1009 1231 εὐφόρως
1031 1174 1273 1229 ἐβάστασεν·

441 1240 519 1283 ἔδει
543 1243 587 1284 δὲ
609 1242 748 1284 λοιπὸν
767 1244 834 1284 καὶ
856 1242 909 1284 τὰ
926 1246 1006 1284 τῶν
1025 1245 1258 1286 θαλαττίων

439 1313 577 1363 λαβεῖν
604 1308 768 1366 ἀγώνων
787 1310 860 1365 τὴν
880 1308 1096 1367 ῗσόρροπον
1111 1312 1258 1368 κρίσιν.

321 1376 404 1418 440
438 1379 510 1419 καί
526 1395 597 1431 μοι
618 1376 807 1435 πρόσεστι
828 1382 947 1420 τοῦτο
966 1376 1183 1432 θαυμάσαι
1202 1380 1334 1431 πλέον,

439 1450 526 1495 πῶς
546 1445 620 1501 τὴν
639 1444 839 1501 τοσαύτην
863 1450 935 1501 τῆς
962 1445 1172 1502 θαλάττης
1195 1447 1336 1490 οὐσίαν

439 1514 478 1555 οἳ
495 1512 702 1571 βάρβαροι
725 1515 939 1568 βλέποντες
962 1515 1255 1570 εἶξηπλωμένην,

436 1582 645 1631 δοκοῦντες
666 1580 799 1639 ὥσπερ
821 1582 1068 1624 ἐστενῶσθαι
1091 1587 1150 1639 τῷ
1170 1581 1323 1639 πλάτειὲ

438 1649 522 1691 ἐκεῖ
538 1651 879 1704 συνεκλείσθησαν
903 1650 1077 1699 εὐθέτως
1098 1649 1198 1691 ὅπου

322 1717 405 1761 445
439 1716 508 1759 τὸν
531 1715 639 1759 οἶκον
659 1716 759 1771 εἶχεν
782 1716 809 1772 ἦ
831 1717 1055 1774 στρατηγὸς
1075 1717 1290 1774 παρθένος.

440 1785 525 1826 ἔκεῖ
539 1785 617 1841 γὰρ
641 1784 774 1842 ὥσπερ
797 1786 839 1827 ἓν
861 1784 1013 1842 σαγήνῃ
1038 1784 1207 1828 δικτύων

441 1852 494 1894 τὰ
512 1852 669 1908 γλυπτὰ
689 1851 945 1905 συζεύξαντες
961 1853 1155 1908 ἥπλωσαν
1175 1850 1327 1910 σκάφη.

444 1921 527 1962 ἐπεὶ
549 1921 594 1963 δὲ
613 1920 897 1972 συννεύσαντες
916 1919 1106 1976 ἀλλήλοις
1129 1919 1215 1964 ὅλοι

315 2050 381 2084 428
418 2047 564 2092 φόνοςΤ
725 2052 793 2087 437
829 2051 976 2097 γραφῆς
1013 2051 1146 2086 codices
1181 2054 1230 2085 et·
1247 2049 1289 2084 ed
1323 2048 1475 2083 correxit-
1500 2048 1684 2084 Pinderus.

315 2095 381 2129 441
398 2093 591 2140 θαλάσσης
616 2094 658 2132 Ρ.
1362 2119 1367 2125 ·

222 2205 391 2240 instruere
405 2207 523 2242 volens
540 2208 583 2242 ad
601 2220 686 2254 opus
701 2209 850 2252 ordines,
874 2209 985 2243 media
997 2209 1087 2243 inter
1101 2211 1200 2243 scuta
1213 2219 1252 2242 se
1267 2207 1460 2242 coniecerat
1470 2233 1482 2250 ‚
1506 2206 1612 2251 (425)
1631 2206 1686 2241 ita>

221 2262 261 2288 se
276 2252 385 2297 ipsum
402 2253 513 2287 celare
528 2254 571 2287 ad
587 2255 803 2288 securitatem
818 2255 972 2289 adactus.
995 2255 1103 2288 iactus
1118 2266 1200 2288 vero
1220 2258 1443 2299 praevertens
1458 2253 1579 2286 celeris
1591 2252 1677 2298 lapi—

219 2296 273 2331 dis
295 2309 339 2331 ex
363 2297 545 2342 improviso
562 2304 724 2344 protenta
746 2300 862 2334 divisit
879 2305 975 2334 scuta
993 2311 1035 2334 ac
1059 2300 1277 2334 vehementer
1295 2299 1453 2344 impellitz
1486 2297 1679 2332 huietimor

220 2342 395 2385 oboritur3
432 2344 539 2378 ceteri
559 2356 641 2378 vero
662 2356 776 2379 omnes
791 2346 998 2380 locustarum
1014 2357 1107 2379 more
1130 2346 1233 2390 (430)
1250 2345 1414 2390 prostrati
1427 2344 1561 2378 iacuere
1574 2342 1608 2376 in
1625 2342 1678 2377 in-

219 2388 370 2421 fortunio
386 2388 537 2423 solertes.
594 2389 642 2424 sic
657 2390 805 2425 divinum
821 2391 977 2424 iudicium
993 2392 1147 2436 perfecte
1163 2391 1290 2425 direxit
1304 2390 1391 2432 tela,
1424 2390 1625 2424 iaculatores
1645 2392 1680 2422 et

219 2432 313 2477 ipsos
327 2432 469 2478 lapides,
493 2439 532 2468 ut
546 2446 713 2480 nunquam
728 2436 860 2470 irritum
875 2437 1014 2470 caderet
1028 2437 1120 2481 quod
1133 2436 1256 2470 iactum
1273 2439 1365 2470 erat:
1389 2435 1448 2469 sed
1465 2438 1541 2468 erat
1555 2433 1680 2468 missile

221 2478 267 2512 ad
282 2489 422 2523 scopum
439 2484 631 2527 opportune
655 2482 817 2516 directum
837 2483 941 2526 (435)
958 2494 1020 2528 pro
1044 2483 1139 2516 varia
1155 2482 1421 2517 transfossurum
1443 2481 1591 2514 fortuna.
1606 2496 1621 2506 ‹·
1638 2489 1680 2512 ac

224 2524 311 2558 tales
327 2524 462 2569 quidem
478 2537 590 2561 rerum
604 2527 791 2562 fortunatos
809 2528 921 2562 exitus
936 2534 1035 2572 terga
1050 2528 1204 2572 picturae
1218 2527 1317 2561 facile
1331 2526 1528 2560 attulerunt.
1576 2535 1679 2579 opor-

224 2570 322 2603 tebat
359 2574 473 2605 autem
511 2577 550 2606 ut
587 2573 687 2607 etiam
725 2573 889 2608 maritima
923 2574 1156 2618 experirentur
1187 2573 1316 2618 praelia
1343 2571 1484 2616 aequale
1512 2570 1680 2604 iudicium.

225 2614 328 2660 (440)
345 2626 386 2649 ac
401 2620 526 2660 quanto
541 2619 647 2663 magis
664 2619 745 2653 mihi
759 2619 850 2653 subit
865 2619 1041 2663 admirari,
1075 2619 1241 2664 quomodo
1268 2620 1394 2652 tantam
1409 2616 1510 2651 maris
1523 2615 1681 2651 substan-

227 2659 310 2694 tiam
321 2661 459 2696 barbari
475 2663 627 2698 videntes
641 2665 710 2699 late
724 2668 928 2710 protensam,
951 2665 1049 2709 quasi
1066 2665 1263 2699 viderentur
1280 2665 1354 2708 ipsa
1370 2662 1476 2697 artari
1490 2660 1679 2704 latitudine,

228 2717 270 2743 eo
285 2717 323 2741 se
337 2718 451 2744 omnes
467 2714 548 2753 apte
564 2710 807 2753 concluserint,
839 2710 897 2744 ubi
916 2710 1019 2755 (445)
1042 2710 1174 2744 domum
1194 2710 1343 2743 habebat
1356 2708 1554 2754 imperatrix
1567 2706 1680 2750 virgo.

227 2750 296 2786 illic
310 2753 396 2787 enim
410 2753 506 2788 velut
519 2755 554 2788 in
568 2766 695 2800 sagena
707 2756 848 2802 piscium
862 2767 962 2790 cavas
977 2756 1067 2790 inter
1082 2767 1120 2791 se
1133 2756 1266 2790 iunctas
1286 2755 1513 2789 extenderunt
1528 2751 1678 2797 cymbas.

227 2800 299 2832 tum
324 2810 404 2834 vero
420 2810 531 2836 omnes
544 2801 687 2837 invicem
701 2802 932 2848 conspirantes
946 2801 981 2836 in
996 2813 1095 2837 unum
1110 2800 1264 2847 aggressi
1278 2803 1358 2836 sunt
1371 2803 1505 2835 nostras
1519 2809 1594 2834 cum
1608 2797 1681 2832 ola-
