1838 3210
524 165 858 210 DESCRIPTIO
892 165 936 211 S.
971 165 1222 213 SOPHIAE.
1532 169 1595 215 63

150 282 276 314 crates
296 278 323 317 2
354 277 430 318 16-
458 272 557 316 κατὰ
582 273 626 316 δὲ
644 272 710 316 τὸν
728 274 869 328 καιρον
886 279 1029 319 τοῦτον
1047 275 1158 319 καὶ’”
1133 294 1155 320 o
1175 275 1361 331 βασιλεῦς
1380 293 1454 330 την
1475 276 1598 332 μεγά-

147 336 223 383 λην
241 331 451 384 ἐκκλησίαν
469 332 618 372 ἔκτισεν
629 362 640 381 ,
669 329 758 386 ἥτις
773 335 912 385 Σοφία
929 332 1002 387 μὲν
1019 332 1368 388 προσαγορεύεται,
1399 338 1599 405 συνῆπται

149 386 193 428 δὲ
217 391 269 444 τῇ
280 385 493 454 ἐπωνύμῳ
517 384 696 454 Εἰρήνῃ,
729 387 784 442 ἢν
807 389 833 430 o‘
856 406 985 442 πατηρ
1007 394 1081 433 τοῦ
1099 391 1290 444 βασιλέως
1306 407 1452 444 μικραν
1470 386 1599 432 ουσαν

148 460 192 485 το
211 441 402 497 πρότερον
423 445 478 493 εἰς
496 442 638 494 κᾶλλος
655 443 723 486 καὶ
739 444 909 499 μέγεθος
929 445 1100 499 ηὔξησε,
1133 447 1202 489 καὶ
1228 450 1304 489 νῦν
1329 448 1430 489 εἰσὶν
1452 448 1509 495 εἷς
1529 448 1600 489 ἕνα

146 502 362 552 περίβολον
377 517 510 571 αμφω
528 498 745 554 ὅρωμεναι,
774 505 870 554 μιᾶς
888 519 961 555 την
980 503 1211 557 ἐπωνυμίαν
1233 504 1404 571 ἔχουσαι.
1458 503 1600 543 Theo-

146 555 322 609 phanes.
363 552 418 610 ἦν
436 555 502 628 ‘¹63
519 556 549 610 ἦ
573 558 871 628 ἐγκαινισθεῖσα
899 559 1086 613 ἐκκλησία
1110 557 1389 628 σφαιροειδής,
1425 561 1470 610 ἳξ
1499 561 1600 602 ἔτεσι

147 618 377 662 κτισθεῖσα,
419 611 502 655 vno*
539 612 612 667 μὲν
647 616 954 657 Κωνστανιίνου
989 619 1065 658 τοῦ
1093 614 1265 671 μεγαλου
1293 620 1598 671 θεμελιωθεῖσα,

146 667 228 709 ’ὑπό
258 668 301 709 δὲ
330 671 611 711 Κωνσταντίου
637 674 893 722 πληρωθεῖσα
920 672 987 714 καὶ
1015 673 1321 727 ἐγκαινισθεῖσα.
1378 675 1531 713 Socrati
1560 681 1599 712 et

145 725 385 778 Theophani
418 729 667 766 consentiunt
689 727 976 780 Philostorgius
1003 733 1028 771 8
1058 733 1105 779 8,
1135 738 1271 769 auctor
1290 732 1395 769 vitae
1420 731 1463 768 S.
1482 731 1599 769 Pauli

145 790 246 834 patr.
279 784 389 834 Cpol.
424 782 530 834 apud
558 782 765 833 Photium,
803 787 977 823 Zonaras
1004 787 1047 823 in
1074 788 1311 836 Iustiniano,
1350 785 1598 838 Nicepliorus

146 839 245 876 Call.
277 841 301 878 9
332 840 380 887 9,
421 846 461 877 et
495 840 647 891 aliquot
679 841 769 889 alii,
816 843 884 893 qui
912 854 1101 892 magnam
1130 845 1337 882 ecclesiam
1367 845 1597 883 Constantio

145 894 385 933 adscribunt.
451 896 627 933 confecta
663 895 761 934 aede
795 897 1046 936 Constantius
1081 912 1226 950 magno
1264 907 1454 951 apparatu
1486 901 1596 938 illius

146 953 334 989 encaenia
361 952 594 1001 celebravit,
630 952 814 991 Eudoxio
843 967 972 993 sacras
999 968 1135 1006 preces
1166 956 1352 1003 faciente,
1390 958 1595 1007 trigesimo

144 1015 282 1060 quarto
309 1014 398 1059 post
426 1021 528 1046 anuo
557 1021 677 1061 quam
698 1009 955 1048 fundamenta
974 1012 1127 1050 iecisset
1140 1041 1151 1060 ‚
1184 1013 1234 1054 15
1255 1013 1370 1050 Febr.
1392 1015 1483 1050 anni
1501 1012 1594 1051 Chr.

144 1068 245 1112 360,
277 1065 504 1102 Constantio
519 1066 605 1116 ipso
627 1079 658 1103 x
681 1073 719 1104 et
737 1068 890 1105 Iuliano
911 1069 1077 1106 Caesare
1098 1081 1147 1106 111
1170 1082 1268 1106 coss.
1288 1068 1438 1106 Idatius
1457 1071 1497 1106 in
1515 1071 1593 1106 Fa—

143 1122 233 1158 stis:
263 1120 326 1158 Izi-s
357 1135 454 1158 coss.
484 1122 708 1159 dedicatum
728 1130 784 1160 est
808 1124 923 1174 Οροίἰ
940 1124 1181 1162 dominicum
1198 1126 1262 1163 die
1287 1126 1335 1167 15
1356 1125 1437 1162 kal.
1462 1127 1590 1163 Mart.

144 1176 343 1214 Cedrenus
374 1190 476 1215 auno
502 1181 556 1219 22
584 1179 829 1217 Constantii:
874 1175 990 1229 οὗτος
1021 1179 1047 1222 o‘
1073 1177 1273 1230 Ευὸόξιος
1302 1181 1520 1222 ἐνεκαίνισε
1550 1181 1596 1224 τό

145 1230 330 1301 δεύτερον
359 1231 424 1274 τὸν
453 1231 555 1274 ναόν
582 1238 652 1287 τῆς
676 1234 804 1284 Ἀγίας
829 1238 1006 1287 Σοφίας,
1039 1235 1107 1277 διὰ
1137 1253 1180 1278 το
1201 1235 1306 1306 μετὰ
1333 1235 1404 1278 τᾶν
1436 1241 1594 1304 πρῶτοι

143 1285 394 1342 ἀπαρτισμὸν
427 1283 554 1331 αὐτοῦ
589 1291 657 1332 καὶ
688 1289 754 1332 τὸν
781 1291 1031 1345 ἐγκαινισμὸν
1055 1291 1128 1334 τᾶν
1154 1289 1212 1333 δι’
1241 1290 1444 1346 Ευσεβίου
1472 1290 1594 1335 παλιν

142 1351 276 1386 πεσεῖν
313 1345 381 1387 καὶ
422 1341 546 1394 αὖθις
582 1348 903 1399 οἰκοδομηθῆναι
936 1347 1003 1390 διιὶ
1033 1352 1107 1390 τοῦ
1137 1345 1265 1390 αὐτου
1298 1352 1593 1392 Κωνσταντίου.

141 1403 307 1439 istorum
335 1405 611 1440 encaeniorum
637 1406 854 1442 meminere
883 1413 1086 1457 praeterea
1121 1413 1256 1444 auctor
1275 1408 1378 1444 vitae
1402 1407 1445 1445 S.
1464 1406 1594 1445 Atha-

140 1460 243 1495 nasii
262 1457 367 1509 apud
386 1457 593 1507 photium,
623 1460 805 1498 Socrates
825 1464 851 1502 2
879 1463 956 1509 42,
986 1462 1229 1500 Sozomenus
1246 1461 1273 1503 4
1301 1463 1378 1510 25,
1409 1470 1448 1500 et
1467 1463 1594 1502 Chro-

141 1516 258 1552 nicou
285 1514 603 1552 Alexandrinum
631 1515 706 1554 hoc
735 1528 863 1554 anno:
894 1530 947 1554 ex
967 1518 1110 1569 quibus
1131 1519 1331 1569 colligitur
1350 1521 1452 1557 iacta
1473 1521 1595 1559 fuisse

139 1573 267 1622 prima
286 1584 454 1622 magnae
476 1572 662 1609 ecclesiae
684 1571 944 1611 fundamenta
963 1586 1067 1612 anno
1091 1571 1237 1613 christi
1256 1577 1358 1624 326,
1390 1588 1468 1628 quo
1489 1578 1595 1614 Con-

140 1628 307 1665 stantius
328 1628 435 1666 solus
456 1629 651 1679 imperare
673 1631 816 1680 coepit.

251 1685 290 1724 3.
348 1682 517 1722 Arcadio
537 1691 669 1722 autem
686 1683 940 1736 postmodum
957 1686 1191 1738 imperante,
1221 1700 1311 1725 cum
1331 1695 1469 1726 exorta
1490 1696 1594 1727 esset

140 1738 280 1778 seditio
311 1742 353 1777 in
386 1742 534 1778 maiore
565 1742 731 1778 ecclesia
771 1740 820 1779 de
858 1742 1097 1793 expellendo
1125 1746 1272 1781 Ioanne
1298 1742 1591 1796 chrysostomo,

139 1797 282 1833 iniecto
316 1797 364 1833 ab
394 1798 443 1833 ils
474 1798 543 1847 qui
569 1804 700 1847 partes
729 1798 837 1835 illius
876 1800 1210 1850 amplexabantur
1236 1802 1329 1850 igne
1358 1803 1491 1838 statim
1522 1803 1594 1839 illa

140 1852 392 1902 conflagravit
421 1864 456 1889 a.
483 1850 576 1889 Chr.
603 1852 698 1893 404.
755 1854 1008 1891 Marcellinus
1030 1855 1194 1892 Comes.
1223 1856 1427 1893 ecclesiam
1456 1858 1591 1908 Cpoli—

139 1915 276 1946 tanam
266 1881 466 1958 t:flamma
485 1909 609 1959 ignis,
639 1922 741 1960 quae
769 1909 818 1947 de
846 1910 901 1946 B.
928 1910 1093 1948 Ioannis
1119 1911 1256 1948 tlzrono
1278 1913 1479 1963 quondam
1506 1915 1591 1964 epi-

138 1966 248 2014 scopi
275 1971 372 2001 nata
389 1964 497 2015 ficit,
525 1963 654 2002 subito
682 1966 963 2017 conflagravit,
994 1967 1243 2018 vicinamque
1271 1968 1454 2006 ecclesiae
1481 1969 1590 2007 urbis

127 2020 283 2072 faciem
300 2034 474 2087 serpens
473 2020 732 2058 nihilominus
747 2023 903 2059 exussit.
964 2022 1144 2061 Socrates
1167 2027 1191 2065 6
1223 2025 1297 2065 16·
1327 2023 1431 2072 τινὲς
1449 2023 1492 2065 δὲ
1507 2028 1591 2066 τῶν

135 2074 367 2117 Ἰωαννιτῶν
386 2071 474 2116 κατ’
496 2074 623 2127 αὐτήν
643 2075 716 2129 τήν
743 2077 894 2130 ημὲραν
917 2075 990 2129 τὴν
1015 2079 1226 2130 ἐκκλησίαν
1250 2079 1490 2132 ἐνέπρησαν,
1519 2083 1590 2120 ubi

138 2132 250 2171 addit
268 2132 496 2170 incendium
518 2133 624 2171 istud
643 2132 832 2173 accidisse
853 2137 906 2176 20
928 2136 1054 2184 Iunii,
1085 2137 1259 2174 Honorio
1278 2150 1321 2174 VI
1347 2144 1385 2175 et
1411 2140 1591 2176 Aristae-

136 2197 229 2227 neto
259 2202 356 2227 coss.
384 2187 652 2241 Theophanes
681 2203 774 2229 vero
794 2204 999 2243 perperam
1022 2192 1250 2230 incendium
1272 2207 1440 2244 magnae
1461 2195 1590 2233 eccle-

136 2247 218 2284 siae
235 2246 278 2282 in
297 2259 447 2283 annum
463 2245 742 2285 duodecimum
758 2246 917 2285 Arcadii
936 2249 1114 2297 coniicit,
1147 2263 1236 2287 cum
1255 2250 1375 2287 fuerIt
1397 2249 1588 2290 decimus.

135 2309 178 2339 at
219 2314 318 2354 quos
355 2303 554 2341 Ioannitas
580 2310 721 2341 vocant
748 2304 927 2342 Socrates
953 2310 992 2342 et
1021 2304 1130 2343 idem
1162 2304 1430 2358 Theophanes
1465 2321 1500 2345 a.
1536 2309 1590 2349 12

136 2356 357 2396 Theodosii
375 2360 564 2408 Iunioris,
594 2360 663 2411 qui
680 2361 814 2411 ignem
833 2362 873 2398 in
897 2359 1070 2398 aedem
1057 2363 1280 2410 immisere,
1313 2363 1592 2414 Xylocercetas

137 2416 311 2466 appellat
331 2413 552 2454 chronicon
571 2415 910 2465 Alexandrinum,
940 2415 1158 2487 horamque
1178 2420 1293 2457 istius
1315 2419 1439 2458 cladis
1463 2433 1591 2458 anno—

135 2476 218 2508 tat:
256 2470 323 2511 ἐπὶ
345 2467 496 2512 τούτων
522 2475 604 2512 τῶν
633 2488 799 2513 υπατων
830 2470 1008 2526 ἐξεώσθη
1034 2470 1224 2544 Ἰωάννης
1250 2475 1469 2546 ἐπίσκοπος
1495 2479 1589 2527 ΚΠ,

135 2525 204 2565 καὶ
234 2527 425 2597 αἰφνιδίῳ
435 2524 560 2595 „32⁰²”
578 2523 606 2581 ἦ
635 2526 783 2582 μεγάλη
812 2529 997 2581 ἐκκλησία
1027 2528 1104 2571 συν
1132 2535 1187 2586 τῷ
1213 2545 1363 2572 σενατω
1391 2529 1470 2574 vimi
1497 2549 1590 2584 κρα-

134 2576 313 2622 τοῦντων
350 2582 474 2634 αὐτῆς
505 2586 585 2624 τῶν
621 2585 842 2638 λεγομένων
879 2589 1205 2638 Ξυλοκερκητῶν,
1255 2586 1384 2644 ημέρα
1425 2589 1589 2644 δευτέρα

137 2652 223 2692 ωρα
244 2635 287 2684 ς’.
345 2646 454 2677 erant
478 2647 611 2678 autem
633 2643 939 2694 Xylocercetae,
968 2650 1014 2680 ut
1034 2641 1111 2682 hoc
1132 2644 1259 2682 obiter
1277 2658 1484 2694 moneam,
1517 2647 1586 2682 Io-

135 2694 248 2731 annis
280 2701 509 2744 sectatores,
539 2698 686 2750 quique
708 2698 884 2750 partibus
908 2699 1015 2737 illius
1039 2700 1258 2738 favebant
1246 2703 1465 2752 impensius
1486 2713 1584 2737 con-

134 2756 194 2787 tra
214 2748 404 2801 quosdam
425 2754 648 2804 episcopos,
679 2757 748 2806 qui
775 2762 907 2792 coacta
931 2755 1084 2807 synodo
1110 2759 1379 2808 episcopatum
1405 2757 1583 2807 Cpolita-

132 2818 230 2843 num
253 2807 289 2844 ei
310 2807 603 2858 abrogaverant.
661 2809 732 2850 sed
749 2824 840 2850 cum
859 2812 1024 2852 ecclesia
1044 2826 1117 2852 sua
1139 2812 1303 2866 depulso
1321 2815 1468 2851 Ioanne
1486 2824 1582 2850 con-
