1890 3224
477 167 549 210 AD
583 165 956 215 NICEPHORUM
989 167 1192 212 NOTAE.
1473 168 1566 213 115

107 273 246 313 nicam*
258 273 396 312 fuisse.
453 272 608 316 accedit,
622 281 663 313 et
683 272 910 317 Chronicon
929 275 1081 326 ipsum,
1116 276 1160 313 in
1178 287 1257 328 quo
1275 275 1449 324 Heraclii
1467 274 1568 313 haec

109 331 277 382 epistola
311 332 472 382 legitur.
529 345 654 378 anno,
682 333 832 384 inquit,
873 332 925 374 18
952 332 1118 382 imperils
1133 332 1338 378 Heraclii,
1370 339 1467 383 post
1485 334 1569 369 eius·

109 401 189 424 cos.
216 388 289 433 17,
319 395 356 424 et
376 389 427 428 16
447 389 546 438 imp.
569 388 758 426 Heraclii
773 390 859 426 iun.
887 389 1138 426 Constantini
1138 389 1230 437 fila
1245 390 1344 436 eius,
1371 389 1423 430 15
1439 390 1568 435 Maii,

107 443 204 482 Ind.
222 445 265 489 1,
282 443 397 494 ιῘὶενία
412 445 454 489 1,
487 446 575 495 ipsa
587 453 832 495 pentecostes
842 445 922 490 die,
951 444 1074 483 lectae
1090 453 1186 484 eunt
1203 446 1341 483 literae
1359 460 1405 484 ex
1422 460 1571 497 sugge-

104 507 171 537 stu
194 501 238 537 in
259 501 512 538 sanctissima
540 502 606 540 dei
631 516 784 553 magna
809 501 972 548 eeclesia
992 503 1136 540 missae
1159 516 1206 540 ex
1229 502 1386 540 Oriente
1407 501 1459 539 ab
1478 504 1569 540 He-

106 556 246 593 raclio.
308 555 407 594 haec
439 559 574 595 omnia
602 559 704 596 nulli
733 559 846 597 alteri
874 570 994 610 quam
1021 560 1103 601 628
1122 557 1270 598 Christi
1286 572 1390 606 anno
1411 572 1572 597 accom-

103 611 259 650 modari
292 621 474 665 possunt.
532 616 644 667 cyclo
673 616 769 657 50115
799 629 854 653 ex
878 613 1069 653 methodo
1093 617 1264 657 Maximi
1294 617 1367 665 16,
1409 623 1571 667 epactae

104 670 199 707 solis
220 667 269 716 5,
309 683 356 722 cy
359 672 418 708 clo
438 671 559 709 lunae
579 674 628 720 2,
666 673 860 711 terminus
876 670 1077 723 paschalis
1099 672 1155 714 25
1174 666 1321 710 Martii.
1378 673 1570 723 regularis

102 724 222 763 huius
243 724 307 763 die
331 728 354 767 1
375 740 466 765 cum
486 729 806 770 concurrentibus
829 729 856 771 5
877 727 946 766 dat
964 728 1108 766 feriam
1134 730 1174 769 6.
1232 727 1339 773 unde
1361 730 1494 767 Martii
1514 731 1572 770 27

102 780 270 833 paseha,
308 783 369 820 lit.
397 782 506 822 dom.
528 787 586 833 B,
628 786 739 837 cyclo
763 785 858 824 solis
881 786 1062 823 Romano
1081 786 1170 851 21,
1198 783 1379 836 adeoque
1404 786 1454 825 15
1473 786 1572 823 Maii

106 845 347 890 pentecoste.
404 840 520 889 ideo,
565 847 610 878 ut
636 843 751 879 initio
779 840 887 890 dixi,
927 840 1006 879 duo
1036 842 1130 879 811111
1157 842 1202 879 111
1220 855 1345 880 unum
1361 854 1572 892 perperam

106 897 310 933 contracti.
377 896 484 948 apud
503 895 801 965 Theophanem
820 898 892 936 sub
912 897 1055 936 eodem
1073 910 1110 935 a.
1131 899 1185 939 17
1201 899 1258 936 ita
1279 899 1469 949 scriptum
1489 904 1570 936 est:

103 953 156 1006 τῇ
181 949 225 991 δὲ
253 948 296 991 θ’
323 955 397 992 τοῦ
416 950 661 1006 Ὀκτωβρίου
680 952 827 1007 μηνός,
859 954 894 995 ιε’
912 955 990 1001 tva,
1017 953 1233 1006 κατέλαβεν
1260 955 1317 1002 εἰς
1338 970 1413 1005 την
1435 951 1570 1006 χώραν

107 1003 334 1058 Χαμαηθᾶ,
353 1008 421 1049 καὶ
437 1010 679 1050 διανέπαυσε
692 1009 763 1053 τόν
783 1008 882 1052 λαόν
901 1007 1106 1062 ἑβδομαδα
1123 1010 1234 1062 μίαν.
1291 1010 1433 1050 eadem
1447 1010 1571 1048 habet

105 1070 145 1101 et
165 1062 382 1102 Cedrenus.
441 1065 584 1117 quibus
614 1067 745 1104 verbis
770 1080 898 1106 novus
925 1068 1102 1104 Heraclii
1126 1079 1276 1115 annus,
1317 1066 1395 1105 hoc
1422 1075 1481 1105 est
1502 1069 1568 1114 18,

104 1133 196 1157 cum
212 1119 356 1157 Indict.
378 1121 402 1160 1
420 1122 586 1172 praefigi
607 1121 764 1160 debuit:
784 1125 881 1175 quis
895 1125 1004 1161 enim
1020 1137 1102 1161 non
1121 1123 1232 1162 videt
1248 1130 1340 1162 ante
1360 1124 1570 1168 Octobrem

105 1188 130 1213 a
150 1175 203 1217 15
229 1175 282 1212 ad
305 1178 328 1215 l
350 1176 616 1214 Indictionem
637 1180 849 1215 transitmn
869 1190 955 1216 esse
975 1175 1156 1215 faetum2

217 1244 260 1282 p-
280 1233 336 1272 22
358 1245 397 1269 V·
419 1235 488 1274 20.
519 1229 668 1286 γράφει
685 1248 726 1274 τε
748 1231 846 1285 πρὸς
870 1229 1004 1284 αὐτόν]
1028 1240 1160 1272 exstat
1175 1234 1218 1271 in
1238 1219 1357 1271 Alex.
1374 1231 1570 1279 Chronico

104 1289 373 1338 fracmentum
395 1290 585 1339 epistolae
607 1290 732 1328 Sirois
764 1289 816 1327 ad
834 1291 1062 1328 Heraclium
1087 1303 1178 1328 oum
1202 1283 1278 1328 hae
1297 1292 1567 1342 inscriptione,

104 1345 283 1383 Acabata
302 1344 499 1383 Sadasace
516 1347 697 1384 Heraclio
719 1347 1026 1385 clementissimo
1048 1353 1123 1385 etc.

216 1414 258 1452 p.
274 1403 329 1442 23
361 1415 399 1439 v.
423 1400 487 1442 14.
517 1406 657 1455 κρατεῖ
685 1400 729 1443 δὲ
755 1406 828 1455 τῆς
855 1404 1058 1455 βασιλείας
1086 1401 1286 1454 Περσῶν]
1317 1402 1468 1441 Caboes
1489 1403 1566 1441 iste

102 1469 304 1510 nusquam
327 1459 371 1495 111
391 1460 603 1497 Persarum
632 1471 773 1510 regum
798 1473 964 1500 numero
981 1466 1176 1498 censetur.
1222 1461 1416 1511 ⁴suspicor
1437 1473 1567 1496 errore

102 1512 316 1566 Nicephori
352 1515 505 1552 factum
536 1523 580 1553 ut
610 1515 791 1553 eiusdem
820 1518 987 1555 nomina
1012 1515 1093 1561 duo
1121 1529 1193 1567 pro
1220 1514 1385 1552 diversis
1407 1516 1568 1566 regibus

102 1569 367 1608 haberentur:
400 1571 534 1609 Siroes
557 1573 664 1609 enim
683 1572 871 1610 Acabada
895 1571 1037 1620 dictus,
1066 1570 1175 1623 quod
1196 1571 1319 1609 Caboi
1335 1573 1466 1609 simile
1491 1579 1567 1609 est.

103 1628 183 1665 nisi
200 1627 304 1664 forte
322 1625 477 1665 Adeser
496 1628 620 1666 Sirois
642 1628 748 1667 filius
769 1629 847 1667 alio
866 1630 1027 1667 nomine
1052 1628 1203 1666 Caboes
1225 1628 1276 1665 sit
1301 1635 1567 1679 nuncupatus.

104 1696 151 1721 ac
181 1695 322 1733 regum
342 1683 508 1734 quidem
528 1685 695 1722 istorum
713 1687 909 1723 successio
929 1698 954 1723 a
973 1683 1224 1763 Theophane
1242 1685 1300 1721 ita
1321 1684 1568 1722 describitur.

217 1739 372 1787 Siroes,
402 1739 554 1778 Adeser
574 1753 724 1778 menses
743 1744 787 1782 7.

216 1795 466 1845 Sarbarazas,
495 1810 612 1848 quem
628 1796 836 1836 Barazam
855 1802 971 1834 vocat
989 1795 1435 1847 Cedrenus,15nterficto
1447 1795 1563 1835 Ade-
1587 1793 1616 1828 P
1640 1795 1683 1829 71

104 1864 183 1902 ser„
211 1864 362 1889 menses
377 1853 417 1891 2.

215 1909 384 1956 Borane,
424 1908 596 1948 cedreno
614 1909 772 1947 Buram
800 1907 1106 1956 Chowoisfilia,
1135 1921 1286 1946 menses
1302 1911 1343 1947 7.

216 1964 432 2013 Ormisdas‚
468 1979 595 2002 annos
620 1966 688 2004 11.

103 2020 184 2058 ab
173 2021 223 2058 iis
247 2019 495 2072 Nicephorus
518 2027 654 2058 noster
680 2020 801 2070 longe
837 2016 1016 2058 diversus
1043 2017 1161 2067 abiit,
1211 2017 1281 2069 qui
1305 2025 1395 2069 post
1421 2017 1563 2057 Siroen

103 2077 263 2115 Caboen
297 2084 495 2125 recenset,
537 2075 632 2114 hinc
653 2074 900 2124 Ormisdam,
943 2081 1143 2127 postremo
1173 2074 1399 2115 Sarbarum.
1466 2088 1562 2113 sane

104 2135 328 2172 communis
348 2132 449 2171 haec
468 2134 600 2184 opinio
621 2140 680 2171 est
693 2162 705 2181 ,
743 2130 969 2171 Ormisdam
989 2132 1175 2169 ultimum
1199 2132 1378 2169 omnium
1399 2132 1442 2168 in
1461 2133 1564 2169 Per-

103 2188 190 2228 side
214 2202 415 2240 regnasse.
453 2192 518 2228 cui
538 2190 767 2241 Sigebertus
787 2202 938 2227 annum
955 2201 1081 2227 unum
1099 2186 1295 2225 duntaxat
1315 2189 1506 2233 attribuit.

215 2259 258 2298 p.
278 2245 335 2287 24
356 2259 397 2297 p.
417 2246 459 2286 3.
517 2243 730 2298 Σάρβαρος
760 2243 805 2286 δὲ
836 2241 1036 2296 α’κούσας]
1069 2242 1136 2282 hic
1164 2244 1252 2281 finis
1286 2246 1437 2282 Persici
1462 2244 1561 2281 helli

102 2303 192 2340 fuit.
255 2303 298 2339 in
322 2314 401 2354 quo
420 2304 634 2353 mysticum
662 2301 765 2341 fflud
794 2302 983 2341 accidisse
1003 2307 1166 2339 narrant
1186 2299 1457 2352 Theophanes
1479 2303 1564 2338 Zo-

102 2372 222 2402 naras
245 2366 284 2397 et
302 2359 384 2408 alii,
415 2357 524 2410 quod
542 2360 602 2396 uti
619 2360 645 2399 6
663 2357 804 2396 diebus
818 2359 993 2398 mundus
1012 2371 1038 2396 a
1062 2356 1135 2396 deo
1157 2357 1369 2395 fabricatus
1391 2364 1450 2395 est
1470 2370 1515 2394 ac
1532 2357 1562 2397 7

103 2417 266 2468 quievit,
289 2417 345 2453 ita
367 2428 458 2454 cum
481 2417 508 2455 6
528 2421 630 2454 totos
651 2427 776 2454 annos
794 2417 1000 2455 Heraclius
1023 2427 1115 2453 cum
1136 2411 1310 2452 Chosroe
1331 2419 1566 2465 pugnasset,

101 2475 129 2513 7
153 2471 317 2511 tandem
345 2479 528 2525 optatum
557 2473 595 2510 ei
621 2472 728 2510 bello
761 2471 881 2513 finem
909 2473 1113 2524 imposuit.
1171 2470 1451 2509 Constantinus
1470 2471 1562 2508 Ma.

102 2541 240 2567 nasses

269 2585 315 2627 ἐν
343 2583 540 2654 ἑξαμέτρῳ
569 2586 782 2638 τοιγαροῦν
812 2581 931 2636 ἦλίου
960 2579 1204 2636 περιδρόμῳ,

270 2639 346 2694 τὴν
365 2639 570 2711 Περσικὴν
596 2641 666 2682 καὶ
684 2638 881 2710 Μηδικην
901 2637 1128 2693 Ἡράκλειος
1150 2637 1353 2692 ἐκτρίψας,

273 2698 511 2746 Καλλίνικος
527 2695 732 2747 ανέζευξεν
749 2696 816 2738 ἐπὶ
835 2693 909 2750 τὴν
928 2695 1161 2744 Βυζαντίδα.

105 2761 362 2792 numerantur
382 2768 475 2793 vero
498 2757 594 2793 anni
612 2756 674 2793 illi
697 2755 724 2795 6
748 2754 796 2792 ab
824 2755 946 2794 8.12
969 2752 1166 2799 Heraclii,
1199 2748 1345 2791 Christi
1364 2751 1447 2793 622
1467 2753 1556 2800 post

105 2809 284 2868 pascha,
304 2824 429 2865 usque
454 2809 506 2850 ad
527 2824 563 2850 a.
586 2813 680 2862 18,
687 2809 836 2851 Christi
855 2811 937 2853 628
954 2810 1170 2848 ineuntem.
