1890 3224
723 172 1048 217 PRAEFATIO.
1543 186 1628 217 xm

164 289 215 327 rit
234 287 429 326 sollicitus
457 287 515 333 (v.
542 285 642 336 278)
656 313 667 334 ‚
707 282 970 324 nihilominus
994 282 1098 323 illud
1122 283 1241 336 plane
1265 283 1458 323 ultimum·
1488 283 1630 324 fuisset
1652 303 1688 339 p.
1704 291 1793 328 xm

163 356 272 394 urbis
290 354 481 404 exitium,
521 354 601 391 nisi
623 365 812 404 praesens
838 352 888 392 de
920 353 1031 392 caelo
1061 351 1288 390 advenisset
1314 351 1560 404 praesidium
1590 360 1630 392 et

162 424 384 461 munimen.
441 433 558 473 porro
569 449 582 470 ‚
619 421 655 458 si
679 419 779 460 fides
793 420 982 459 habenda
1000 427 1061 459 est
1079 421 1229 458 auctori
1248 418 1435 459 chronici
1451 420 1630 460 Pascha-

162 493 232 541 lis,
271 492 359 543 ipse
377 490 556 529 Abarum
583 485 669 526 dux
686 486 898 539 chaganus
913 490 1076 529 nonnisi
1094 490 1254 526 territus
1275 487 1427 527 destitit
1447 490 1497 527 ab
1518 490 1629 529 urbis

163 559 485 611 expugnatione,
525 554 635 610 quod
659 555 865 608 deiparam
890 555 1058 596 vidisset
1081 569 1154 609 pro
1181 556 1403 609 Cpolitanis
1431 556 1631 596 dimican-

162 634 259 666 tem.
315 625 386 668 καὶ
411 627 530 667 τοῦτο
559 624 664 679 ἔλεγε
690 627 746 681 τῷ
768 627 895 680 καιρῷ
921 627 997 666 τοῦ
1027 623 1228 677 πολέμου,
1285 620 1346 666 ὅτι
1379 622 1455 680 ἐγώ
1486 629 1634 681 θεωρῶ

160 699 334 750 γυναῖκα
353 694 686 747 σεμνοφοροῦσαν
707 692 765 740 εἷς
783 690 828 734 τὰ
854 696 979 745 τεῖχος
997 688 1126 745 μόνην
1144 686 1285 734 οὖσαν.

274 767 316 806 3.
370 757 621 803 Ἀκάθιστον
639 757 793 814 ῧμνον,
822 759 1017 812 hymnum
1034 760 1295 807 acathistum,
1325 760 1396 814 qui
1426 761 1477 799 ob
1500 761 1630 799 vieto-

162 832 264 869 riam
285 828 335 868 de
355 829 552 868 Abaribus
571 830 615 866 in
635 841 774 866 recens
788 834 1009 866 memorato
1033 827 1140 865 bello
1161 827 1330 865 relatam
1347 829 1516 880 scriptus
1535 829 1627 878 fuit,

161 911 304 947 nemo,
334 895 444 949 quod
464 897 613 946 fateor,
642 897 747 934 inter
767 908 888 947 opera
907 893 1067 933 Pisidae
1087 896 1300 933 recensuit.
1357 909 1432 933 nos
1457 908 1537 948 qua
1562 910 1629 934 ra·-

162 968 271 1004 tione
300 963 409 1002 ducti
435 965 502 1003 vel
524 965 668 1017 quibus
692 963 935 1015 argumentis
946 947 1044 1001 'freti
1065 961 1109 1000 id
1129 962 1359 1000 faciendum
1380 962 1628 1014 duxerimus,

163 1048 236 1073 suo
257 1035 346 1072 loco
366 1035 639 1084 exposuimus.
698 1034 733 1071 si
763 1033 827 1070 cui
853 1038 989 1069 tamen
1015 1031 1136 1069 nimis
1155 1030 1335 1068 infirmae
1356 1045 1402 1070 ac
1417 1031 1528 1070 leves
1551 1046 1630 1070 no-

163 1111 266 1142 strae
285 1103 533 1141 coniecturae
552 1099 805 1150 videbuntur,
834 1101 870 1138 is
887 1100 1008 1151 plane
1030 1099 1155 1136 cuivis
1174 1099 1308 1150 potius
1329 1112 1452 1153 quam
1466 1099 1628 1138 Pisidae

162 1170 271 1209 hunc
300 1169 499 1222 hymnum
530 1170 730 1210 attribuat.
787 1181 929 1207 verum
953 1168 1158 1219 scripsisse
1184 1165 1387 1218 Pisidam,
1428 1175 1473 1206 ut
1500 1175 1631 1206 cetera

163 1240 345 1278 omittam
358 1268 368 1288 ,
407 1236 504 1275 inde
524 1239 646 1275 etiam
663 1237 750 1274 fieri
768 1238 896 1288 possit
910 1237 1157 1288 probabilius
1170 1266 1180 1285 ,
1212 1234 1322 1289 quod
1339 1237 1427 1288 ipse
1444 1237 1488 1273 in
1509 1250 1632 1288 supe-

163 1308 259 1346 riori
282 1310 468 1359 poemate
493 1311 586 1357 post
615 1303 922 1356 descriptionem
945 1305 1043 1342 beni
1057 1305 1218 1342 Abarici
1238 1304 1437 1356 populum
1453 1305 1633 1356 Cpolita-

163 1388 262 1413 num
280 1373 333 1412 ad
353 1372 554 1426 hymnum
576 1371 867 1411 concinendum
886 1371 1068 1410 hortatur
1082 1386 1120 1413 v.
1142 1372 1240 1413 502.

276 1441 316 1483 4.
375 1441 455 1490 Εἰς
482 1437 558 1492 τήν
590 1438 710 1493 ἇγίαν
737 1443 812 1482 τοῦ
831 1443 1012 1495 Χριστοῦ
1038 1441 1113 1481 τοῦ
1136 1442 1243 1480 θεοῦ
1261 1437 1380 1493 ἡμῶν
1398 1434 1633 1489 ἀνάστασιν,

164 1513 208 1549 in
240 1516 424 1549 sanctam
458 1509 553 1547 Iesu
589 1507 738 1545 Christi
771 1508 838 1546 dei
873 1509 999 1547 nostri
1026 1509 1361 1545 resurrectcbnem.
1422 1507 1543 1545 breve
1573 1513 1634 1545 est

162 1579 416 1632 poemation‚
446 1581 630 1613 constans
655 1578 732 1617 129
753 1578 939 1627 senariis,
979 1578 1023 1614 in
1046 1589 1126 1628 quo
1143 1574 1305 1625 Pisida,
1335 1582 1496 1627 sumpta
1514 1587 1634 1613 occa-

164 1649 276 1686 sione
305 1659 328 1683 a
354 1656 503 1695 magno
530 1641 736 1682 Paschatis
765 1644 868 1683 festo
881 1674 893 1694 ,
952 1643 1186 1683 christianis
1225 1645 1449 1696 praeceptis
1487 1642 1634 1681 imbuit

164 1716 293 1753 filium
317 1712 514 1761 Heraclii,
562 1712 747 1749 Flavium
778 1713 1082 1751 Constantinum
1095 1742 1106 1762 ,
1154 1725 1328 1765 eumque
1358 1710 1411 1749 ad
1438 1709 1634 1749 imitanda

162 1783 366 1835 praeclara
383 1786 494 1832 gesta
512 1780 636 1830 patris
655 1779 889 1820 inflammat.
947 1781 1144 1818 scribebat
1161 1779 1263 1818 haec
1285 1783 1406 1831 poeta
1428 1780 1532 1817 circa
1557 1792 1634 1816 an-

164 1863 264 1888 num
282 1850 384 1897 627,
425 1860 504 1900 quo
532 1853 712 1898 tempore
732 1847 941 1884 Heraclius
966 1849 1114 1885 iterum
1138 1848 1183 1884 in
1201 1845 1410 1885 Persidem
1429 1847 1632 1897 profectus

165 1916 385 1956 chosroam
402 1916 563 1967 penitus
584 1914 742 1955 devicit.
800 1913 981 1952 hortatur
998 1917 1110 1952 enim
1125 1915 1255 1952 filium
1283 1928 1323 1953 v.
1347 1916 1450 1962 112,
1479 1920 1525 1951 ut
1544 1913 1633 1952 elo-

166 1985 354 2038 quentiae
364 1982 504 2022 studio
522 1983 748 2032 incumbat,
778 1995 858 2035 qua
873 1984 1052 2021 munitus
1071 1983 1198 2035 possit
1216 1983 1321 2034 patri
1339 1979 1477 2019 reduci
1494 1987 1632 2032 gratu-

165 2053 241 2091 lari
258 2053 423 2103 eiusque
440 2053 650 2101 virtutem,
691 2057 730 2089 et
758 2052 950 2102 pietatem
977 2049 1278 2089 commendare:
1312 2044 1405 2090 ἀλλ’
1433 2044 1633 2102 εὖτρεπίζε

165 2122 240 2162 τοῦ
264 2115 382 2173 λόγου
409 2116 484 2172 τὴν
504 2115 676 2168 ἀσπίδα,
717 2115 828 2168 ὅπως
851 2116 929 2173 πρὸ
955 2115 1122 2160 πάντων
1152 2116 1329 2173 εὑρεθῇς
1351 2111 1634 2169 πρωτοστάτης

166 2184 334 2242 φράζων
366 2186 547 2236 ἐκείνους
573 2189 649 2228 τοῦ
671 2182 822 2241 πατρός
851 2199 925 2229 σου
954 2184 1052 2237 τούς
1077 2183 1235 2236 πόνους
1263 2183 1336 2235 οὓς
1357 2180 1446 2226 ἐντὶ
1465 2179 1636 2226 πάντων

167 2254 315 2297 ἐκτελεῖ
332 2252 436 2297 καθ’
453 2254 621 2310 ἡμέραν.
1374 2270 1377 2272 ·

248 2364 251 2366 .
281 2325 323 2367 5.
378 2319 592 2378 Ἡρακλιᾶς
609 2320 702 2376 ἤτοι
720 2323 780 2372 εἷς
798 2320 875 2377 τήν
895 2323 1048 2365 τελείαν
1076 2326 1233 2365 πταῖσιν
1250 2325 1326 2365 τοῦ
1347 2317 1538 2376 Χοσρόου
1560 2320 1638 2373 βα-

170 2391 320 2442 σιλέως.
375 2391 596 2431 Heraclius
613 2392 696 2429 sive
719 2391 767 2429 de
785 2398 952 2429 extremo
983 2392 1178 2430 Chosroae
1194 2393 1415 2430 Persarum
1441 2390 1548 2441 regis
1570 2401 1638 2426 ex-

169 2461 284 2498 cidis).
347 2459 449 2499 duae
467 2466 561 2498 sunt
575 2461 780 2508 Acroases,
807 2461 851 2496 in
870 2460 1014 2513 quibus
1029 2459 1166 2499 Pisida
1184 2461 1330 2512 raptim
1348 2464 1388 2496 et
1405 2459 1552 2496 cursim
1570 2469 1634 2495 res
1656 2478 1694 2515 Ρ,
1716 2465 1805 2503 xlv

171 2540 309 2567 omnes
336 2529 386 2566 ab
414 2528 601 2567 Heraclio
630 2541 721 2567 cum
752 2525 862 2565 domi
889 2535 978 2566 tum
1004 2528 1112 2567 bello
1140 2535 1273 2580 gestas
1302 2532 1458 2564 enarrat
1472 2555 1484 2575 ‚
1534 2538 1639 2578 quae

173 2608 292 2634 causa
317 2598 457 2649 opinor
482 2598 561 2635 fuit
585 2603 631 2635 ut
650 2596 922 2634 Heracliszdos
948 2597 1111 2635 titulum
1137 2598 1235 2648 ipsis
1263 2596 1509 2646 imponeret:
1540 2605 1637 2630 nam

173 2661 284 2714 quod
310 2662 363 2700 ad
388 2664 572 2703 ultimam
596 2663 754 2702 cladem
771 2663 970 2702 chosroae
988 2665 1055 2703 vel
1073 2663 1127 2702 ad
1142 2661 1363 2702 secundum
1381 2668 1517 2700 contra
1536 2662 1638 2698 Per-

172 2743 237 2768 sas
254 2730 408 2768 bellum
426 2739 578 2783 spectat
589 2761 601 2781 ,
630 2731 675 2770 id
690 2731 855 2785 quidem
872 2734 968 2771 satis
986 2733 1130 2771 leviter
1150 2731 1308 2782 attingit
1319 2759 1331 2779 ‚
1366 2730 1550 2783 quamvis
1570 2727 1639 2765 hic

173 2798 227 2835 sit
240 2799 476 2850 praecipuus
493 2802 718 2852 argumenti
735 2813 880 2853 scopus
899 2807 1019 2854 atque
1038 2800 1136 2838 illuc
1158 2811 1181 2836 a
1199 2799 1394 2851 principio
1412 2807 1640 2837 sermonem
