1838 3210
526 176 861 221 DESCRIPTIO
894 177 937 220 S.
971 177 1219 221 SOPHIAE.
1525 175 1591 222 97

147 302 233 341 ροις
254 285 445 336 οἶκίσκοις
464 285 721 340 διειλημμέναι
737 283 951 339 αρκεῖσθαι
971 285 1135 328 ἕκαστον
1155 284 1334 328 οἰκίσκον
1354 284 1595 340 πεπηγμὲνῳ

145 345 263 398 τιμίω
301 346 454 398 σταυρῷ
491 351 564 381 etc.
634 343 761 380 forma
796 344 976 380 aularum
1014 356 1086 381 seu
1124 344 1334 393 cellarum,
1374 355 1472 396 quas

149 400 306 453 (verbis
336 407 426 438 utor
451 397 601 452 Gyllii)
631 401 788 450 cingere
811 406 1023 453 utrumque
1046 401 1170 447 latus,
1199 400 1289 438 talis
1313 406 1385 438 est.
1443 411 1497 437 ex
1518 399 1594 437 tri-

147 457 222 495 bus
244 457 432 494 lateribus
456 457 569 494 aulae
590 455 803 508 quadratae
821 462 935 504 sunt3
968 469 1022 494 ex
1039 464 1177 508 quarto
1197 457 1320 494 latere
1340 453 1448 509 quod
1461 456 1598 493 intue-

148 520 213 551 tur
233 515 460 551 interiorem
483 512 591 551 aedis
613 519 790 564 partem,
818 512 987 564 figuram
1003 514 1144 564 templi
1162 514 1363 565 sequitur,
1393 510 1501 564 quod
1523 512 1598 550 ob-

147 568 358 608 rotundam
385 570 505 607 efficit
534 570 706 621 pilarum
734 576 773 607 et
800 570 1072 607 columnarum
1101 568 1318 622 dispositio.
1384 569 1599 607 sustinetur

149 626 317 663 arcubus
346 633 385 663 et
415 627 608 664 columnis
635 627 922 664 concameratio
950 626 1150 674 aularum,
1182 638 1350 679 quarum
1377 624 1600 664 describam

150 681 344 720 duntaxat
367 689 467 732 tres,
496 682 639 749 quibus
670 684 835 734 cognitis
867 689 1017 720 ceterae
1047 695 1185 720 omnes
1210 683 1333 720 simili
1357 681 1486 720 forma
1512 693 1599 718 esse

149 746 446 790 cognoscentur.
502 740 692 790 incipiam
709 752 732 776 a
749 739 875 776 tribus
896 739 1163 790 superioribus
1184 739 1269 777 sitis
1287 739 1333 778 iu
1350 734 1474 778 latere
1492 743 1600 774 tem-

147 796 206 847 pli
230 796 547 847 septentrionali,
577 807 744 847 quarum
774 796 904 846 prima
932 802 992 833 est
1010 796 1056 835 in.
1075 796 1220 847 angulo
1243 795 1423 834 intuenti
1437 801 1602 846 septen-

148 853 318 889 trionem
346 858 383 888 et
412 853 617 889 orientem.
675 852 760 889 eius
784 850 862 889 duo
888 851 1012 889 latera
1035 853 1234 890 exteriora
1255 857 1422 906 surgunt
1442 863 1466 887 a
1485 862 1601 887 muro

148 914 190 945 et
208 906 419 946 desinunt'
408 921 450 945 111
470 920 618 945 arcum.
676 908 719 945 in
735 908 904 946 laterum
919 906 1054 946 medio
1068 908 1275 946 columnae
1288 912 1371 945 tres
1387 913 1480 945 sunt
1500 918 1602 959 qua-

149 962 284 1002 dratae
324 965 412 1002 loco
447 966 631 1016 parietis,
670 977 814 1016 nempe
846 964 1109 1003 fenestrarum
1137 961 1389 1016 parastados,
1433 975 1603 1015 quarum

148 1034 290 1071 scapus
331 1019 451 1058 habet
491 1022 749 1072 perimetrum
789 1022 965 1073 quinque
992 1019 1142 1072 pedum
1169 1027 1209 1057 et
1237 1021 1355 1058 unius
1386 1015 1603 1057 dodrantis.

148 1090 267 1128 supra
286 1076 445 1114 easdem
462 1079 638 1115 eminent
654 1077 755 1114 aliae
773 1084 851 1115 tres
870 1075 1106 1129 quadratae.
1135 1075 1212 1114 hae
1228 1088 1367 1114 omnes
1383 1082 1475 1114 sunt
1491 1087 1603 1113 mar-

147 1135 268 1171 morIs
303 1134 398 1171 alibi
430 1135 473 1172 in
504 1134 677 1172 colorem
705 1134 892 1185 glaucum
921 1134 1133 1185 vergentis.
1190 1133 1295 1171 latus
1327 1132 1527 1185 pertinens
1551 1129 1604 1168 ad.

147 1191 375 1227 interiorem
409 1188 518 1228 aedis
550 1197 704 1242 partem
732 1188 853 1228 habet
880 1203 954 1229 sex
981 1190 1184 1230 columnas
1208 1187 1379 1237 virides,
1407 1188 1605 1226 subiectas

149 1248 257 1285 arcui
298 1247 507 1285 sustinenti
545 1254 725 1300 quartam
761 1254 915 1299 partem
953 1245 1144 1299 sphaerae
1172 1246 1396 1292 orientalis,
1435 1257 1606 1296 quarum

148 1304 255 1341 imus
294 1315 434 1354 scapus
469 1304 662 1341 ambitum
690 1301 811 1340 habet
837 1310 990 1354 septem
1015 1301 1168 1355 pedum
1194 1309 1233 1340 et
1260 1307 1347 1341 octo
1376 1274 1606 1351 digitorum.

148 1372 285 1396 earnm
300 1359 621 1406 intercolumnia,
653 1358 813 1411 diastyli
834 1358 1088 1410 dispositione
1110 1357 1316 1406 distincta,
1344 1357 1427 1394 lata
1450 1363 1607 1408 septem

149 1414 272 1467 pedes
305 1422 343 1452 et
369 1413 555 1452 undecim
583 1389 750 1465 digitos,
794 1416 940 1466 pluteis
970 1417 1202 1452 muniuntur
1228 1413 1483 1462 marmoreis,
1513 1413 1606 1450 altis

150 1478 335 1524 quattuor
373 1470 520 1522 pedes,
569 1471 711 1523 quibus
748 1472 1021 1509 incumbentes
1059 1470 1197 1509 vident
1233 1471 1462 1508 interiorem
1494 1467 1606 1507 aedis

148 1534 324 1580 partem,
353 1534 436 1564 tam
461 1528 659 1564 infernam
682 1540 804 1579 quam
825 1540 1051 1579 supernam.
1108 1528 1212 1564 latus
1234 1528 1484 1564 interiectum
1502 1527 1608 1563 inter

148 1586 319 1636 primam
347 1585 478 1621 aulam
512 1590 550 1621 et
581 1583 798 1621 secundam
829 1596 852 1620 a
879 1585 1028 1634 pariete
1057 1584 1243 1620 exteriori
1265 1588 1452 1634 vergente
1470 1580 1522 1619 ad
1540 1595 1608 1620 se-

148 1642 435 1692 ptentrionem,
476 1653 603 1692 usque
631 1639 682 1677 ad
714 1640 838 1691 pilam
865 1652 1056 1690 magnam
1085 1641 1344 1678 sustinentem
1371 1651 1506 1675 arcum
1531 1636 1608 1675 he-

149 1695 400 1748 misphaerii,
444 1697 600 1747 largum
645 1703 703 1734 est
745 1695 1006 1748 quadraginta
1037 1702 1223 1747 quattuor
1251 1694 1394 1746 pedes,
1437 1707 1608 1746 quorum

149 1760 306 1805 partem
338 1751 540 1804 possident
570 1753 694 1803 pilae,
724 1759 879 1803 partem
909 1765 1022 1790 arcus
1049 1764 1215 1802 surgens
1235 1764 1257 1788 a
1277 1758 1387 1802 tergo
1408 1752 1514 1802 pilae
1537 1764 1609 1789 su-

151 1811 302 1847 stinens
320 1807 676 1860 hemisphaerium3
707 1820 785 1859 quo
803 1814 884 1845 toto
901 1815 1075 1858 patente,
1103 1809 1184 1845 lato
1203 1809 1318 1844 iuxta
1336 1809 1610 1858 pavimentum

150 1867 292 1916 viginti
311 1864 454 1916 pedes,
483 1866 671 1902 transitur
693 1876 716 1900 a
739 1864 867 1915 prima
889 1864 980 1900 aula
1003 1862 1054 1900 ad
1073 1862 1288 1901 secundam
1308 1864 1454 1900 aulam.
1513 1863 1610 1900 reli—

152 1934 275 1974 quam
291 1922 426 1958 lateris
445 1922 548 1958 inter
563 1921 734 1971 primam
753 1927 792 1958 et
811 1919 1027 1958 secundam
1043 1921 1177 1957 aulam
1193 1918 1419 1957 intermedii
1439 1925 1606 1969 partem,

150 1979 274 2016 latam
298 1979 439 2029 viginti
458 1983 642 2029 quattuor
661 1976 804 2028 pedes,
834 1983 1027 2027 occupant
1042 1977 1147 2028 pilae
1166 1989 1278 2013 arcus
1300 1982 1339 2013 et
1361 1988 1497 2012 murus
1518 1987 1608 2012 sur-

152 2047 250 2085 gens
270 2035 380 2071 velut
400 2035 462 2070 ala
479 2046 606 2084 usque
625 2033 680 2070 ¹ad
702 2035 1083 2070 concamerationem
1107 2031 1404 2083 hemisphaerii.
1462 2044 1608 2069 secun-

154 2090 227 2128 dae
247 2091 360 2127 aulae
379 2091 663 2127 concameratio
686 2097 863 2127 extrema
889 2091 1104 2127 sustinetur
1121 2089 1288 2126 arcubus
1305 2094 1344 2125 et
1364 2087 1580 2139 parietibus
1593 2098 1606 2124 τ

152 2145 288 2185 media
314 2159 407 2184 vero
433 2148 573 2183 nititur
599 2153 784 2198 quattuor
807 2147 1001 2184 columnis
1030 2146 1130 2183 albis
1151 2144 1202 2182 ad
1223 2145 1409 2195 glaucum
1434 2145 1606 2181 colorem

153 2201 453 2250 accedentibus,
484 2215 651 2254 quarum
678 2216 819 2254 scapus
839 2203 882 2239 in
903 2203 1055 2239 ambitu
1077 2202 1350 2253 complectitur
1364 2207 1517 2251 septem
1533 2214 1608 2251 pe-

154 2259 239 2297 des.
297 2258 469 2297 secunda
499 2260 581 2297 sive
607 2258 741 2296 media
772 2260 863 2296 aula
891 2257 1084 2311 quadrata
1116 2265 1196 2306 est,
1239 2259 1349 2295 cuius
1381 2256 1458 2294 duo
1484 2258 1610 2294 latera

157 2317 400 2354 sustinentur
419 2317 564 2366 partim
582 2317 705 2353 muris
727 2317 872 2367 partim
893 2316 1081 2362 arcubus,
1112 2327 1280 2367 quorum
1300 2315 1469 2351 alterum
1487 2326 1610 2352 cornu
1627 2357 1629 2360 v

152 2374 327 2409 nascitur
354 2385 376 2409 a
404 2378 514 2422 tergo
547 2371 714 2409 duarum
747 2385 983 2423 magnarum
1015 2372 1185 2423 pilarum
1214 2371 1492 2408 sustinentium
1518 2382 1609 2407 ma-

155 2441 279 2478 gnum
308 2426 664 2479 hemisphaerium,
694 2429 863 2466 alterum
888 2430 1102 2466 sustinetur
1121 2428 1214 2479 pilis
1234 2426 1449 2465 orientibus
1471 2440 1524 2464 ex
1543 2428 1609 2463 in-

154 2486 288 2521 teriori
307 2492 417 2536 parte
440 2498 644 2523 murorum
665 2485 834 2522 alarium
854 2485 1104 2523 fulcientium
1125 2485 1228 2535 pilas
1249 2484 1432 2520 maiores.
1490 2481 1608 2520 huius

155 2539 352 2578 secundae
372 2542 454 2579 sive
473 2540 629 2579 mediae
644 2542 757 2578 aulae
779 2542 882 2579 latus
901 2543 1074 2578 exterius
1094 2541 1180 2578 loco
1201 2541 1363 2591 parietis
1382 2538 1503 2576 habet
1522 2545 1608 2576 octo

156 2596 359 2634 columnas
388 2597 618 2649 quadratas,
650 2611 817 2650 quarum
844 2599 1057 2648 perimeter
1079 2604 1137 2634 est
1159 2610 1231 2634 sex
1248 2595 1411 2646 pedum.
1468 2597 1510 2632 in
1542 2607 1610 2631 ea-

157 2665 249 2689 rum
276 2651 408 2690 medio
439 2661 498 2692 est
526 2667 672 2705 magna
697 2655 803 2705 pila:
832 2656 936 2691 inter
958 2655 1161 2692 columnas
1185 2666 1250 2689 eas
1273 2650 1526 2703 parastadum
1544 2651 1607 2687 vi·
1628 2657 1658 2691 P
1683 2657 1751 2693 553

159 2721 248 2746 cem
279 2716 522 2758 praestantes
553 2717 645 2748 sunt
672 2711 882 2748 fenestrae.
940 2717 1144 2776 praeterea
1173 2721 1290 2760 supra
1319 2707 1479 2746 easdem
1502 2707 1612 2743 colu-

158 2777 274 2802 mnas
305 2765 480 2802 existunt
508 2768 613 2817 pilae
642 2766 897 2818 parastadum
925 2768 1055 2804 vicem
1085 2765 1318 2816 praebentes
1345 2762 1612 2815 superioribus

159 2821 362 2868 fenestris,
392 2833 493 2872 quae
511 2829 594 2866 tam
611 2825 832 2874 superiores
850 2835 972 2887 quam
988 2822 1215 2871 inferiores,
1244 2833 1410 2859 munero
1425 2818 1611 2866 sedecim,

217 2881 320 2917 Paul.
346 2882 463 2916 silent.
1311 2879 1338 2916 7
