1890 3224
707 190 992 238 ACROASIN'
1013 192 1068 237 Π.
1520 192 1611 237 161

277 303 370 346 157.
428 304 563 341 forsan
596 315 667 355 pro
701 299 790 345 ὅσοι
823 302 1039 355 legendum
1067 298 1186 344 οὕτω.
1243 301 1429 341 orationis
1457 302 1539 341 vim
1569 304 1613 339 in

162 361 344 397 Heraclio
373 358 424 397 ad
447 361 684 397 miraculum
707 372 833 413 usque
861 362 1016 399 extollit
1042 359 1177 398 Pisida
1209 359 1257 397 de
1280 359 1433 409 Exped.
1459 362 1487 399 2
1519 361 1612 400 170.

160 415 227 453 hic
258 423 390 454 autem
422 429 569 467 magno
601 418 705 454 saltu
728 430 750 454 a
770 419 945 455 militmn
970 417 1146 466 delectu,
1178 429 1298 469 quem
1320 416 1524 454 Heraclius
1545 415 1612 451 in·-

161 474 286 510 stituit
317 475 359 510 in
388 475 517 524 prima
550 472 825 524 expeditione,
869 474 919 511 ad
954 487 1000 512 ea
1036 487 1136 526 quae
1173 473 1282 510 idem
1310 475 1524 524 imperator
1555 473 1610 509 cis

161 535 345 581 transque
364 528 608 580 Euphratem
627 532 749 580 gessit
765 532 808 567 in
828 530 1000 568 secunda
1020 531 1160 568 leviter
1175 529 1405 581 attingenda
1423 529 1609 566 excurrit.

160 584 209 622 de
229 588 395 624 transitu
413 584 649 636 Euphratis,-
678 585 806 638 deque
827 589 876 625 iis
901 600 1002 639 quae
1023 589 1256 640 insequente
1278 589 1488 625 Persarum
1511 584 1609 622 duce

159 642 328 680 Sarbaro
349 649 434 679 acta
454 649 567 690 sunt,
596 643 684 680 fuse
702 642 972 695 Theophanes
988 659 1036 695 p.
1059 647 1157 685 262.
1296 671 1310 692 ,

271 699 366 739 160.
423 698 588 736 obscura
615 700 733 751 plane
756 707 847 738 sunt
866 714 967 752 quae
989 703 1032 738 in
1053 702 1226 753 quinque
1243 698 1498 753 sequentibus
1514 712 1607 738 ver-

157 754 265 792 sibus
285 755 548 792 continentur.
599 756 735 794 forsan
754 764 820 795 aut
839 757 1032 794 mendum
1053 765 1120 795 aut
1136 756 1268 796 hiatus
1286 759 1402 795 cubat
1416 759 1459 794 in
1477 764 1606 794 textu.

155 824 295 848 vocem
322 808 396 861 τήν
425 809 640 863 δραστικήν
659 812 711 849 ad
732 817 945 864 συμφορᾶς
972 828 1057 852 esse
1077 814 1326 852 referendam
1342 828 1423 852 non
1447 813 1605 866 dubito:

156 869 237 904 scio
260 869 365 911 enim
385 881 502 919 saepe
522 865 733 919 δραστικός
756 883 845 907 cum
866 873 1042 921 genitivo
1063 873 1246 922 coniungi
1259 901 1268 919 ,
1302 877 1341 908 et
1360 868 1433 923 τήν
1450 872 1608 922 δραστι-

154 921 232 971 κήν
256 926 465 975 συμφορᾶς
489 923 596 961 idem
614 939 700 962 esse
723 939 768 962 ac
790 923 864 978 τήν
884 924 1097 977 δραστικῆν
1118 924 1292 978 δύναμιν
1307 929 1378 978 τῆς
1396 928 1608 979 συμφορᾶς

153 980 218 1016 vel
249 978 323 1028 τήν
350 978 564 1031 δραστικὴν
597 978 822 1032 συμφοράν.
882 982 954 1019 sed
977 983 1074 1034 quid
1100 990 1235 1020 tamen
1266 984 1461 1033 significat
1488 982 1544 1030 ὥς
1563 982 1607 1022 ἐν

151 1035 334 1089 παρέργῳ
345 1039 559 1089 συμφορᾶς
576 1034 686 1077 τοῦδ’
702 1034 724 1076 ὅ
745 1039 832 1090 βίος
843 1039 865 1075 Ρ
894 1046 933 1076 et
950 1038 1057 1090 quod
1074 1037 1150 1076 hoc
1167 1042 1218 1077 sit
1235 1052 1360 1090 genus
1378 1046 1605 1090 syntaxeos,

150 1105 310 1142 prorsus
334 1105 399 1129 me
417 1094 527 1130 latet.
585 1095 679 1131 novi
699 1095 869 1133 Graecos
894 1096 1011 1146 τῆςδε
1034 1109 1105 1147 pro
1132 1098 1204 1147 τῆς
1227 1099 1302 1148 γῆς
1329 1102 1367 1132 et
1391 1096 1509 1134 τοῦδε
1532 1108 1604 1145 pro

150 1151 224 1188 τοῦ
241 1146 396 1198 κόσμου
414 1162 562 1199 ponere
584 1147 818 1202 aliquando,
850 1164 894 1188 ac
913 1152 1078 1189 fortasse
1096 1165 1167 1203 pro
1184 1148 1300 1191 τοῦδ’
1320 1150 1344 1192 ὅ
1359 1153 1447 1204 βίος
1463 1152 1605 1202 legen-

151 1204 248 1241 dum
280 1212 338 1242 est
366 1206 486 1244 τοῦδέ
516 1206 620 1257 βίου.
679 1220 817 1244 verum
841 1207 939 1260 quid
960 1207 1083 1246 inde?
1114 1208 1279 1246 fortasse
1299 1209 1493 1245 moralem
1512 1220 1607 1245 sen-

150 1274 239 1298 sum
266 1263 394 1312 possis
421 1262 582 1309 elicere,
614 1269 807 1313 tanquam
839 1265 923 1300 vita
951 1263 1074 1300 huius
1096 1265 1238 1301 mundi
1253 1266 1311 1301 sic
1329 1264 1608 1301 calam-italum

149 1320 331 1354 accessio.
405 1317 475 1355 sed
506 1318 704 1369 quomodo
737 1317 837 1356 haec
862 1321 966 1356 inter
999 1333 1040 1357 se
1072 1318 1327 1368 cohaereant,
1367 1333 1447 1357 non
1475 1319 1622 1358 videm·

149 1375 267 1425 quale
297 1380 431 1410 autem
459 1381 519 1411 est
543 1375 826 1424 infortunium,
858 1388 960 1427 quae
990 1383 1049 1414 est
1073 1389 1219 1427 magna
1247 1378 1472 1424 calamitas,
1505 1389 1607 1427 quae

146 1437 236 1481 post
251 1432 461 1468 transitum
478 1430 693 1482 Euphratis
714 1439 753 1469 et
768 1428 856 1483 μετ’
877 1432 1004 1484 ἔργων
1023 1430 1212 1483 ἐμπόνων
1228 1432 1372 1470 accidit
1391 1431 1606 1470 Heraclio?

148 1493 251 1523 certe
276 1485 570 1538 Theophanes,
610 1490 680 1539 qui
703 1486 802 1526 haec
825 1496 1003 1526 accurate
1028 1488 1234 1537 describit,
1265 1490 1494 1526 Heraclium
1519 1491 1605 1526 Eu-

145 1541 286 1593 phrate
302 1545 533 1581 transmisso
553 1542 605 1580 ad
625 1545 764 1581 Saram
782 1546 931 1582 flumen
953 1547 1173 1584 constitisse
1189 1547 1325 1597 ibique
1345 1547 1512 1583 viriliter
1528 1558 1607 1596 pu-

145 1612 288 1650 gnasse
319 1613 364 1636 ac
393 1601 566 1651 plurima
597 1601 762 1637 vulnera
792 1603 989 1652 accepisse
1019 1609 1177 1639 narrat:
1222 1604 1277 1638 ait
1310 1603 1417 1639 enim
1448 1616 1492 1652 p.
1524 1604 1606 1643 263

143 1653 294 1702 πολλαὶς
313 1653 467 1708 πληγάς
489 1655 651 1707 ἐδέχετο.
711 1671 851 1695 verum
882 1659 916 1695 si
943 1657 1083 1695 demus
1104 1657 1209 1695 hanc
1230 1671 1316 1696 esse
1339 1659 1605 1696 calamitatem

146 1711 196 1748 de
227 1724 306 1763 qua
339 1714 592 1763 conqueritur
616 1720 769 1762 noster,
800 1713 1000 1765 quomodo
1028 1727 1130 1766 quae
1155 1722 1375 1766 sequuntur
1400 1728 1439 1751 v.
1463 1717 1539 1756 171
1564 1721 1603 1751 et

146 1769 228 1808 172
263 1767 581 1818 explicabimus?
642 1776 776 1820 aperte
804 1772 930 1818 enim,
967 1777 1012 1807 ut
1039 1769 1142 1807 mihi
1167 1770 1345 1818 videtur,
1391 1769 1440 1808 de
1468 1771 1602 1822 aliqua

143 1824 241 1860 urbe
269 1824 317 1860 ab
349 1825 532 1861 Heraclio
562 1838 721 1872 eversa,
753 1839 834 1863 non
854 1825 902 1862 de
922 1827 1152 1863 vulneribus
1175 1826 1307 1863 eidem
1327 1827 1508 1874 inflictis,
1540 1827 1599 1863 ibi

143 1893 272 1918 sermo
293 1887 365 1918 est.
425 1887 618 1932 quantmn
638 1882 759 1932 igitur
777 1883 964 1932 colligere
983 1895 1167 1933 possum,
1196 1882 1331 1920 Pisida
1351 1883 1526 1934 aliquam
1545 1895 1599 1920 ex

142 1938 224 1974 iuis
249 1938 435 1988 Assyriae
467 1938 689 1975 civitatibus
722 1937 924 1989 designat,
953 1940 996 1975 in
1027 1939 1171 1990 quibus
1205 1937 1428 1976 christiana
1457 1940 1596 1989 religio

143 1992 344 2044 quondam
373 1993 556 2041 florebat,
598 2007 719 2046 quam
753 2008 844 2032 cum
872 1996 1078 2032 Heraclius
1106 2008 1129 2032 a
1158 1993 1356 2033 Chosroae
1385 1995 1595 2046 tyrannide

141 2062 372 2101 oppressam
401 2056 441 2086 et
465 2051 736 2101 impietatibus
762 2052 1009 2102 profanatam
1035 2050 1381 2102 deprehendisset,
1410 2052 1496 2089 solo
1525 2065 1595 2089 ae-

141 2105 344 2158 quandam
374 2120 458 2144 esse
492 2108 640 2144 statuit.
699 2121 814 2158 porro
839 2107 942 2145 hanc
966 2110 1230 2146 coniecturam
1254 2109 1379 2146 secuti
1397 2109 1453 2146 ita
1471 2109 1595 2147 verti-

139 2175 244 2199 mus.
301 2164 369 2214 qui
387 2163 531 2201 melius
551 2166 674 2215 sapit,
703 2165 846 2202 melius
868 2164 1071 2202 iudicabit.

254 2219 348 2258 167.
404 2221 624 2258 Darartasis
656 2222 967 2272 Mesopotamiae
1000 2222 1136 2259 civitas
1163 2234 1254 2259 cum
1271 2222 1369 2259 urbe
1390 2222 1495 2259 Dara
1513 2234 1597 2259 non

141 2281 201 2312 est
229 2273 520 2312 confundenda.
578 2278 703 2315 Daras
729 2280 856 2328 enim,
898 2292 999 2331 quae
1029 2280 1222 2330 Procopio
1247 2286 1367 2327 teste,
1397 2279 1446 2315 de
1478 2278 1596 2315 Bello

142 2332 253 2370 Pers.
283 2333 353 2378 10,
384 2330 554 2369 distabat
568 2334 695 2370 Nisibi
714 2334 851 2373 stadiis
874 2338 952 2377 100
969 2336 1103 2373 minus
1126 2334 1278 2372 duobus
1292 2365 1303 2383 ,
1335 2348 1358 2372 a
1377 2335 1503 2371 limite
1523 2348 1597 2372 au-

141 2393 224 2423 tem
241 2388 446 2440 utriusque
465 2390 624 2439 imperii
642 2391 795 2428 circiter
813 2394 867 2432 27
879 2421 890 2440 ,
927 2405 980 2428 ex
998 2405 1101 2443 pago
1125 2392 1219 2429 urbs
1242 2393 1510 2429 munitissima
1531 2391 1598 2428 fa-

143 2449 204 2480 cta
224 2450 284 2481 est
302 2443 349 2480 ab
367 2445 575 2483 Anastasio
594 2446 692 2496 imp.
713 2453 752 2483 et
770 2449 1080 2499 Anastasiopolis
1103 2447 1228 2496 dicta,
1259 2454 1302 2484 ut
1328 2454 1462 2484 narrat
1485 2449 1597 2485 Eua-

142 2501 249 2549 grius
269 2500 339 2536 lib.
362 2503 388 2542 3
419 2504 486 2543 37.
543 2502 764 2540 Darartasis
791 2511 946 2552 autem,
976 2512 1021 2542 ut
1042 2504 1176 2542 Pisida
1198 2504 1302 2540 infra
1324 2510 1512 2552 testatur,
1545 2504 1595 2541 ab

140 2556 323 2594 Artasere
341 2557 498 2595 condita
510 2588 520 2606 ‚
551 2556 750 2597 Chosroae
768 2560 1015 2612 aliorumque
1034 2560 1218 2599 Persidos
1239 2572 1398 2610 regum,
1431 2561 1500 2612 qni
1516 2561 1596 2598 Ar-

139 2614 261 2649 taseri
278 2622 566 2663 successerunt,
598 2617 706 2666 regia
728 2615 842 2653 sedes
865 2617 954 2654 fuit.
1012 2616 1112 2655 haec
1131 2629 1254 2668 prope
1273 2617 1430 2668 Tigrim
1448 2617 1596 2654 flumen

140 2667 215 2704 sita
237 2675 340 2717 erat,
370 2676 410 2706 et
430 2672 465 2708 si
486 2670 748 2723 Theophanis
771 2673 878 2710 valet
897 2676 1106 2711 auctoritas
1119 2703 1129 2721 ‚
1159 2674 1214 2714 25
1234 2673 1397 2711 milibus
1420 2686 1443 2710 a
1466 2673 1595 2710 Ctesi·-

138 2722 287 2774 phonte
316 2724 498 2764 distabat.
528 2740 530 2742 ’
557 2727 629 2765 sed
657 2728 1053 2767 animadvertendum
1081 2728 1259 2767 Pisidam
1286 2736 1412 2767 metro
1441 2741 1590 2766 nomen

138 2780 281 2829 urbis,
311 2784 537 2835 ceteroquin
565 2784 798 2833 barbarum,
836 2785 1176 2824 accommodasse:
1219 2798 1342 2837 quam
1366 2786 1475 2822 enim
1503 2786 1589 2834 ipse

138 2835 390 2875 Darartesim
419 2846 555 2890 vocat,
583 2841 829 2894 Dastagerda
857 2855 881 2880 a
908 2841 1180 2895 Theophane,
1211 2843 1260 2880 ab
1280 2848 1438 2881 auctore
1462 2839 1590 2880 Chro-
