1838 3210
220 182 286 228 92
486 160 492 165 ’
792 184 872 227 ου
907 183 1090 227 cANGn

220 291 428 329 ιμοηίεηιῖε)
427 300 511 330 unt.
574 291 624 330 ad
668 305 755 330 eam
793 307 909 344 porro
947 293 1196 331 altitudinem
1225 292 1388 334 eductus
1418 295 1667 348 potissimum

218 347 372 396 tholus,
405 362 494 386 cum
510 356 598 400 post
616 350 723 386 illius
742 362 876 386 casum
897 349 1024 388 denuo
1044 353 1281 388 instauratus
1300 359 1369 389 est.

330 405 396 445 35.
454 408 569 442 Anno
596 408 741 457 quippe
769 408 975 443 Iustiniani
1001 409 1075 455 32,
1107 420 1196 444 cum
1227 408 1370 445 crebris
1398 414 1523 445 terrae
1545 409 1666 444 moti-

219 462 292 499 bus
324 475 555 498 concussum
587 460 922 513 hemisphaerium
942 465 1061 501 rimas
1082 470 1234 514 ageret,
1265 463 1427 500 tandem
1448 477 1538 520 pars
1557 465 1666 501 illius

217 520 356 554 orient
347 518 417 554 1lis
450 517 639 566 concidit,
670 525 709 555 et
731 519 922 556 ciborium
942 527 981 557 et
999 533 1150 557 sacram
1171 533 1348 557 mensam
1368 533 1445 557 una
1466 533 1555 556 cum
1578 533 1666 557 am-

215 575 316 611 bone
350 575 543 611 contrivit.
602 587 748 612 annum
780 588 958 613 mensem
988 583 1025 613 et
1053 575 1159 612 diem
1187 589 1299 613 casus
1319 577 1461 612 trullae
1483 575 1666 613 describit

214 628 502 680 Theophanes·
533 627 657 685 τούτῳ
690 634 748 686 τῷ
776 631 869 680 ἔτει,
897 631 992 683 μηνὶ
1015 633 1139 671 Μαΐω
1158 629 1202 680 ζ’,
1233 631 1363 687 ’ἡμέρα
1380 627 1427 684 γ’,
1459 628 1543 686 ὥρᾳ
1565 631 1666 682 πέμ.-

213 702 312 753 πτῃ,
358 673 700 738 φιλοκαλουμὲνου
731 702 802 727 του
834 685 1026 739 τρούλλου
1055 690 1126 740 τῆς
1153 686 1323 739 μεγάλης
1341 673 1555 738 ἐκκλησίας
1582 668 1665 739 (ην

210 758 314 808 γαρ
323 741 600 812 διερρηγμένος
627 742 669 783 ἐκ
699 746 780 783 τῶν
810 743 1034 797 γενομένων
1065 757 1256 795 σεισμων,
1287 743 1576 814 ἐργαζομένων
1585 747 1664 783 τῶν

214 793 424 850 Ισαύρων)
456 798 590 838 ἔπεσεν
605 815 647 839 το
670 795 903 841 ανατολικον
919 799 1035 852 μέρος
1049 803 1121 851 τῆς
1138 801 1441 871 προϋποστολῇς
1457 803 1531 840 τοῦ
1549 798 1665 852 οἳγίου

211 855 524 925 θυσιαστηρίου,
553 855 620 895 καὶ
641 856 876 908 συνέτριψεν
893 854 937 896 vo*
953 852 1146 907 κιβώριον
1163 855 1230 896 καὶ
1245 854 1319 907 τήν
1338 855 1456 908 ἁγίαν
1471 852 1665 908 τράπεζαν

211 910 280 950 καὶ
307 908 375 949 τᾶν
407 908 586 962 ἅμβωνα.
644 911 695 949 ad
723 911 829 949 hunc
855 911 1138 963 hemisphaerii
1171 925 1305 950 casum
1335 919 1512 964 spectant
1543 913 1663 950 etiam

211 979 347 1005 versus
374 968 490 1004 Pauli
513 969 728 1005 Silentiarii
747 976 846 1019 part.
873 973 892 1010 1
915 983 953 1007 v.
973 969 1051 1010 52:

426 1020 507 1074 ἤδη
530 1022 602 1075 μὲν
622 1029 877 1078 σθεναροῖσιν
897 1025 1115 1076 ἐπεμβαυῖα
1134 1024 1336 1076 θεμείλοις

428 1081 601 1133 σφαίρης
621 1078 835 1133 ἤμιτόμοιο
854 1078 1046 1134 κατήριπε
1065 1081 1251 1128 θέσκελος
1273 1078 1394 1129 ἄντυξ
1416 1086 1491 1129 etc,

212 1141 251 1172 et
269 1147 308 1173 v.
331 1134 431 1176 141:

429 1187 479 1231 ου’
501 1188 576 1244 γὰρ
601 1187 896 1245 οἷποτμηγέντος
915 1189 1146 1245 ἐρικνήμοιο
1166 1187 1348 1245 καρήνου

429 1245 617 1288 ὤκλασεν.

209 1302 427 1353 collapsum
445 1305 565 1354 igitur
583 1305 648 1341 vel
666 1311 768 1341 certe
788 1304 1067 1341 labefactatum
1088 1302 1427 1355 hemisphaerium
1442 1314 1523 1339 non
1541 1299 1664 1338 modo

208 1358 258 1396 de
289 1371 392 1397 novo
421 1361 654 1398 instauravit
681 1362 943 1406 lastinianus,
975 1359 1045 1397 sed
1067 1362 1188 1397 etiam
1205 1363 1248 1398 in
1266 1362 1458 1397 maiorem
1482 1356 1661 1395 altitudi-

206 1428 301 1452 nem
334 1417 498 1464 extulit,
547 1415 696 1454 Isidoro
732 1418 885 1454 iuniore
915 1417 1070 1454 Milesio
1102 1429 1196 1453 usus
1227 1415 1460 1462 architecto,
1504 1412 1659 1460 Isidori,

207 1473 277 1523 qui
311 1471 451 1510 aedem
482 1471 727 1524 Sophianam
751 1474 926 1525 primum
948 1479 1215 1520 exstruxerat,
1241 1478 1408 1523 nepote,
1440 1471 1549 1509 cuius
1570 1482 1660 1506 me-
1693 1476 1699 1481 '

204 1529 323 1566 minit
350 1531 565 1580 Procopius
588 1528 636 1566 de
655 1528 786 1566 Aedif.
805 1531 832 1567 2
861 1532 912 1569 2:
943 1530 1093 1566 obierat
1116 1530 1222 1565 enim
1242 1527 1492 1565 Anthemius.
1548 1527 1660 1576 Aga-

205 1583 331 1621 thias.
362 1582 448 1624 τότε
469 1582 515 1624 δὲ
535 1581 655 1625 αὐτὸν
674 1582 754 1624 υπὸ
777 1586 851 1624 τοῦ
867 1580 1011 1623 κλόνου
1030 1599 1074 1624 το
1091 1585 1323 1634 μεσαίτατον
1340 1583 1456 1634 μέρος
1475 1583 1547 1651 τῆς
1564 1578 1659 1632 ὄρο-

208 1655 290 1690 φης
308 1639 373 1679 καὶ
397 1638 553 1680 ἅπαντα
571 1637 822 1692 υπερβαλλον
848 1635 1149 1706 ἀποβεβληκότα
1172 1635 1407 1679 ἕπεσκεύασέ
1430 1653 1470 1678 τε
1493 1632 1617 1685 αυθις
1635 1653 1656 1677 ο

210 1694 395 1748 βασιλευς
424 1694 679 1749 βεβαιότερον
705 1696 773 1736 καὶ
798 1694 865 1736 ἐπὶ
891 1698 1023 1746 μεῖζον
1039 1692 1149 1746 ὕψος
1165 1695 1292 1750 ἐξῇρε.
1351 1707 1470 1747 quam
1495 1693 1658 1745 quidem

207 1754 400 1790 maiorem
428 1752 678 1790 altitudinem
707 1751 760 1792 25
792 1751 940 1802 pedum
969 1765 1052 1789 esse
1080 1736 1240 1788 tradunt
1271 1753 1477 1802 scriptores
1506 1763 1656 1787 omnes.

207 1807 501 1859 Theophanes·
539 1805 722 1876 βασιλευς
752 1805 910 1860 ’ἤγειρεν
938 1805 1083 1854 ἄλλους
1111 1804 1280 1854 πινσους
1307 1807 1373 1846 καὶ
1402 1806 1556 1854 ἐδέξατο
1585 1803 1658 1845 τόν

207 1867 420 1916 τροῦλλον,
453 1863 522 1905 καὶ
554 1860 683 1912 ου’τως
711 1863 897 1914 ἐκτίσθη,
933 1862 1120 1915 ὑψωθεὶς
1148 1862 1269 1903 πλέον
1298 1863 1423 1903 εἴκοσι
1448 1858 1572 1909 πόδας
1602 1861 1659 1908 εἷς

207 1918 406 1973 ἆναβασιν
439 1918 572 1961 ἕπανω
599 1936 670 1960 του
697 1915 858 1970 πρώτου
880 1920 1100 1971 κτίσματος.
1156 1922 1354 1957 Zonaras:
1383 1915 1484 1959 ὅθεν
1509 1917 1657 1988 λέγεται

206 1976 275 2017 καὶ
302 1975 370 2017 τὸν
396 1980 565 2029 τροῦλον
589 1974 799 2027 προσταξει
821 1991 901 2015 των
925 1975 1116 2027 βασιλέων
1137 1978 1435 2026 καθαιρεθῆναι
1451 1973 1518 2014 καὶ
1535 1968 1658 2022 αὖθις

207 2029 475 2085 ανεγερθῆναι
495 2032 560 2073 ἐπὶ
582 2030 707 2080 πόδας
726 2032 850 2073 εἴκοσι
867 2031 931 2071 καὶ
955 2031 1068 2071 πέντε
1087 2027 1389 2100 μετεωρότερον,
1418 2029 1485 2070 καὶ
1510 2034 1654 2069 καθιε-

206 2093 392 2141 ρωθῆναι
411 2086 519 2142 παρὰ
544 2085 744 2139 Ευτυχίου
764 2090 837 2128 τοῦ
856 2102 1097 2140 πατριαρχου
1115 2102 1157 2127 το
1178 2083 1373 2138 δευτερον.
1431 2099 1483 2123 ex
1511 2086 1653 2138 quibus

208 2153 371 2196 apparet
398 2158 499 2197 quae
524 2143 623 2182 fides
643 2142 868 2181 adhibenda
884 2145 935 2181 sit
951 2143 1168 2193 nugacibus
1188 2156 1232 2180 ac
1251 2144 1443 2194 imperitis
1467 2144 1555 2180 aevi
1578 2155 1654 2180 ex-

64 2205 94 2238 P
117 2203 184 2239 549
206 2203 323 2240 tremi
351 2201 572 2249 Graeculis,
603 2200 861 2238 scribentibus
890 2200 995 2236 ulnis
1009 2173 1216 2236 oduntaxat
1241 2198 1467 2251 quindecim
1488 2212 1511 2235 a
1530 2200 1653 2250 priori

206 2256 413 2296 altitudine
438 2258 581 2294 excisis
603 2254 941 2325 hemisphaerium
965 2268 1120 2293 rursum
1143 2254 1408 2303 aedificatum,
1438 2257 1481 2292 in
1510 2255 1655 2307 quibus

205 2322 266 2353 est
295 2315 463 2365 Glycas.
494 2309 731 2380 ανεγείρεται
763 2306 905 2358 αυθις,
934 2308 1115 2359 πεδεινος
1147 2309 1190 2351 δὲ
1220 2308 1452 2362 λειπόμενος
1481 2309 1582 2364 πρὸς
1605 2308 1652 2351 ‘co'

203 2366 347 2425 πρώην
367 2366 539 2422 ὀργυιων
559 2364 619 2408 ιε’.
676 2366 816 2405 eadem
837 2366 985 2404 habent
1007 2369 1238 2419 Anonymus
1259 2374 1298 2405 et
1316 2367 1501 2405 Codinus.
1560 2379 1651 2404 cum

204 2429 324 2478 igitur
352 2427 546 2476 Euagrius
573 2423 854 2475 hemisphaerii
883 2423 1133 2461 altitudinem
1163 2437 1186 2460 a
1209 2426 1433 2475 pavimento
1464 2422 1515 2460 ad
1539 2423 1649 2461 illius

206 2491 382 2521 centrum
401 2481 550 2534 pedum
570 2483 662 2529 180,
690 2480 844 2532 Gyllius
861 2492 953 2518 vero
969 2479 1218 2517 altitudinem
1233 2494 1255 2517 a
1273 2493 1427 2518 summa
1443 2485 1648 2517 curvatura

206 2553 370 2577 arcuum
396 2551 521 2590 usque
555 2536 606 2574 ad
635 2539 905 2588 pavimentum
927 2536 1004 2576 142
1023 2535 1170 2587 pedum
1184 2550 1268 2574 esse
1287 2536 1463 2583 tradant,
1492 2534 1650 2572 videtur

207 2596 343 2634 confici
377 2592 658 2645 hemisphaerii
687 2594 811 2644 ipsius
844 2591 1093 2629 altitudinem
1127 2606 1212 2630 esse
1246 2594 1298 2633 38
1329 2591 1488 2643 pedum.
1552 2603 1647 2628 nam

208 2654 384 2700 Turcus,
413 2664 483 2702 per
502 2663 620 2703 quem
640 2649 778 2686 aedem
798 2647 1041 2699 Sophianam
1059 2650 1188 2685 metiri
1206 2650 1353 2686 curavit
1367 2649 1543 2699 Gyllius,
1572 2646 1648 2684 he-

207 2708 491 2760 misphaerium
519 2719 599 2744 nou
625 2718 785 2743 mensus
814 2711 895 2752 est-3
935 2706 1003 2756 qui
1037 2706 1069 2742 si
1100 2712 1203 2742 lecte
1236 2718 1395 2742 mensus
1418 2711 1519 2742 esset
1537 2704 1646 2741 illius

209 2764 478 2812 altitudinem,
509 2775 598 2800 eam
616 2763 663 2800 ab
684 2760 889 2799 altitudine
910 2773 1031 2813 quam
1055 2760 1172 2799 tradit
1188 2763 1381 2812 Euagrius
1402 2773 1542 2812 parum
1563 2759 1645 2797 dis-

210 2835 366 2874 ‹repare
397 2821 671 2873 comperisset,
708 2825 751 2857 ut
780 2819 839 2872 Gy
842 2818 934 2857 llius
968 2816 1129 2870 quidem
1159 2819 1380 2867 existimat3
1419 2828 1644 2871 quanquam
