1890 3224
490 189 562 232 AD
598 188 968 234 NICEPHORUM
996 189 1196 235 NOTAE.
1474 188 1568 236 113

92 295 229 352 ,μὲρψ
288 310 447 337 causam
482 305 565 337 tam
598 300 810 351 pertinacis
836 312 971 338 morae
994 298 1131 337 nullus
1153 295 1431 336 historicorum
1458 296 1572 335 affert

116 362 273 406 praeter
293 354 400 393 hunc
420 354 708 407 Nicephorum:
738 370 832 394 sane
852 358 959 394 enim
978 356 1067 393 ficto
1087 356 1158 393 illo
1179 353 1364 392 Chosrois
1383 353 1571 391 mandato

117 412 184 449 vel
210 413 359 449 invitus
382 413 568 450 substitit.
627 419 667 450 at
693 414 801 450 enim
819 413 979 450 turbant
1000 410 1200 450 Cedrenus
1223 424 1268 448 ac
1290 409 1571 462 Theophanes,

120 466 218 505 dum
236 481 271 505 a.
289 470 463 506 Heraclii
484 472 533 510 17
552 482 751 520 pugnasse
767 469 810 506 id
825 471 1105 520 imperatorem
1122 468 1318 515 scribunt,
1348 474 1392 504 ut
1409 465 1574 505 Chosroi

118 531 310 562 terrorem
336 526 545 573 obiiceret,
577 539 655 578 quo
686 527 720 563 is
746 526 961 564 Sarbarum
980 538 1003 562 a
1022 525 1203 576 Byzantii
1223 523 1430 562 obsidione
1457 535 1575 560 revo-

120 587 240 618 caret.
299 583 446 619 etenim
469 583 504 619 si
525 580 602 619 hoc
621 589 826 633 tantopere
850 581 1031 620 studebat
1052 581 1277 628 Heraclius,
1309 579 1407 633 quid
1429 581 1577 617 attine-

118 637 189 674 bat
210 645 436 675 revocatum
456 637 628 675 eundem
651 640 938 676 commenticiis
956 639 1080 675 literis
1100 635 1298 674 retinere?
1356 635 1428 674 sed
1451 636 1576 673 nimi-

121 706 212 730 rum
244 701 334 731 ante
363 696 573 732 Avaricam
603 693 757 732 cladem
783 708 829 732 ac
852 695 1024 732 solutam
1043 695 1223 745 Byzantii
1242 691 1490 731 obsidionem
1511 705 1578 728 re-

121 747 278 787 trahere
310 751 523 788 Sarbarum
554 752 700 800 voluit,
730 765 782 788 ne
811 764 834 788 a
862 750 1016 789 duobus
1035 749 1318 802 potentissimis
1337 748 1578 792 exercitibus

123 808 424 858 opprimeretur.
481 807 589 845 idem
610 808 677 845 ubi
695 808 864 845 feliciter
879 806 930 845 ad
946 808 1085 845 urbem
1103 812 1214 858 gesta
1231 806 1363 843 omnia
1380 805 1577 855 cognovit,

123 864 264 901 attritis
284 876 429 915 magna
451 877 503 901 ex
521 871 632 915 parte
656 863 839 902 Chosrois
858 865 1008 902 viribus
1021 893 1032 912 ‚
1061 876 1113 901 ne
1136 862 1466 900 cumrecentibus
1482 861 1580 898 Sar-

123 919 211 956 bari
242 922 364 971 copiis
393 919 695 958 instaurandum
725 927 925 958 certamen
954 927 1078 968 esset,
1108 919 1220 956 nullo
1247 925 1315 955 aut
1333 918 1414 955 levi
1439 916 1580 955 dome-

123 976 221 1014 stico
261 978 436 1027 periculo
478 976 530 1014 ad
566 976 857 1015 Chalcedonem
885 977 1118 1023 commorari
1142 987 1283 1027 passus
1316 981 1387 1012 est.
1444 975 1579 1025 itaque

123 1044 227 1083 quae
264 1044 287 1068 a
322 1031 499 1069 Cedreno
530 1044 576 1068 ac
605 1031 854 1083 Theophane
883 1027 1115 1079 narrantur,
1159 1045 1206 1069 ea
1240 1032 1369 1068 alieno
1402 1037 1580 1081 tempore

124 1094 311 1139 usurpata
340 1087 391 1125 ad
415 1090 636 1140 superiores
668 1101 792 1127 annos
822 1089 1027 1126 referenda
1044 1095 1150 1125 suut.
1206 1088 1326 1138 longe
1348 1088 1503 1138 gravior
1522 1092 1581 1122 est

125 1145 374 1181 Constantini
403 1146 596 1182 Manassis
625 1146 669 1181 in
702 1143 778 1182 hac
811 1144 974 1183 historia
1002 1146 1159 1193 lapsus,
1201 1145 1270 1193 qui
1298 1142 1499 1180 Chosroen
1525 1143 1582 1178 ait

124 1201 364 1251 Byzantium
390 1211 517 1250 usque
547 1199 769 1236 exercitum
798 1197 983 1246 duxisse,
1026 1211 1147 1251 quem
1173 1197 1338 1249 quidem
1361 1211 1434 1248 per
1461 1196 1581 1235 duces

127 1269 220 1294 suos
250 1256 455 1293 absentem
489 1256 621 1292 omnia
650 1256 818 1306 gessisse
850 1261 1014 1293 constat.
1081 1266 1199 1305 por-ro
1232 1254 1367 1291 literas
1395 1252 1580 1305 deinceps
1603 1260 1633 1295 P
1657 1260 1704 1296 69

129 1313 227 1350 alias
256 1325 279 1349 a
309 1310 482 1350 Chosroe
503 1313 644 1349 missas
664 1319 703 1349 et
723 1324 746 1348 a
764 1313 953 1350 Romanis
974 1313 1211 1362 interceptas
1229 1310 1477 1362 Sarbaroque
1498 1317 1583 1347 tra-

127 1368 229 1406 ditas
256 1375 418 1406 narrant
442 1366 712 1419 Theophanes
738 1374 777 1405 et
801 1367 1014 1406 Cedreuus.
1072 1379 1211 1405 verum
1231 1380 1300 1404 eae
1317 1379 1397 1403 non
1417 1365 1468 1403 ad
1486 1366 1583 1404 Sar-

126 1426 270 1463 barum
290 1427 457 1477 scriptae
469 1454 480 1475 ,
511 1424 582 1463 sed
601 1423 650 1462 de
672 1437 719 1463 eo
734 1423 912 1463 necando
929 1423 980 1462 ad
997 1421 1193 1475 collegam
1211 1421 1490 1461 Cardaricham
1508 1422 1584 1459 da·-

125 1489 192 1520 tae
211 1482 381 1520 fuerant.

241 1552 282 1590 p-
306 1541 358 1580 19
379 1551 420 1576 v·
446 1541 511 1580 16.
541 1534 889 1592 Ἀδορυαδιγᾶνου]
910 1538 1164 1589 Androegam
1178 1537 1383 1575 nominare
1399 1533 1584 1573 videntur

127 1594 253 1634 iidem
273 1595 335 1632 illi
358 1596 580 1646 scriptores,
611 1609 703 1633 cum
720 1594 881 1633 tradunt
900 1594 1095 1634 Chazaros
1114 1607 1186 1646 per
1202 1593 1366 1645 Caspias
1386 1599 1520 1645 portas
1541 1593 1584 1628 iu

128 1650 365 1703 Androegae
387 1652 592 1702 regionem
611 1653 858 1705 eruptionem
878 1653 1032 1691 fecisse.

241 1721 283 1758 p·
303 1711 357 1749 20
379 1721 418 1744 v·
441 1710 477 1747 1.
537 1708 579 1747 οἱ
598 1706 641 1748 δὲ
651 1706 842 1761 ”Αβαροι]
874 1722 1007 1746 rursus
1031 1710 1179 1745 Avares
1204 1718 1227 1743 a
1247 1703 1420 1743 Chosroe
1446 1704 1583 1741 solici-

129 1765 203 1802 tati
225 1762 276 1800 ad
297 1763 436 1800 urbem
457 1762 685 1801 adveniunt.
737 1764 845 1816 quod
861 1778 895 1806 a.
916 1766 958 1802 C.
977 1763 1058 1804 625
1081 1763 1203 1813 vulgo
1222 1762 1413 1799 tribuunt.
1442 1772 1585 1797 verum

131 1821 315 1873 sequenti
333 1821 464 1871 potius
484 1832 587 1858 anno
607 1820 797 1872 quadrat,
835 1828 879 1858 ut
903 1835 956 1859 ex
974 1818 1247 1858 Alexandrino
1270 1817 1464 1871 Chronico
1486 1829 1585 1853 cou-

132 1884 232 1925 stat,
272 1878 315 1913 in
343 1889 422 1929 quo
442 1875 594 1928 duplex
614 1878 697 1915 eius
719 1876 921 1915 character
939 1876 1119 1915 traditur.
1178 1876 1326 1912 etenim
1349 1873 1490 1911 Indict.
1517 1870 1585 1919 14,

131 1933 306 1971 Heraclii
326 1934 398 1982 16,
436 1940 525 1984 post
542 1935 626 1972 eius
644 1934 894 1972 consulatum
913 1933 988 1979 15,
1028 1932 1203 1968 Heraclii
1219 1942 1312 1966 vero
1331 1929 1496 1965 iunioris
1518 1928 1585 1975 14,

131 2003 269 2027 mense
290 1991 419 2038 Maio,
465 1989 530 2026 die
561 1988 634 2036 14,
677 1988 777 2025 feria
805 1986 856 2036 4,
893 1981 1000 2041 αὐτῇ
1025 1988 1078 2042 τῇ
1104 1984 1199 2040 ἁγίᾳ
1227 1986 1586 2038 μεσοπεντηκοστῇ,

132 2045 294 2084 scholae
332 2051 465 2083 contra
489 2047 678 2082 Ioannem
705 2044 882 2082 Sismum
907 2043 1092 2082 seditiose
1121 2043 1350 2079 convenisse
1386 2039 1586 2078 dicuntur.

134 2102 213 2140 duo
236 2100 358 2151 haec,
388 2102 579 2138 nimirum
599 2101 699 2138 feria
719 2102 747 2140 2
771 2102 869 2138 Maii
892 2099 946 2141 14
967 2107 1005 2137 et
1022 2100 1076 2140 25
1100 2097 1184 2136 dies
1205 2110 1227 2134 a
1248 2096 1450 2149 paschate,
1479 2109 1584 2148 quae

134 2166 194 2197 est
222 2153 585 2210 μεσοπεντηκοστή,
627 2159 787 2195 nonnisi
817 2169 909 2194 cum
936 2170 972 2194 a.
989 2157 1032 2194 C.
1055 2156 1137 2195 626
1167 2156 1385 2205 comparari
1403 2159 1583 2205 possunt,

135 2215 246 2267 cyclo
259 2215 385 2251 -lunae
404 2215 476 2261 19,
505 2214 600 2252 solis
620 2212 725 2265 apud
747 2215 973 2265 cpolitanos
995 2219 1035 2250 et
1051 2224 1104 2249 ex
1120 2212 1290 2248 Maximi
1306 2208 1494 2247 methodo
1519 2208 1585 2249 14.

133 2272 328 2310 terminus
351 2268 548 2321 paschalis
569 2271 721 2321 Aprilis*
739 2272 806 2311 17.
865 2275 1137 2307 concurrentes
1158 2269 1242 2306 sive
1265 2274 1425 2318 epactae
1444 2266 1538 2303 solis
1557 2268 1586 2306 2

136 2341 228 2366 cum
247 2326 492 2378 regularibus
513 2329 538 2367 3
556 2328 629 2376 τῆς
645 2327 850 2375 ποστιαίας
872 2326 966 2364 dant
980 2327 1122 2364 feriam
1139 2324 1179 2365 5.
1222 2337 1343 2375 quare
1363 2326 1417 2364 20
1435 2321 1584 2373 Aprilis

137 2384 335 2423 dominica
353 2381 571 2435 paschalis,
594 2384 709 2420 litera
723 2385 757 2420 E
773 2383 878 2435 apud
895 2385 1095 2421 Romanos
1107 2412 1116 2430 ,
1138 2381 1246 2432 cyclo
1266 2381 1361 2417 solis
1378 2380 1442 2419 19.
1464 2379 1586 2430 quin-

137 2442 369 2494 quagesima
400 2437 494 2477 iude
518 2438 624 2487 dies,
654 2437 732 2477 hoc
755 2446 814 2477 est
838 2435 1083 2491 πεντηκοστή
1098 2467 1109 2486 ,
1140 2441 1164 2478 8
1184 2437 1302 2474 1111111.
1360 2442 1400 2472 at
1419 2434 1474 2476 25
1499 2436 1584 2472 sive

138 2493 479 2550 μεσοπεντηκοστή
499 2496 595 2532 Maii
616 2495 690 2544 14,
719 2496 819 2533 feria
837 2495 876 2544 4,
906 2503 949 2534 ut
967 2503 1025 2534 est
1041 2498 1084 2532 in
1102 2492 1309 2532 Chronico.
1367 2497 1585 2542 sequuntur

136 2553 304 2591 totidem
329 2554 395 2590 alii
430 2551 686 2590 characteres.
742 2554 851 2603 prior
871 2565 911 2604 p.
932 2554 1031 2600 896,
1076 2551 1145 2589 ubi
1171 2551 1225 2590 29
1255 2549 1358 2585 Iunii
1386 2546 1584 2584 dominica

137 2611 262 2647 fuisse
283 2609 472 2660 proditur,
502 2610 602 2646 alter
627 2623 667 2661 p.
691 2610 787 2657 901,
817 2609 886 2646 ubi
907 2610 1077 2660 Augusti
1095 2611 1121 2647 2
1143 2605 1227 2643 dies
1247 2606 1346 2642 feria
1366 2606 1392 2644 7
1411 2609 1584 2640 notatur.

140 2669 262 2717 igitur
283 2668 397 2705 litera
426 2666 532 2704 dom.
564 2668 612 2704 E.
672 2665 779 2718 quod
807 2664 859 2703 ad
885 2663 1090 2703 historiam
1111 2663 1341 2713 Cpolitanae
1370 2658 1584 2697 obsidionis

141 2725 280 2760 attinet
305 2737 350 2761 ac
375 2723 617 2761 liberationis
645 2721 825 2760 eiusdem
842 2723 888 2759 B.
909 2722 1082 2772 Virginis
1106 2732 1179 2769 ope
1198 2731 1244 2755 ac
1264 2717 1482 2769 patrocinio
1500 2726 1585 2750 ser-

140 2786 265 2826 vatae,
286 2781 466 2831 pluribus
489 2792 535 2817 ea
553 2786 763 2817 narrantur
774 2780 816 2817 111
838 2779 909 2819 1110
924 2776 1117 2816 Chronico
1134 2777 1311 2828 itemque
1328 2771 1437 2824 apud
1446 2769 1586 2808 Theo-

138 2834 313 2888 phanem
341 2844 380 2874 et
395 2835 630 2875 cedrenum.

195 2897 336 2942 Niceph.
369 2897 484 2934 Comi.
1288 2884 1315 2926 8
