1838 3210
194 189 217 234 1
226 187 290 234 36
769 190 851 233 DU
886 189 1072 236 CANGII

298 286 299 291 ¹
356 298 507 348 κίονες,
535 296 730 350 ημιτμῆγι
750 295 1029 366 περισταδόν’
1012 295 1151 365 α’ντυγι
1173 295 1322 338 κύκλου

361 353 489 405 α’χθος
514 350 996 422 αερτοῖζοντεςυπέρβιον,
1027 352 1101 402 οῧς
1122 370 1216 395 ποτε
1239 352 1376 409 Θήβης

361 414 421 451 Νε
425 411 554 462 ιλαίης
573 407 784 463 ἒλόχευσαν
803 407 1080 464 ἐύκνῆμιδες’
1062 412 1221 465 ερίπναι
1241 419 1314 450 etc.

191 488 243 528 ad
266 488 341 527 hoc
367 490 488 539 igitur
506 496 690 541 quattuor
708 490 806 527 istae
826 487 1001 527 conchae
1023 490 1223 527 confectae
1245 497 1356 539 sunt,
1395 497 1440 528 ut
1457 490 1653 542 populum

192 553 410 593 canentem,
440 543 539 585 λαόν
559 545 813 598 πολύυμνον,
844 547 1095 597 exciperent,
1131 545 1206 584 hoc
1226 554 1308 595 est,
1338 552 1382 584 ut
1403 548 1651 598 interpretor,

190 604 351 639 clericos
369 609 408 639 et
428 609 620 651 cantores,
651 604 719 654 qui
739 601 834 639 dum
856 604 1069 640 missarum
1087 604 1350 654 peragebatur
1370 603 1553 654 liturgia,
1585 616 1652 640 sa-

189 658 339 696 cerdoti
363 660 404 695 in
433 659 547 695 altari
571 671 681 697 sacra
707 659 869 696 facienti
889 659 955 696 vel
975 659 1233 696 concinebant
1254 661 1320 697 vel
1345 632 1651 711 respondebant.

188 717 231 752 in
252 714 369 752 choro
393 717 500 751 enim
518 728 562 752 ac
585 718 669 768 ναῷ
690 722 843 752 ceterae
863 729 999 766 preces
1023 729 1068 752 ac
1082 745 1091 763 ,
1121 722 1165 753 ut
1184 723 1347 764 vocant,
1378 715 1500 753 horae
1522 716 1652 752 eccle-

189 773 370 809 siasticae
383 770 704 809 decantabantur.
734 785 833 809 mox
846 771 956 809 addit
971 779 1014 809 ut
1029 773 1133 810 binis
1152 772 1443 824 porphyreticis
1457 772 1652 810 columnis

187 841 262 865 sex
283 828 382 865 aliae
398 826 655 865 Thessalicae
674 835 1000 879 superponantur,
1023 842 1101 881 qua
1121 831 1312 880 gynaecei
1335 842 1406 866 seu
1425 830 1651 879 porticuum

185 886 435 935 superiorum
451 897 542 935 pars
560 886 702 922 ultima
722 886 913 935 assurgit,
955 898 1056 936 quae
1084 886 1139 922 ita
1165 884 1379 937 dispositae
1407 891 1499 922 sunt
1524 891 1569 921 ut
1590 891 1652 921 ter

184 941 302 978 binae
324 942 372 978 iis
390 941 633 989 incumbant,
664 940 912 993 proindeque
937 939 1050 989 duae,
1084 954 1186 993 quae
1205 943 1246 978 in
1266 940 1399 979 medio
1419 943 1649 989 consistunt,

184 1009 309 1034 vacuo
330 999 372 1033 in
395 1001 484 1034 aere
506 1004 607 1035 stare
629 1010 674 1035 ac
698 998 809 1035 nullo
837 995 1098 1035 fundamento
1123 998 1257 1034 fulciri
1279 997 1502 1036 videantur.
1560 1010 1651 1034 me-

184 1055 302 1090 minit
323 1066 478 1091 rursum
502 1054 752 1091 Silentiarius
771 1061 872 1105 part.
895 1056 923 1095 2
944 1067 980 1092 v.
1001 1054 1054 1096 34
1075 1055 1350 1092 columnarum
1369 1055 1536 1092 istarum
1556 1066 1651 1105 por-

183 1108 481 1161 phyreticarum
504 1111 853 1161 Aegyptiacarum.

295 1201 364 1239 70.
421 1200 546 1235 Bema
559 1227 569 1246 ,
600 1212 671 1236 seu
691 1212 843 1236 sacram
859 1196 963 1235 hanc
983 1205 1021 1235 et
1041 1198 1136 1236 solis
1157 1196 1426 1236 sacerdotibus
1449 1196 1652 1236 addictam

183 1252 294 1291 aedis
311 1261 485 1305 partem,
516 1267 539 1291 a
556 1268 632 1292 nao
655 1256 721 1293 vel
742 1254 861 1292 choro
882 1261 1039 1306 separat
1059 1255 1281 1292 tabulatum
1294 1284 1303 1302 ,
1335 1256 1532 1292 columnis
1555 1268 1653 1291 can-

184 1311 295 1347 cellis
321 1308 576 1362 hyperthyris
606 1318 644 1348 et
674 1312 916 1362 imaginibus
946 1309 1204 1360 adornatum,
1247 1324 1298 1348 ne
1331 1311 1574 1363 quibuslibet
1600 1310 1654 1348 ad

183 1379 273 1404 eam
292 1366 423 1404 aditus
444 1374 599 1417 pateat,
640 1365 706 1407 διοέ
730 1366 773 1408 τό
799 1366 952 1419 μηδένα
971 1367 1134 1407 εἰσιέναι
1155 1367 1197 1408 ἐν
1220 1363 1332 1421 αὐτῷ
1353 1366 1491 1416 ἅπλῶς
1509 1366 1576 1407 καὶ
1597 1365 1654 1415 οἷς

184 1422 337 1475 ἔτυχεν,
387 1425 519 1475 inquit
554 1424 775 1461 Germanus
815 1422 1037 1475 patriarcha
1073 1425 1150 1461 ΟΡ.
1185 1421 1456 1474 Theophanes
1496 1425 1652 1462 Ceram.

183 1478 324 1517 homil.
345 1479 398 1521 55
422 1479 470 1516 de
491 1478 589 1517 aede
607 1480 648 1518 S.
668 1481 810 1517 Petri
799 1494 841 1517 111
864 1481 1036 1532 palado-
1073 1477 1116 1520 τό
1143 1478 1186 1519 δὲ
1205 1482 1279 1532 τῆς
1297 1476 1476 1532 α’ρρήτου
1497 1482 1654 1531 τελετῆς

183 1537 350 1593 χωρίον,
384 1533 605 1600 μαρμοῖρων
625 1534 766 1587 θώραξ
785 1541 869 1584 τοῖς
889 1537 1062 1604 ἱερεῦσιν
1079 1538 1291 1587 περικλείει
1313 1534 1384 1576 τὸν
1401 1552 1553 1607 χωρον,
1582 1533 1653 1587 ἐφ’

185 1593 243 1631 ὠν
261 1591 365 1631 ἔστιν
383 1588 718 1632 ἐπαναπαύεσθαί
735 1606 776 1631 τε
795 1593 863 1631 καὶ
880 1590 977 1643 μετοῖ
997 1588 1249 1641 ἄσφαλείας’“
1230 1588 1391 1631 εστοῖναι
1408 1592 1476 1631 καὶ
1493 1592 1652 1658 τέρπειν

184 1650 236 1702 τῇ
257 1646 336 1702 θέᾳ
351 1663 425 1699 την
445 1644 567 1698 ’ὄψιν
596 1645 759 1699 κωλυμα
777 1646 820 1688 δὲ
838 1651 955 1688 τοῦτο
978 1651 1070 1693 τῶν,
1101 1648 1140 1687 εἴ
1154 1663 1214 1694 τις
1230 1645 1432 1699 προπετὴς
1451 1648 1519 1688 καὶ
1541 1642 1652 1688 ανίε-

184 1719 254 1756 ρος
274 1705 367 1744 εἴσω
387 1719 467 1743 των
489 1700 648 1744 οἷδύτων
669 1702 897 1756 ’ὑπερβῆναι
918 1706 1149 1754 φιλονεικεῖ.
1174 1703 1397 1741 tabulatum
1413 1704 1558 1742 istud
1541 1702 1652 1756 ιεροῖς

183 1760 384 1812 κιγκλίδας
405 1773 475 1797 seu
493 1773 624 1798 sacros
645 1761 840 1798 cancellos
860 1767 1002 1798 vocant
1019 1757 1266 1811 Nicephorus
1288 1761 1496 1809 Callistus,
1531 1763 1651 1798 Ioan-

183 1829 256 1854 nes
290 1817 586 1854 Cantacuzenus
623 1824 662 1853 et
689 1817 758 1854 alii
787 1818 949 1868 passim.
1007 1815 1387 1883 Porphyrogenneta
1421 1818 1463 1854 in
1498 1818 1650 1855 Basilio

185 1886 220 1909 0·
244 1872 322 1914 55·
367 1872 435 1912 καὶ
455 1873 499 1913 αἱ
514 1875 594 1912 τῶν
614 1869 722 1920 ἐκτός
741 1873 985 1925 διείργουσαι
1004 1869 1052 1912 ‘td
1074 1868 1344 1924 θυσιαστήρια
1362 1874 1558 1926 κιγκλίδες
1579 1889 1648 1914 και

184 1926 233 1969 τοὶ
261 1927 305 1969 ἐν
333 1925 470 1976 αὐταῖς
489 1930 702 1981 περίστυλα
724 1928 791 1969 καὶ
814 1945 862 1969 τα
884 1927 1045 1969 α’νωθεν
1067 1925 1155 1969 οἷον
1175 1927 1402 1980 νπὲρθυρα.
1459 1927 1650 1982 κάγκελος

183 1987 258 2025 τοῦ
277 1985 470 2037 ἷερατείου
493 1984 636 2023 dicitur
654 1987 801 2037 Cyrillo
824 1984 1151 2037 Scythopolitano
1179 1986 1221 2021 in
1247 1986 1328 2022 vita
1355 1986 1397 2022 S.
1414 1985 1647 2037 Euthymii3

183 2039 375 2093 κάγκελος
400 2045 474 2081 τοῦ
498 2043 790 2094 θυσιαστηρίου
818 2043 861 2079 in
881 2041 1043 2093 Synodo
1066 2036 1309 2078 Chalcedon.
1338 2048 1412 2078 act.
1439 2044 1456 2081 1
1484 2049 1522 2079 et
1541 2041 1649 2093 apud

184 2104 385 2135 auctorem
406 2099 510 2135 vitae
530 2098 572 2135 S.
593 2098 745 2146 Sabae,
779 2097 892 2150 ἕρκος
914 2097 1022 2149 apud
1036 2098 1321 2145 silentiarium,
1345 2093 1557 2148 δρύφακτα
1575 2111 1649 2136 seu

185 2150 407 2205 δρύφακτοι
427 2152 533 2204 apud
550 2154 817 2191 Sozomenum
843 2157 869 2194 7
899 2157 967 2194 27.
1028 2154 1158 2191 Gloss.
1184 2154 1252 2190 Gr.
1279 2166 1341 2190 ms
1359 2155 1531 2205 Regium
1558 2154 1648 2193 cod.

187 2211 322 2250 1673:
372 2207 597 2261 δρύφακτοι
627 2207 676 2248 ‘cd
713 2205 996 2262 διαφράγματα
1023 2205 1054 2261 ἢ
1080 2226 1128 2249 τα
1160 2211 1497 2262 περιτειχίσματα,
1538 2206 1649 2252 τοῦτ’

187 2264 291 2304 ἔστιν
309 2261 462 2313 ξύλινοι
484 2262 704 2317 καγκελλοι.
762 2267 840 2304 alio
869 2267 957 2303 loco
986 2262 1241 2318 δρυφακτονς
1268 2266 1553 2319 νεοκαγκέλους
1576 2281 1649 2305 seu

185 2319 295 2358 aedis
312 2334 444 2358 sacrae
464 2322 660 2359 cancellos
679 2329 806 2359 vocat.
843 2321 1015 2390 denique
1037 2323 1204 2360 cancelli
1221 2324 1288 2360 isti
1310 2322 1495 2361 dicuntur
1513 2321 1662 2363 mo'moe'

185 2374 276 2428 η’τοι
298 2375 448 2427 στήθεα
466 2393 515 2417 τα
533 2378 755 2430 διορίζοντα
775 2374 818 2418 τό
837 2379 950 2430 βῆμα
971 2394 1048 2418 απο
1068 2382 1141 2419 τοῦ
1159 2382 1308 2419 λοιποῦ
1327 2383 1431 2420 ναοῦ
1448 2381 1646 2418 Germano

184 2432 430 2484 Patriarchae
451 2434 533 2481 ΟΡ,
578 2435 647 2486 qui
673 2441 877 2484 praeterea
899 2435 1080 2472 observat
1113 2448 1180 2473 eos
1211 2443 1255 2472 ut
1283 2437 1500 2486 plurimum
1522 2437 1648 2474 fuisse

183 2502 274 2527 aer-e
300 2490 460 2538 fusiles;
505 2489 727 2528 cuiusmodi
757 2491 870 2528 fuere
903 2492 1070 2529 cancelli
1101 2491 1209 2543 apud
1230 2493 1407 2530 Leonem
1437 2494 1520 2531 Ost.
1550 2490 1647 2530 Chr.

182 2546 315 2583 Casin.
336 2549 362 2588 3
392 2550 468 2588 33:
500 2547 608 2597 feeit
627 2548 761 2598 itaque
781 2555 819 2584 et
835 2548 1031 2585 cancellos
1050 2548 1201 2599 fusiles
1217 2561 1263 2585 ex
1283 2562 1372 2585 aere
1390 2556 1483 2586 ante
1499 2549 1648 2595 altare,

181 2602 331 2639 scilieet
360 2604 461 2639 inter
487 2603 650 2641 chorum
680 2611 718 2640 et
744 2604 911 2654 adytum
937 2604 1177 2641 statuendos.
1241 2606 1436 2643 cancellos
1464 2605 1647 2657 lapideos

182 2656 303 2696 habet
324 2671 358 2695 c.
383 2671 467 2711 seq.
482 2688 493 2707 ,
538 2666 744 2710 argenteos
772 2673 866 2698 vero
887 2662 1152 2698 Anastasius'
1141 2674 1183 2697 ιιι
1205 2661 1248 2698 S.
1273 2661 1464 2700 Silvestro
1490 2669 1529 2699 et
1553 2663 1643 2700 aliis

183 2714 304 2763 locis,
333 2721 378 2752 ut
398 2721 437 2752 et
455 2716 703 2767 Cyprianus
691 2729 735 2753 ιιι
758 2717 839 2754 vita
861 2717 904 2755 S.
929 2718 1101 2755 Caesarii
1124 2718 1274 2754 Arelat.
1299 2719 1436 2769 quales
1456 2720 1644 2756 exstitere

185 2771 350 2809 cancelli
369 2771 539 2810 bematis
555 2773 597 2809 in
623 2771 720 2810 aede
742 2771 964 2825 Sophiana,
1007 2786 1177 2826 quorum
1204 2787 1249 2810 ea
1275 2774 1351 2812 fuit
1380 2776 1576 2825 elegantia
1598 2780 1645 2811 ut

39 2830 67 2863 P
91 2827 160 2865 583
182 2840 263 2866 non
294 2828 422 2867 eboris
456 2835 524 2867 aut
553 2830 762 2869 marmoris
791 2830 855 2874 vel
889 2831 991 2870 aeris
1023 2831 1238 2883 quicquam
1267 2831 1309 2868 iu
1337 2831 1386 2870 iis
1408 2838 1531 2880 esset,
1571 2829 1643 2868 sed
