1890 3224
264 204 342 242 x‘tv'
869 204 873 207 ⁴
889 190 1123 248 QUERCII

265 304 459 347 intendat.
515 304 587 345 sed
605 318 695 344 cum
711 305 796 358 ipse
814 304 981 358 primae,
1010 316 1093 343 non
1109 310 1244 343 autem
1261 302 1456 343 secundae
1476 303 1722 358 expeditioni

267 376 450 424 adfuerit,
482 381 520 412 et
538 381 583 412 ut
602 388 664 413 res
683 381 793 412 actae
815 381 947 412 essent
965 372 1185 412 admodum
1205 373 1370 411 obscure
1391 379 1539 423 nosset,
1568 373 1612 410 in
1631 373 1723 412 lau-

267 443 337 482 des
363 443 537 481 Heraclii
564 455 773 480 excurrere
800 448 920 496 atque
952 443 1089 494 vagari
1107 447 1262 480 coactus
1283 447 1364 490 est,
1405 449 1452 478 ea
1471 453 1573 494 quae
1592 443 1724 493 magis

267 510 376 550 dictu
397 517 436 548 et
453 510 554 547 scitu
574 508 694 561 digna
712 517 824 548 erant
840 511 1172 563 praetermittens.
1229 505 1349 546 nimis
1375 509 1483 546 enim
1509 509 1726 561 impatiens

265 590 401 616 morae
427 576 504 615 hoc
534 590 653 629 opus,
692 585 737 617 ut
756 577 933 629 videtur,
973 591 1205 630 aggressus,
1245 578 1380 616 statim
1400 588 1446 615 ac
1463 579 1649 615 nuntium
1673 576 1723 615 de

265 647 396 684 Persis
418 646 587 686 subactis
608 653 647 684 et
667 645 716 683 de
737 645 911 685 Chosroa
931 648 1059 685 occiso
1072 647 1228 698 Cpolim
1248 644 1427 683 adlatum
1446 651 1518 694 est,
1537 645 1623 696 ipse
1642 645 1726 682 suis

265 712 374 751 hisce
394 714 599 752 versiculis
619 715 759 752 victori
784 714 946 753 domino
962 716 1090 753 laetus
1110 721 1149 752 et
1167 712 1343 765 gaudens
1363 713 1490 752 voluit
1507 725 1725 752 occurrere.

265 794 351 818 rem
378 782 497 833 plane
527 783 761 833 gratiorem,
802 789 842 820 et
870 796 972 835 quae
1000 783 1091 834 plus
1121 781 1285 820 haberet
1318 779 1521 830 utilitatis,
1565 780 1726 818 fecisset

264 848 419 898 Pisida,
463 850 498 886 si
526 862 688 900 operam
718 862 832 887 suam
851 863 979 904 usque
999 849 1051 888 ad
1067 849 1111 888 id
1126 857 1284 901 tempus
1306 846 1541 897 distulisset,
1582 860 1661 900 quo
1681 847 1726 885 in

264 917 406 954 urbem
431 931 473 955 se
501 919 650 968 recepit
677 918 918 969 imperator:
949 925 1044 956 tunc
1073 920 1180 956 enim
1206 930 1253 955 ea
1280 919 1365 969 ipse
1386 915 1523 954 audire
1545 929 1591 953 ac
1608 916 1725 953 nobis

263 984 419 1023 tradere
439 986 652 1037 potuisset,
695 998 796 1037 quae
816 989 898 1024 iam
917 987 1007 1024 sciri
1027 984 1318 1038 desperandum
1339 991 1409 1025 est.
1466 997 1574 1021 nunc
1591 990 1725 1022 autem

263 1051 364 1090 adeo
380 1053 522 1091 leviter
544 1066 605 1090 res
625 1054 776 1103 innuit,
816 1060 861 1092 ut
887 1068 1006 1106 saepe
1035 1053 1298 1092 divinandum
1321 1054 1372 1091 sit
1399 1064 1478 1105 quo
1504 1062 1622 1090 mens>
1640 1053 1728 1090 eius

262 1128 428 1172 spectet.
484 1122 679 1170 Allatius,
719 1123 811 1174 qui,
853 1129 898 1160 ut
920 1123 1003 1159 iam
1029 1121 1179 1160 dictum
1210 1128 1289 1171 est,
1320 1120 1607 1159 Herae-liudem
1634 1133 1726 1158 cum

262 1201 381 1239 opere
402 1190 583 1240 superius
602 1187 764 1227 laudato
785 1189 833 1226 de
851 1190 1112 1240 Expeditione
1127 1203 1254 1227 unum
1281 1203 1367 1228 esse
1395 1190 1570 1238 censuit,
1601 1201 1726 1242 quae-

262 1254 357 1293 dam
379 1269 433 1293 ex
454 1269 501 1294 eo
524 1255 733 1308 desumpta
761 1258 900 1294 referri
922 1256 1103 1294 adfirmat
1124 1258 1172 1295 ab
1192 1257 1369 1295 Iohanne
1385 1258 1534 1295 Tzetza
1559 1257 1604 1293 in
1629 1255 1727 1294 Chi-

261 1323 370 1361 liade
390 1327 414 1365 3
435 1324 530 1362 hist.
558 1327 626 1368 66.
688 1323 762 1371 ibi,
793 1326 900 1362 enim
927 1326 1002 1374 ait,
1043 1332 1127 1362 octo
1146 1325 1312 1363 Pisidae
1341 1322 1494 1362 iambos
1518 1324 1729 1374 producit,

258 1393 332 1443 qui
349 1405 455 1429 more
478 1392 590 1429 illins
603 1392 747 1443 poe'tae
768 1393 1053 1444 elegantissimi
1070 1399 1177 1430 sunt.
1227 1391 1300 1431 sed
1316 1397 1597 1444 praeterquam
1618 1390 1727 1444 quod

255 1460 402 1497 frustra
421 1467 576 1511 septem
596 1459 672 1498 hos
690 1461 844 1499 iambos
865 1464 1037 1513 (septem
1058 1462 1167 1499 enim
1187 1458 1297 1511 sunt)
1326 1471 1492 1512 quaeras
1511 1461 1555 1498 in
1574 1458 1724 1508 Pisida,

256 1533 410 1564 certum
431 1534 490 1565 est
510 1541 576 1566 eos
597 1541 683 1565 esse
700 1529 826 1580 ipsius
847 1531 1021 1567 Tzetzae
1034 1558 1045 1577 ,
1083 1535 1128 1565 ut
1152 1534 1258 1565 recte
1287 1534 1378 1565 ante
1400 1541 1475 1567 nos
1501 1528 1726 1567 observavit

254 1594 461 1633 Fabricius
482 1601 521 1632 et
540 1596 668 1634 fusius
690 1609 713 1633 a
732 1595 848 1634 nobis
870 1594 1164 1634 demonstratur
1184 1594 1227 1631 in
1246 1595 1352 1632 notis
1370 1594 1544 1633 Acroas.
1570 1598 1592 1637 1
1613 1595 1668 1638 28
1686 1600 1726 1632 et

254 1663 283 1702 2
303 1664 402 1703 236⁶

368 1732 411 1770 6·
466 1726 708 1784 Ἑξαήμερον
738 1727 767 1784 ἢ
794 1730 1060 1785 κοσμουργία,
1099 1729 1379 1768 Ηεκαὲᾶηενοη
1404 1731 1488 1770 sive
1511 1730 1563 1768 de
1582 1729 1732 1768 mundi

255 1798 428 1848 opificio.
489 1795 567 1835 hoc
585 1808 765 1846 carmen,
811 1797 921 1850 quod
941 1812 1037 1836 sane
1062 1798 1202 1835 ceteris
1218 1803 1395 1849 praestat
1414 1798 1600 1850 operibus
1617 1798 1729 1835 Pisi-⁴

257 1865 333 1903 dae
344 1895 355 1915 ,
398 1863 524 1903 edidit
547 1865 728 1902 omnium
756 1866 910 1916 primus
927 1865 1152 1903 Fridericus
1171 1866 1378 1903 Morellius
1395 1864 1588 1903 Friderici
1603 1865 1723 1913 filius,

257 1931 532 1985 typographus
553 1933 708 1983 regius,
746 1945 827 1969 una
853 1946 945 1971 cum
970 1934 1135 1972 senariis
1163 1932 1211 1970 de
1229 1934 1409 1971 vanitate
1425 1934 1531 1972 vitae
1554 1934 1729 1985 aliisque

256 2001 492 2051 fragmentis
514 2001 581 2040 Gr.
599 2002 690 2038 Lat.
718 2002 900 2039 Lutetiae
923 1999 1051 2050 1584,
1079 2000 1129 2050 4,
1161 2001 1325 2053 eiusque
1344 2013 1438 2038 cura
1458 2007 1497 2038 et
1516 1999 1724 2052 diligentia

257 2068 410 2105 factum
440 2075 499 2105 est
530 2069 665 2106 statim
694 2076 739 2106 ut
756 2067 917 2106 Pisidae
946 2080 1096 2105 nomen
1123 2069 1207 2106 iam
1234 2068 1409 2106 amultis
1431 2068 1598 2106 saeculis
1617 2067 1724 2106 obli-

257 2135 368 2172 vioni
386 2134 580 2173 traditum
597 2137 770 2187 coeperit
789 2137 1024 2174 reviviscere
1050 2148 1095 2173 ac
1116 2149 1190 2187 per
1215 2148 1282 2173 ora
1309 2136 1443 2173 virum
1470 2135 1724 2188 φιλελλήνων

255 2203 436 2243 volitare.
495 2209 536 2239 at
561 2203 672 2255 quod
699 2204 864 2252 mirere,
907 2203 1174 2254 Hieronymus
1204 2203 1417 2241 Brunellus
1451 2204 1493 2244 S.
1522 2206 1553 2244 Ι.
1585 2204 1723 2255 paucis

254 2272 347 2321 p'ost
374 2270 487 2307 annis
508 2268 619 2308 idem
637 2283 735 2321 opus
758 2271 1000 2307 Hexaemeri
1019 2270 1091 2307 sub
1115 2271 1253 2322 Cyrffli
1274 2269 1541 2309 Alexandrini
1558 2270 1727 2308 nomine·

252 2337 360 2388 typis
384 2337 585 2388 vulgavit,
622 2350 703 2374 una
733 2351 825 2375 cum
850 2337 1090 2376 Nazianzeni
1115 2337 1355 2391 quibusdam
1382 2338 1642 2386 carminibus,
1682 2343 1724 2374 et

252 2402 415 2456 hymnis
447 2404 630 2456 Synesii‚
661 2405 810 2442 Graece
830 2412 988 2443 tantum
1004 2404 1083 2443 hoc
1098 2407 1238 2456 titulo,
1267 2409 1342 2448 τοῦ
1360 2407 1403 2449 ἐν
1427 2406 1557 2460 ἇγίοις
1575 2401 1724 2458 πατρὸς

250 2469 371 2524 ἡμῶν
401 2472 606 2526 Κυρίλλου
634 2468 880 2526 πατριάρχου
920 2469 1224 2527 Ἀλεξανδρείας
1254 2473 1348 2529 περὶ
1381 2471 1493 2522 ζώων
1524 2467 1723 2524 ἰδιότητος

251 2538 321 2580 καὶ
341 2541 496 2590 φυτῶν,
527 2537 594 2580 διὰ
616 2540 758 2593 στίχων
778 2540 993 2593 ἰαμβικῶν,
1022 2542 1179 2580 Romae
1194 2543 1309 2594 apud
1323 2541 1585 2580 manniscam
1607 2539 1726 2576 Zan-

252 2613 407 2645 nettum
431 2607 550 2657 1590,
581 2610 622 2650 8.
679 2621 821 2646 verum
850 2621 900 2646 an
931 2616 1036 2647 recte
1064 2616 1167 2649 esset
1188 2610 1336 2662 cyrino
1366 2608 1577 2646 attributus
1604 2606 1725 2654 liber,

251 2673 412 2714 videtur
438 2673 639 2714 dubitasse
666 2674 776 2714 idem
794 2677 1007 2715 Brunellus
1022 2688 1036 2714 ε
1064 2678 1121 2715 ita
1145 2678 1254 2715 enim
1275 2678 1330 2714 ait
1350 2677 1395 2714 in
1413 2674 1556 2726 Praesl
1575 2673 1727 2724 poe'moe

200 2759 203 2763 ⁴
250 2742 468 2780 iambicum
486 2741 535 2780 de
557 2744 808 2794 plantarum,
842 2750 881 2781 et
898 2744 1135 2783 animalium
1154 2744 1463 2798 proprietatibus
1482 2742 1726 2785 adieeisnus,
1772 2775 1778 2779 .

258 2810 410 2861 quod-a
424 2811 483 2848 D.
514 2811 709 2850 Con-salvo
727 2813 862 2850 Ponee
882 2811 932 2850 de
954 2813 1103 2861 Leone,
1142 2815 1229 2852 viro
1250 2826 1329 2851 non
1349 2813 1483 2850 minus
1506 2808 1725 2848 eruditione
