1838 3210
256 189 323 257 98
824 189 904 231 nu
947 186 1131 232 emen

245 300 391 339 saulam
416 297 521 337 hanc
550 294 725 336 mediam
755 296 977 345 illustrantt,
992 296 1118 335 'cuius
1144 296 1248 335 latus
1265 308 1431 349 vergens
1452 296 1494 336 in
1512 297 1616 336 latus
1633 298 1700 338 in-

256 359 377 395 terius
398 368 471 394 sex
491 354 680 393 viridibus
702 353 894 392 columnis
915 360 1087 391 ornatur.
1143 351 1287 391 harum
1304 355 1603 392 intercolumnia
1623 353 1699 393 ha-

255 413 351 451 bent
371 413 525 463 pluteos
546 410 694 449 similes
713 410 857 461 pluteis
878 412 1028 462 primae
1050 410 1178 447 aulae.
1236 423 1391 449 camera
1414 410 1546 448 media
1575 414 1697 449 susti-

253 476 369 507 netur
397 468 590 506 columnis
621 467 794 504 colorem
814 467 992 504 medium
1011 469 1113 504 inter
1129 466 1263 504 album
1281 474 1320 504 et
1339 467 1523 517 glaucum
1540 480 1632 518 prae
1653 481 1697 506 se

252 524 487 571 ferentibus,
515 524 556 560 in
580 522 813 575 quadratum
833 522 1012 561 ordinem
1035 521 1252 573 dispositis,
1286 535 1452 575 quarum
1473 522 1573 561 duae
1591 531 1697 562 stant

252 580 474 630 nonlonge
495 592 518 616 a
538 579 660 617 latere
680 580 882 628 exteriori,
914 580 1089 632 reliquae
1113 578 1214 616 duae
1235 592 1376 630 parum
1399 580 1539 617 absunt
1561 580 1609 616 ab
1629 581 1696 617 in·-

250 637 385 674 teriori
401 636 523 672 latere
542 642 677 674 ornato
695 648 769 674 sex
787 637 992 674 columnis.
1049 648 1103 672 ex
1121 633 1195 672 hac
1213 635 1345 673 media
1363 636 1452 673 aula
1473 637 1603 673 exitus
1620 649 1698 687 pta-0,

252 699 308 730 tet
331 693 374 729 in
400 693 579 741 tertiam,
607 705 680 744 per
697 705 832 730 arcum
850 699 932 730 tam
949 693 1029 729 late
1047 698 1248 743 patentem
1268 704 1390 744 quam
1409 693 1593 740 alterum,
1624 705 1696 743 per

251 761 373 801 quem
403 747 532 786 aditus
564 755 623 786 est
653 761 676 786 a
703 750 831 800 prima
859 750 950 786 aula
970 750 1013 785 in
1032 747 1262 785 secundam.
1318 749 1433 786 tertia
1448 749 1540 785 aula
1556 749 1698 787 similis

250 812 309 843 est
326 804 476 855 primae
495 805 608 842 aulae
626 804 893 856 longitudIne,
919 805 1124 853 fenestris,
1154 802 1449 855 parastadibus,
1481 805 1695 853 columnis3

249 861 394 914 quibus
417 867 603 913 quattuor
620 863 834 899 sustinetur
853 863 936 898 eius
959 873 1133 908 camera,
1163 867 1202 897 et
1227 861 1329 898 latus
1354 862 1517 898 interius
1538 874 1613 899 sex
1633 862 1698 898 vi·-

247 916 412 954 ridibus.
468 918 549 954 iam
564 930 656 954 vero
673 918 777 954 inter
793 918 894 967 pilas
912 916 1029 965 duas,
1059 917 1200 969 quibus
1219 917 1430 954 sustinetur
1449 923 1587 968 quarta
1604 929 1696 968 pars

246 971 438 1024 sphaerae
463 971 738 1021 occidentalis,
769 979 927 1011 exstant
955 979 1141 1025 quattuor
1169 973 1375 1010 columnae
1402 971 1571 1021 virides,
1602 986 1697 1010 eae-

248 1027 420 1081 demque
442 1029 559 1066 binae
583 1031 687 1067 inter
704 1043 746 1067 se
766 1031 1016 1067 coniunctae:
1044 1030 1148 1066 inter
1166 1027 1239 1066 has
1260 1027 1506 1067 intercedunt
1530 1041 1604 1067 sex
1623 1042 1696 1068 co-

243 1084 433 1123 lumellae
453 1084 599 1124 virides
620 1086 788 1123 Ionicae.
846 1084 1037 1122 hactenus
1060 1085 1231 1136 Gyllius.

354 1139 425 1183 40.
481 1143 528 1178 In
555 1143 720 1179 istarum
739 1142 918 1179 aularum
942 1142 1190 1192 superiorum
1213 1152 1292 1177 una
1309 1140 1541 1192 imperatrix
1561 1141 1694 1179 consi-

245 1202 349 1235 stere
367 1197 530 1245 solebat,
559 1210 652 1235 cum
669 1196 814 1235 divinis
833 1197 971 1235 officiis
992 1199 1192 1235 intererat.
1221 1195 1264 1234 id
1285 1195 1428 1234 diserte
1451 1195 1570 1234 tradit
1583 1199 1694 1234 Eua-

244 1255 375 1304 grius,
413 1253 483 1290 ubi
514 1252 564 1290 de
594 1254 786 1291 columnis
807 1252 1072 1302 Thessalicis,
1112 1266 1213 1305 quae
1242 1251 1293 1290 ad
1319 1255 1627 1304 septentrionem
1653 1258 1693 1290 et

241 1308 453 1346 meridiem
468 1315 682 1361 utrumque
699 1323 834 1347 arcum
853 1310 1199 1361 septentrionalem
1219 1316 1259 1346 et
1270 1308 1535 1346 meridianum
1549 1308 1694 1346 sufful-

243 1366 378 1403 ciunt·
407 1364 450 1405 ἐν
477 1365 591 1420 δεξιῷ
617 1363 661 1406 ’δὲ
681 1364 750 1406 καὶ
775 1363 875 1406 κατὰ
898 1363 941 1406 τὸ
964 1362 1174 1418 εὐώνυμον
1190 1366 1322 1412 κίονες
1338 1362 1474 1413 αυτοῖς
1493 1360 1695 1418 περιτετά-

240 1436 355 1474 χαται
373 1420 416 1462 ἐκ
440 1421 637 1461 Θετταλοῦ
656 1422 777 1462 λίθου
804 1421 1087 1489 πεποιημένοι·
1127 1419 1295 1475 ὑπερῷα
1323 1418 1367 1460 δὲ
1392 1422 1694 1472 μετεωρίζουσιν

242 1476 389 1547 ἑτέροις
408 1478 698 1546 παραπλησίοις
718 1478 838 1527 κίοσι,
867 1492 1111 1530 προκυπτειν
1132 1481 1214 1525 τοῖς
1234 1476 1495 1529 βουλομένοις
1519 1474 1694 1524 διδόντες

239 1531 284 1580 ἐς
310 1530 359 1573 τοὶ
387 1529 626 1584 τελούμενα,
665 1530 767 1574 σθεν
794 1532 862 1573 καὶ
891 1532 923 1585 ἤ
950 1532 1106 1585 βασιλὶς
1130 1535 1315 1586 παροῦσα
1341 1537 1426 1581 ταῖς
1456 1532 1613 1587 ἑορταῖς
1640 1534 1693 1590 τῇ

242 1588 446 1644 ἱερουργία
463 1603 544 1629 των
562 1589 788 1642 μυστηρίων
804 1588 1023 1639 ἐφίσταται.

353 1644 526 1685 41.1n
551 1643 654 1682 hanc
685 1657 869 1695 superam
892 1642 1001 1682 aedis
1026 1649 1180 1694 partem
1208 1655 1393 1681 ascensus
1416 1644 1552 1681 existit
1572 1650 1690 1696 quat-

188 1736 193 1738 ,
240 1705 331 1738 tuor
348 1698 540 1749 cochleis,
571 1713 670 1752 quas
687 1699 773 1738 dixi
792 1699 844 1738 ad
862 1699 1082 1738 fulciendas
1101 1706 1286 1750 quattuor
1305 1701 1473 1738 maiores
1489 1701 1590 1750 pilas
1610 1713 1691 1737 una

241 1769 333 1794 cum
351 1769 465 1794 muro
487 1758 715 1808 opposuisse
735 1758 1019 1803 lastinianum,
1061 1768 1153 1792 cum
1183 1755 1403 1806 collapsum
1431 1754 1690 1807 hemisphae-

240 1813 345 1850 rium
373 1811 501 1850 denuo
528 1813 773 1850 instauravit.
829 1813 989 1863 κοχλίας
1020 1810 1219 1848 Cedrenus
1252 1812 1426 1862 appellat
1455 1812 1542 1850 loco
1570 1824 1690 1862 supra

242 1867 439 1919 descripto
458 1881 500 1906 n.
518 1870 584 1918 36,
613 1867 685 1907 sed
704 1882 785 1907 non
807 1869 900 1906 satis
926 1868 1094 1919 proprie,
1117 1868 1247 1919 inquit
1267 1868 1434 1918 Gyllius,
1457 1881 1546 1905 cum
1561 1869 1687 1919 magis

240 1924 284 1961 in
303 1925 551 1962 anfractuum
571 1926 811 1963 normalium
838 1937 958 1976 quam
980 1922 1228 1961 cochlearum
1251 1922 1416 1960 modum
1435 1923 1580 1974 gradus
1598 1937 1688 1961 sur—

241 1987 358 2032 gant:
391 1983 566 2033 quinque
591 1983 700 2019 enim
722 1981 770 2018 ab
796 1981 1032 2018 anfractibus
1057 1980 1104 2016 ab
1127 1980 1207 2016 imo
1229 1978 1471 2027 ascenditur,
1509 1993 1590 2017 non
1611 1993 1687 2017 ex-

241 2039 430 2087 asperatis
446 2038 489 2073 in
511 2036 677 2087 gradus,
717 2035 789 2075 sed
810 2038 853 2073 in
872 2037 1036 2073 mollem
1055 2036 1201 2072 clivum
1220 2034 1449 2072 substructis
1471 2048 1523 2072 ex
1543 2037 1685 2086 amplis

239 2094 386 2129 mensis
406 2094 650 2130 marmoreis.
709 2092 851 2130 horum
878 2093 1051 2143 quinque
1083 2090 1330 2127 anfractuum
1355 2091 1500 2141 singuli
1520 2092 1590 2128 alti
1608 2105 1686 2128 un—

241 2146 432 2197 deviginti
453 2147 574 2197 pedes
603 2155 642 2185 et
669 2147 966 2200 sesquipedem,
999 2148 1069 2183 lati
1088 2148 1261 2197 quinque
1277 2145 1422 2197 pedes3
1466 2160 1520 2184 ex
1543 2148 1685 2199 quibus

239 2210 349 2255 patet
374 2205 644 2253 pavimentum
675 2206 919 2255 superiorum
952 2204 1174 2253 porticuum
1205 2215 1274 2239 seu
1304 2204 1638 2254 γυναικωνιτίδων
1661 2216 1685 2241 a

239 2261 465 2310 pavimento
493 2266 531 2296 et
558 2260 642 2297 solo
666 2260 774 2297 aedis
800 2259 851 2296 ad
872 2258 1119 2296 altitudinem
1138 2256 1286 2308 pedum
1306 2261 1359 2299 97
1381 2265 1419 2295 et
1437 2258 1683 2311 sesquipedis

239 2314 448 2362 eductum,
496 2315 741 2368 proindeque
775 2316 967 2367 reliquam
996 2313 1104 2351 aedis
1129 2313 1378 2351 altitudinem
1407 2314 1458 2352 ad
1485 2328 1682 2353 summam

241 2378 489 2408 curvaturam
518 2383 679 2409 arcuum
699 2369 753 2413 45
782 2370 931 2422 pedum
961 2377 999 2408 et
1017 2369 1263 2422 sesquipedis
1286 2370 1428 2418 fuisse,
1467 2370 1680 2423 siquidem,

238 2434 283 2465 ut
307 2428 486 2464 observat
512 2427 667 2478 Gyllius
683 2456 694 2475 ‚
731 2433 813 2465 tota
837 2427 977 2477 templi
1007 2425 1172 2464 altitudo
1203 2438 1226 2463 a
1252 2427 1477 2477 pavimento
1499 2426 1550 2463 ad
1567 2427 1680 2465 illam

241 2490 488 2521 curvaturam
506 2489 565 2520 est
587 2481 666 2525 142
683 2483 842 2535 pedum.
901 2483 1139 2520 anfractibus
1164 2483 1249 2520 istis
1277 2481 1491 2519 succedunt
1520 2483 1588 2520 alii
1607 2495 1680 2520 an-

236 2539 384 2577 fractus
406 2551 530 2590 usque
550 2537 601 2576 ad
617 2540 756 2591 templi
776 2545 934 2586 tectum,
964 2552 1045 2576 non
1063 2539 1174 2576 clivis
1198 2538 1355 2585 molliti,
1385 2537 1456 2575 sed
1473 2539 1515 2575 in
1534 2538 1679 2589 gradus

235 2595 362 2633 fracti.
419 2608 490 2646 per
518 2593 589 2632 hos
618 2597 738 2646 igitur
769 2595 964 2633 anfractus
993 2602 1031 2632 et
1063 2592 1242 2632 cochleas
1274 2593 1467 2631 adeuntur
1496 2596 1610 2632 aulae
1639 2602 1679 2633 et
1698 2606 1706 2613 ·

237 2653 410 2703 porticus
438 2653 657 2702 superiores
683 2659 721 2689 et
749 2664 927 2689 summae
956 2651 1095 2702 templi
1117 2656 1260 2717 partes.
1316 2656 1439 2687 totam
1458 2648 1562 2688 hanc
1585 2663 1677 2701 gra-

237 2706 360 2745 duum
392 2709 533 2745 seriem
559 2707 805 2759 λαβύρινθον
837 2703 1036 2759 ανάγοντα
1054 2707 1109 2753 εἰς
1130 2721 1176 2744 τα
1195 2700 1360 2758 υπερᾳῖα
1382 2708 1453 2756 τῆς
1471 2706 1677 2756 ἐκκλησίας

235 2771 348 2801 vocat
368 2764 556 2815 Scylitzes
575 2777 614 2815 Ρ.
633 2762 726 2804 804.
783 2765 965 2801 meminit
983 2770 1182 2815 praeterea
1200 2762 1347 2798 Paulus
1368 2762 1564 2799 Diaconus
1581 2762 1609 2798 l.
1622 2763 1674 2801 23

235 2820 429 2859 Historiae
449 2820 649 2857 Miscellae
681 2832 862 2858 ascensus
893 2821 933 2856 in
954 2817 1258 2857 Catechumenia
1288 2831 1359 2867 per
1379 2819 1554 2855 Aeneam
1582 2830 1676 2868 por-
