1890 3224
362 196 640 250 QUERCIUS
674 197 733 239 IN
767 196 1129 239 HERACLIADIS
1162 194 1430 238 ACROASIN
1459 194 1493 236 Ι.
1567 191 1657 239 141

200 302 270 347 ἐπ’
294 305 482 359 αμβωνος
511 305 555 347 ἕν
568 309 632 374 ἢ,τῆ
652 303 857 378 ἁγιωτάτῃ
886 302 1035 361 μεγάλῃ
1061 304 1267 376 ἐκκλησίᾳ,
1297 307 1495 345 σταλεῖσαι
1515 302 1559 344 ἐκ
1578 305 1657 343 τῶν

201 359 450 403 ανατολικων
479 366 611 416 μερῶν
636 359 716 403 15πὸ
746 362 977 429 Ηρακλείου
1018 364 1092 433 τοῦ
1132 358 1414 427 ευσεβεστᾶτου
1452 358 1657 413 βασιλέως,

201 420 398 471 δηλοῦσαι
422 417 498 472 τήν
520 422 671 459 πτῶσιν
698 421 773 459 τοῦ
796 415 983 470 Χοσρόου
1007 417 1074 458 καὶ
1090 433 1166 468 την
1184 412 1449 470 ἀναγόρευσιν
1467 416 1654 468 Σειροίου

198 478 273 516 τοῦ
294 478 463 525 Περσων
491 474 695 527 βασιλέως.
753 477 927 512 Heraclii
956 476 1107 512 litteras
1139 472 1303 511 exhibet
1335 472 1487 511 ibidem
1518 478 1654 510 auctor

199 530 408 580 Chronici,
446 532 588 584 quibus
614 531 673 567 nil
703 532 822 582 plane
850 530 1017 583 quadrat
1045 532 1173 582 aptius
1204 538 1272 567 aut
1294 531 1438 568 melius
1456 527 1652 577 cohaeret,

199 601 322 641 quam
347 590 500 641 primae
523 600 726 625 acroaseos
746 590 907 625 initium
929 595 967 625 et
984 588 1096 636 finis,
1136 589 1311 653 itemque
1333 585 1529 624 secundae
1556 598 1653 623 con-

200 646 338 683 clusio.
397 643 547 682 diceres
567 643 746 681 Pisidam
770 639 891 682 totius
918 645 1085 681 civitatis
1105 645 1266 681 nomine
1285 644 1467 680 Heraclio
1487 655 1653 693 respon-

200 700 318 739 disse.
377 702 535 752 itaque,
576 702 610 738 si
627 714 693 738 me
710 699 843 748 audis,
873 699 972 738 haec
989 701 1143 751 scripsit
1164 698 1298 737 Pisida
1322 712 1425 737 anno
1449 712 1472 736 a
1497 697 1652 736 Christo

198 764 291 794 nato
315 759 396 798 628
419 763 615 805 exeunte,
660 758 730 808 qui
745 759 786 794 in
809 758 860 797 18
881 759 993 808 regni
1010 756 1183 794 Heraclii
1204 754 1368 793 recidit.
1408 768 1454 794 eo
1478 767 1653 807 namque

198 821 376 864 tempore
394 812 443 850 de
463 812 636 851 Chosroa
652 814 701 849 ab
722 812 863 851 eodem
880 809 1063 851 Heraclio
1082 814 1256 864 primum
1271 812 1432 850 subacto
1451 818 1491 849 et
1510 809 1654 848 deinde

197 883 221 906 a
244 869 326 907 filio
346 870 458 907 Siroa
487 869 693 906 interfecto
715 869 913 920 cpolitani
945 871 1049 907 cives
1080 870 1264 906 certiores
1289 869 1385 905 facti
1408 874 1514 906 sunt.
1571 868 1654 904 uti-

198 939 294 963 nam
314 938 415 977 quae
434 924 569 963 Pisida
599 931 684 961 tam
708 924 869 975 rapido,
908 931 991 962 tam
1025 926 1157 963 stricto
1187 925 1279 962 stilo
1306 926 1482 974 scripsit,
1512 924 1655 961 saltem

199 981 411 1019 dilucidius
432 989 470 1019 et
488 982 647 1033 planius
670 982 931 1032 explicasset:
974 982 1101 1018 fatear
1121 981 1250 1027 enim,
1291 979 1398 1032 quod
1419 981 1497 1017 nisi
1515 978 1654 1017 Theo-

197 1036 350 1089 phanes
370 1038 518 1090 ubique
542 1039 672 1074 facem
691 1038 956 1087 praetulisset,
985 1038 1122 1074 multis
1145 1037 1186 1072 in
1205 1037 1303 1073 locis
1325 1035 1517 1073 haesisset
1536 1048 1654 1087 aqua,

198 1093 308 1147 quod
333 1096 463 1142 aiunt3
520 1096 669 1146 quippe
700 1100 874 1131 tortuosa
902 1099 942 1130 et
973 1094 1177 1144 implicata
1213 1093 1413 1142 allegoriis
1447 1099 1655 1129 occurrunt

197 1151 323 1188 multa
335 1179 346 1198 ‚
387 1163 558 1203 quorum
578 1162 740 1188 sensum
759 1151 894 1188 statim
913 1151 1072 1203 assequi
1088 1149 1205 1187 facile
1223 1161 1306 1187 non
1324 1162 1409 1187 esse
1429 1149 1654 1201 legentibus

197 1206 359 1258 patebit.

333 1373 404 1421 IN
446 1371 933 1422 HERACLIADEM
966 1369 1519 1421 ADNOTATIONES.

309 1497 496 1536 AcnoAs.
519 1500 539 1538 1
570 1511 610 1534 v.
638 1500 675 1538 1.
733 1496 798 1535 Ad
814 1498 964 1534 calcem
980 1495 1164 1535 chronici
1184 1496 1386 1536 Paschalis
1398 1511 1445 1548 p.
1471 1497 1553 1538 398
1572 1499 1655 1537 727

200 1552 252 1593 15
276 1551 340 1590 ed.
359 1555 488 1590 Bonn.
511 1559 670 1591 exstant
696 1554 852 1591 litterae
874 1554 922 1590 ab
941 1555 1122 1591 Heraclio
1142 1553 1193 1591 ad
1219 1555 1447 1606 Cpolitanos
1470 1559 1559 1604 post
1581 1551 1655 1589 de-

196 1611 346 1646 victum
366 1608 582 1647 Chosroam
604 1611 764 1658 missae,
792 1611 835 1647 in
853 1610 996 1661 quibus
1016 1611 1244 1661 imperator,
1274 1609 1382 1663 quod
1403 1609 1478 1647 deo
1496 1609 1654 1646 favente

195 1667 435 1716 contigerat,
474 1672 607 1703 narrat
621 1695 631 1714 ,
662 1668 847 1718 civesque
870 1664 1050 1704 hortatur
1071 1673 1114 1704 ut
1130 1680 1200 1718 pro
1219 1673 1303 1704 tam
1320 1678 1508 1718 prospero
1528 1678 1655 1716 expe-

197 1720 358 1759 ditionis
381 1722 429 1758 ab
452 1735 495 1759 se
521 1728 726 1773 susceptae
750 1728 894 1759 eventu
914 1729 1017 1760 totos
1037 1736 1079 1760 se
1105 1724 1147 1759 in
1172 1722 1237 1760 dei
1259 1723 1399 1762 laudes
1432 1721 1652 1760 effundam.

197 1790 267 1814 eae
285 1778 438 1815 litterae
455 1791 546 1814 cum
559 1777 719 1815 Pisidae
735 1779 899 1815 senariis
922 1779 1186 1816 conferantur.

309 1836 350 1874 2.
408 1832 567 1870 Pisidae
585 1829 875 1885 ἄστροδοῦλους
890 1832 957 1870 hic
973 1836 1131 1871 vocanti
1138 1836 1280 1871 Persas
1294 1832 1503 1884 plauderet
1517 1833 1650 1870 liben-

196 1890 348 1927 tissime
367 1888 546 1927 Thomas
562 1889 691 1940 Hyde,
713 1891 783 1941 qui
800 1891 842 1926 111
861 1890 962 1927 libro
981 1889 1031 1926 de
1048 1890 1165 1941 relig.
1187 1897 1263 1927 vet.
1286 1890 1398 1927 Pers.
1418 1902 1494 1926 nec
1511 1886 1653 1940 οἴστρο-

195 1942 360 1997 λᾶτρας,
394 1959 524 1998 neque
541 1941 834 1998 πυρσολᾶτρας,
875 1944 946 1983 sed
969 1941 1264 1998 ἆστροδούλους
1290 1952 1329 1982 et
1350 1942 1654 1999 πυρσοδούλους

196 2001 455 2053 appellandos
474 2015 559 2039 esse
580 2001 804 2039 contendit:
839 2002 888 2038 ab
908 2003 1016 2039 omni
1035 2003 1142 2039 enim
1158 2001 1406 2040 idololatriae
1428 2002 1651 2052 suspicione

197 2071 265 2096 eos
294 2059 462 2095 liberare
492 2064 699 2109 satagenS‚
730 2058 910 2106 δουλίας,
944 2071 1025 2095 11011
1056 2059 1235 2110 λατρίας,
1264 2059 1542 2103 venerationis,
1570 2069 1651 2094 non

195 2114 444 2154 adorationis,
464 2116 595 2166 specie
627 2115 779 2164 cultum
806 2113 1081 2152 tantummodo
1115 2116 1275 2152 civilem
1307 2116 1420 2153 astris
1455 2127 1522 2151 eos
1553 2114 1651 2151 olim

196 2172 436 2221 praestitisse
463 2178 501 2208 et
526 2184 633 2208 nunc
662 2183 820 2223 quoque
841 2178 1040 2221 praestare
1061 2169 1257 2208 decernit:
1285 2172 1326 2208 in
1348 2183 1467 2222 quam
1487 2177 1650 2208 senten-

196 2228 295 2263 tiam
317 2229 474 2264 iverunt
502 2229 622 2264 etiam
638 2226 842 2264 Prideaux
859 2228 971 2264 Hist.
996 2227 1089 2264 Iud.
1112 2234 1206 2264 tom.
1233 2230 1248 2267 1
1269 2241 1317 2277 P·
1337 2228 1421 2268 215
1453 2233 1492 2264 et
1515 2228 1648 2263 Beau—

195 2283 350 2320 sobrius
378 2284 489 2319 His-t.
522 2283 708 2320 Mania-It.
746 2291 838 2320 tom.
875 2286 897 2324 1
930 2297 977 2334 p.
1012 2285 1105 2325 173.
1162 2297 1302 2321 verum
1331 2285 1401 2335 qui
1433 2282 1649 2320 Chosroam

195 2335 461 2392 ἆστρόδουλον
479 2337 545 2376 hic
561 2341 746 2390 appellat,
766 2353 866 2377 mox
881 2353 920 2376 v.
944 2338 996 2380 14
1011 2336 1289 2392 πυρσολᾶτρην
1309 2340 1477 2376 vocabit.
1503 2351 1648 2390 ergone

195 2395 273 2433 sibi
288 2409 370 2433 non
391 2402 541 2433 constat
558 2394 722 2433 Pisida?
779 2397 945 2433 minime
964 2408 1081 2433 vero·
1070 2423 1082 2443 ‚
1119 2396 1191 2434 sed
1213 2395 1420 2433 fatendum
1440 2409 1532 2433 eum
1552 2396 1648 2435 δου-

195 2452 286 2492 λίαν
306 2464 329 2488 a
349 2452 507 2520 λατρεία
523 2464 605 2489 11011
624 2450 888 2502 distinguere,
925 2465 971 2489 ac
989 2451 1131 2490 eodem
1151 2454 1269 2503 plane
1288 2465 1407 2490 sensu
1422 2447 1648 2503 αστρόδου-

195 2510 267 2548 λον
295 2515 335 2545 et
359 2504 628 2560 α’στρολατρην
657 2509 877 2559 accepisse,
916 2515 961 2545 ut
981 2510 1050 2560 qui
1074 2507 1122 2545 de
1141 2511 1352 2546 Persarum
1370 2509 1648 2560 superstitione

174 2561 177 2563 ⁴
196 2565 298 2601 circa
318 2571 421 2602 astra
443 2570 482 2601 et
502 2565 638 2615 ignem
651 2566 885 2616 neutiquam
902 2562 1118 2615 dubitaret3
1159 2564 1266 2617 quod
1289 2578 1342 2602 ex
1366 2565 1415 2603 iis
1436 2577 1538 2618 quae
1553 2576 1648 2615 pro-

195 2621 307 2656 xime
322 2627 541 2672 sequuntur
555 2620 712 2658 abunde
733 2627 854 2672 patet.

308 2676 350 2716 3
406 2677 617 2727 Magorum
632 2675 810 2714 deridet
799 2677 1007 2727 insaniam,
1028 2689 1197 2731 quorum
1215 2677 1409 2715 vaticiniis
1428 2675 1646 2728 plurimum

196 2729 391 2770 Chosroes
408 2731 568 2770 fidebat.
624 2733 717 2771 vide
737 2747 777 2771 v.
798 2732 852 2774 54
877 2741 915 2770 et
930 2748 1037 2786 seqq.

308 2787 349 2828 4.
406 2789 491 2836 sol,
525 2789 645 2838 luna,
674 2791 778 2840 ignis
796 2791 1008 2827 Persarum
1025 2791 1186 2827 fuerunt
1207 2789 1393 2837 numina,
1434 2786 1484 2825 de
1505 2787 1647 2838 quibus

197 2857 316 2895 saepe
340 2845 384 2881 in
414 2846 637 2884 aeroas-ibus
668 2847 717 2883 de
733 2845 888 2896 Exped.
914 2845 1063 2884 dictum
1089 2852 1161 2883 est.
1220 2847 1351 2883 simile
1369 2844 1471 2882 illud
1494 2842 1648 2893 Virgilii
