1890 3224
348 153 424 196 DE
456 151 640 198 REBUS
669 151 826 197 POST
849 150 1168 198 mumolum
1184 151 1405 197 GESTIS.
1544 153 1611 201 57

160 265 268 318 ὅστις
286 266 356 310 τὸν
375 266 534 310 ἅπαντα
551 267 755 326 παρέλαβε
778 265 933 312 στόλον.
1001 266 1048 318 ὃς
1067 267 1169 325 πρὸς
1187 271 1239 324 τῇ
1252 265 1379 326 Ῥόδῳ
1402 264 1610 324 γενόμενος

157 337 225 378 καὶ
257 335 309 378 τὰ
342 337 600 391 ἐντεταλμένα
626 336 881 392 ἀπαγγέλλων
908 340 1165 386 καταπειθεῖς
1187 335 1342 393 εὕρισκε
1361 338 1427 378 καὶ
1446 333 1610 393 προθύ-

156 420 262 458 μους
277 404 379 461 πρὸς
395 405 466 447 τὸν
485 403 680 447 διάπλουν
695 403 950 462 ὑπάρχοντας
966 405 1062 455 τοὺς
1080 405 1398 460 συνειλεγμένους
1414 403 1610 455 ἅπαντας.

157 470 274 526 μόνοι
307 473 352 515 δὲ
383 472 422 515 οἱ
451 470 763 529 παραγενόμενοι
794 478 867 516 τοῦ
894 473 1082 528 Ὀψικίου
1115 478 1290 530 στρατοῦ
1317 473 1391 528 τὴν
1421 472 1611 528 τοιαύτην

124 538 390 597 5ὅδοιπορίαν
411 542 653 583 δεδοίκεσαν.
719 540 1000 593 στασιάζουσιν
1026 536 1098 583 οὖν
1120 542 1163 592 ἐξ
1187 541 1331 593 αὔτοῦ,
1365 543 1432 584 καὶ
1450 541 1520 584 τὸν
1537 541 1612 595 μὲν

157 609 326 662 βασιλέα
346 607 608 652 Ἀναστάσιον
633 608 916 667 ε’δυσφήμουν,
937 608 1124 664 Ἰωάννην
1148 611 1192 652 δὲ
1215 610 1285 653 τὸν
1305 607 1490 652 διάκονον
1507 609 1613 667 ῥομ-

157 677 260 736 φαίᾳ
275 676 568 720 ἀναλίσκουσιν.
636 678 821 721 ἐντεῦθεν
837 677 976 721 λοιπὸν
996 678 1033 721 οἳ
1051 676 1188 722 στόλοι
1205 677 1486 721 σκεδάννυνται
1494 710 1508 730 ,
1542 679 1611 720 καὶ

156 745 259 802 πρὸς
289 745 341 787 τὰ
372 747 496 787 οἰκεῖα
527 745 778 789 ἀπέπλευσαν
809 747 985 798 ἕκαστος.
1054 747 1169 789 αὐτοὶ
1199 748 1245 789 δὲ
1268 748 1332 789 ἐπὶ
1358 746 1431 801 τὴν
1454 745 1608 789 ἑαυτῶν
1630 750 1663 786 C

159 811 334 863 ἀνιόντες
370 815 438 855 καὶ
466 813 568 870 πρὸς
600 814 647 857 τὸ
670 813 962 872 ,Ἀδραμύττιον
994 813 1196 870 γενόμενοι
1228 816 1351 869 ε’κεΐσε
1385 813 1613 872 εὖρίσκουσι

104 885 150 920 10
164 879 382 923 Θεοδόσιόν
410 899 500 924 τινα
534 881 685 937 ὄνομα,
720 888 800 925 τῶν
829 884 1033 938 δημοσίων
1056 882 1194 940 φόρων
1215 882 1446 940 πράκτορά,
1477 881 1614 939 ἂπράη

158 947 288 1004 γμονά
314 951 411 991 τινα
430 951 496 991 καὶ
525 950 690 1005 ἰδιώτην
710 944 977 1006 τυγχάνοντα,
1012 953 1079 992 καὶ
1100 951 1202 1008 πρὸς
1221 952 1294 1006 τὴν
1314 956 1387 1006 τῆς
1406 953 1614 1005 βασιλείας

158 1017 275 1067 ἀξίαν
291 1018 592 1074 προτρέπουσιν.
639 1016 662 1060 ὃ
681 1019 726 1060 δὲ
744 1020 878 1075 φυγὰς
893 1018 1019 1076 ᾤχετο
1037 1021 1104 1061 καὶ
1125 1023 1181 1069 εἷς
1198 1019 1293 1076 ὅρος
1311 1018 1615 1076 κατεκρύπτετο.

158 1084 272 1128 αὐτοὶ
293 1087 337 1127 δὲ
353 1084 638 1142 ἐπιδραμόντες
653 1089 720 1129 καὶ
735 1085 974 1142 βιασάμενοι
991 1087 1162 1141 βασιλέα
1180 1104 1223 1131 τε
1242 1086 1530 1146 ἀναγορεύουσι
1547 1089 1616 1130 καὶ

159 1154 262 1207 μεθ’
288 1151 440 1195 ἑαυτῶν
460 1153 616 1208 ἄγουσι.

106 1226 150 1261 15
296 1225 441 1263 Ταῦτα
462 1220 724 1271 Ἀναστάσιος
748 1222 1000 1277 μεμαθηκὼς
1018 1221 1065 1264 τὸ
1086 1223 1161 1276 μὲν
1178 1220 1400 1275 Βυζάντιον
1416 1221 1495 1277 ἤδη
1513 1240 1617 1280 προ-

160 1288 449 1346 κατοχυρώσας
483 1290 525 1331 έν
554 1294 606 1347 τῇ
634 1288 746 1332 πόλει
775 1293 951 1341 Νικαίας
972 1294 1045 1344 τῆς
1064 1289 1168 1332 κατὰ
1186 1292 1388 1332 Βιθυνίαν
1406 1292 1617 1348 ἐξέρχεται,

160 1358 317 1400 κάκεῖσε
347 1355 492 1400 ἑαυτὸν
520 1359 870 1415 κατασφαλίζεται.
937 1357 958 1400 ὃ
991 1359 1036 1401 δὲ
1064 1358 1167 1412 μετὰ
1198 1359 1417 1402 Θεοδοσίου
1443 1360 1615 1416 στρατὸς
1633 1368 1666 1403 D

160 1425 376 1479 συλλαβὼν
410 1424 569 1469 ἅπαντα
603 1427 674 1469 τὸν
703 1431 775 1468 τοῦ
797 1426 986 1481 Ὀψικίου
1013 1427 1186 1483 στρατὸν
1206 1429 1274 1469 καὶ
1294 1431 1460 1470 πλεῖστα
1480 1426 1618 1485 σκάφη

163 1493 360 1551 ἔμπορικά
369 1525 383 1545 ,
409 1496 477 1535 καὶ
496 1494 597 1537 κατὰ
618 1494 664 1536 τὸ
685 1493 764 1548 ἤδη
786 1498 852 1536 καὶ
870 1493 1050 1551 πρόσθεν
1067 1495 1272 1551 εἰρημένον
1291 1497 1620 1553 παραθαλασσίῳ

106 1570 152 1604 20
158 1564 297 1619 χωρίῳ
326 1561 625 1618 Χρυσοπόλεως
652 1564 925 1618 παραγίνεται.
994 1564 1145 1605 ἐκεῖθέν
1178 1581 1220 1606 τε
1254 1564 1325 1620 ἐφ’
1347 1562 1516 1606 ἑκάστου
1536 1571 1621 1614 τοῖς

161 1632 205 1672 ἐκ
225 1634 297 1684 τῆς
316 1628 468 1680 πόλεως
492 1628 667 1684 πόλεμον
686 1631 960 1687 προσέβαλεν,
994 1631 1056 1672 ἐπὶ
1078 1632 1182 1685 μησί
1197 1649 1239 1674 τε
1256 1630 1301 1681 ἓξ
1322 1632 1373 1674 τὰ
1395 1636 1467 1686 τῆς
1486 1631 1622 1687 μάχης

163 1696 359 1754 διήρκεσε.
427 1699 494 1739 καὶ
516 1695 537 1739 ὅ
558 1702 631 1740 τοῦ
644 1697 905 1740 Ἀναστασιόυ
926 1698 1070 1748 στόλος
1087 1699 1190 1754 πρὸς
1208 1704 1266 1756 τῷ
1287 1701 1437 1757 νεωρίῳ
1456 1705 1528 1754 τῆς
1544 1700 1622 1758 πόῇ

163 1769 263 1816 λεως
281 1766 513 1824 καλουμένῳ
530 1766 657 1821 λιμένι
676 1767 868 1822 καταίρει,
889 1764 911 1809 ὅ
930 1766 973 1808 δὲ
990 1770 1062 1811 τοῦ
1086 1767 1304 1811 Θεοδοσίου
1324 1766 1468 1820 στόλος
1486 1768 1624 1819 ἀδείας

253 1884 301 1920 23
323 1881 474 1930 κατήρει
494 1883 545 1929 Ρ,
571 1883 600 1919 f.
624 1882 760 1929 κατῆρε
782 1883 964 1920 petavius.

165 1985 347 2020 multarum
369 1997 484 2020 rerum
505 1985 723 2031 experientia
743 1986 952 2032 praeditum.
998 1985 1057 2021 hic
1079 1984 1266 2020 universae
1283 1984 1386 2020 classi
1403 1986 1625 2032 praepositus

165 2043 242 2066 cum
273 2032 434 2066 Rhodum
466 2032 642 2076 venisset,
673 2043 764 2077 quae
791 2033 830 2066 in
862 2032 1032 2066 mandatis
1064 2033 1217 2066 habebat
1249 2031 1422 2077 exposuit.
1470 2033 1514 2066 ad
1538 2033 1625 2067 haec

165 2078 439 2112 assentientibus
462 2074 620 2112 omnib'us
644 2083 681 2112 et
703 2080 748 2113 ad
770 2078 1002 2123 navigandum
1028 2078 1180 2124 paratis,
1212 2077 1520 2122 501ἰ,οἱ)5ε(1οἱαῐιί
1539 2090 1625 2124 pro-

165 2123 354 2158 fectionem
393 2123 483 2158 illam
522 2125 736 2159 metuebant.
784 2124 845 2169 qui
875 2125 1015 2159 tandem
1046 2124 1219 2158 seditione
1252 2124 1346 2157 facta
1377 2135 1419 2157 eo
1449 2125 1628 2169 progressi

167 2175 250 2202 sunt
272 2175 312 2203 ut
334 2169 526 2204 maledictis
549 2169 586 2203 in
611 2170 828 2206 Anastasium
859 2170 1104 2215 imperatorem
1137 2169 1304 2203 coniectis
1327 2170 1492 2203 Ioannem
1514 2170 1628 2215 ipsum

166 2213 351 2256 diaconum
372 2215 488 2259 gladio
510 2216 735 2260 peremerint.
783 2228 826 2250 ea
846 2228 886 2250 re
909 2218 1003 2251 facta
1019 2221 1096 2250 tota
1119 2215 1239 2250 classis
1264 2216 1331 2248 hue
1353 2214 1503 2259 illucque
1521 2216 1629 2250 dissi-

167 2265 271 2305 pata,
304 2260 432 2304 singuli
454 2260 491 2293 in
515 2261 662 2306 patriam
684 2273 779 2296 suam
805 2262 943 2297 reversi
964 2267 1056 2297 sunt.
1105 2267 1140 2295 at
1162 2260 1343 2295 rebellium
1373 2260 1516 2306 copiae,
1549 2262 1629 2297 dum

168 2310 208 2339 et
233 2305 335 2351 ipsae
365 2316 504 2350 quoque
536 2307 682 2351 patriam
714 2313 881 2352 repetunt
911 2314 948 2342 et
982 2309 1026 2342 ad
1047 2306 1302 2351 Adramyttium
1330 2306 1525 2352 applicant,
1558 2307 1630 2341 illic

167 2351 261 2384 forte
284 2351 521 2385 Theodosium
544 2352 714 2396 quendam
734 2353 951 2397 publicorum
972 2353 1194 2398 vectigalium
1221 2358 1417 2386 exactorem
1434 2352 1630 2399 inveniunt,

168 2396 323 2441 quietum
348 2397 519 2431 hominem
539 2409 581 2431 ac
601 2397 796 2442 privatum,
830 2411 978 2443 eumque
1001 2401 1046 2434 ad
1070 2397 1317 2444 capessendum
1343 2397 1523 2442 imperium
1546 2399 1628 2434 hor-

168 2448 300 2476 tantur.
347 2442 406 2477 ille
428 2444 512 2487 fuga
537 2443 675 2488 elapsus
698 2443 736 2477 in
758 2450 874 2479 monte
894 2445 1046 2480 delituit.
1095 2445 1159 2479 sed
1182 2448 1403 2478 accurrentes
1422 2444 1473 2478 illi
1495 2457 1537 2479 ac
1558 2445 1629 2479 vim

169 2487 362 2523 inferentes
384 2489 630 2534 imperatorem
654 2488 806 2523 salutant
827 2502 868 2526 ac
891 2502 1008 2525 secum
1030 2491 1236 2536 perducunt.

262 2534 363 2568 Haec
391 2529 458 2568 'ubi
487 2534 693 2569 Anastasius
724 2536 910 2581 comperit,
936 2537 1108 2581 Byzantio
1130 2534 1378 2569 munitionibus
1402 2535 1537 2570 firmato
1561 2535 1629 2570 Ni-

173 2590 258 2612 eaea
284 2579 322 2612 in
349 2580 550 2625 Bithyniam
580 2581 759 2627 profectus
794 2586 861 2616 est.
913 2581 966 2617 ibi
997 2583 1154 2617 omnibus
1178 2593 1216 2614 se
1240 2580 1426 2625 praesidiis
1449 2581 1629 2616 instruxit.

172 2623 313 2658 iuterim
336 2625 529 2661 Theodosii
552 2627 675 2672 copiae
699 2627 961 2672 Obsequianum
985 2640 1119 2663 omnem
1142 2626 1331 2660 exercitum
1356 2638 1398 2660 ac
1419 2628 1541 2662 multas
1566 2640 1628 2661 ne-

174 2669 383 2714 gotiatorum
403 2683 512 2706 naves
533 2678 725 2717 occupant3
746 2683 917 2717 moxque,
939 2678 980 2708 ut
998 2674 1102 2720 paulo
1125 2678 1207 2706 ante
1228 2672 1373 2707 relatum
1396 2679 1471 2716 est,
1495 2674 1539 2706 ad
1557 2684 1629 2706 ma-

172 2715 324 2750 ritimam
346 2717 530 2752 stationem
548 2718 862 2763 chrysopolitanae
879 2719 976 2754 urbis
994 2719 1185 2766 applicant.
1230 2717 1313 2752 inde
1332 2729 1534 2763 oppugnare
1558 2729 1633 2752 eam

173 2761 332 2805 aggressi
363 2774 427 2796 sex
459 2764 636 2799 mensibus
666 2764 705 2798 in
735 2764 917 2800 obsidione
947 2766 1152 2811 persistunt.
1210 2774 1301 2808 quae
1338 2764 1417 2798 dum
1453 2769 1632 2809 geruntur,

175 2807 353 2842 Anastasii
373 2807 495 2844 classis
513 2811 558 2845 ad
580 2810 704 2846 navale
727 2810 781 2855 (id
804 2811 901 2847 urbis
924 2811 1043 2858 portui
1066 2821 1191 2846 nomen
1210 2811 1283 2856 est)
1307 2809 1463 2857 appellit.
1512 2809 1633 2844 Theo-

1652 2454 1686 2477 ο..
1711 2443 1778 2477 715
