1890 3224
266 237 358 284 106
588 235 866 290 QUERCIUS
899 235 958 278 IN
992 235 1391 279 EXPEDITIONIS

260 355 299 386 et
333 347 540 386 Saracenis
579 346 627 382 ab
667 346 850 383 Heraclio
891 344 1057 383 divulsis
1085 352 1122 382 et
1149 346 1191 382 in
1216 343 1337 382 fidem
1364 346 1550 396 receptis,
1592 345 1711 382 simul

260 417 398 441 omnes
427 401 656 440 Mohameto
689 401 788 439 duce
816 404 1084 452 conspirantes
1111 403 1251 439 Asiam
1272 408 1310 438 et
1327 401 1502 438 Africam
1523 414 1624 452 pene
1647 407 1710 438 to-

259 467 343 497 tam
362 460 548 496 maximis
570 458 861 496 calamitatibus
881 459 1124 495 afss'urerunt.
1184 456 1276 496 vide
1295 470 1413 509 supra
1431 471 1470 496 v.
1490 459 1557 498 10.

369 539 466 578 220.
523 542 627 573 recte
655 534 942 575 Saracenorum
968 543 1151 574 naturam
1177 537 1354 587 attingit,
1385 538 1454 588 qui
1485 536 1711 587 populatio-

259 595 375 631 nibus
403 594 546 631 intenti
577 599 616 629 et
645 590 856 647 λῃστρικόν
881 596 985 632 vitae
1012 606 1136 644 genus
1162 592 1349 630 ducentes
1375 599 1456 630 non
1477 606 1531 630 ex
1550 591 1711 629 militari

260 650 469 700 disciplina
501 647 658 686 hostem
677 649 874 715 aggredi,
911 649 983 687 sed
1006 651 1205 687 latronum
1228 651 1352 686 instar
1371 649 1595 686 clanculum
1612 649 1711 684 irre-

254 720 368 757 pere,
399 712 437 743 et
454 704 626 757 praeda,
656 706 690 741 si
709 706 866 755 liceret,
895 707 1000 744 facta
1025 720 1067 744 se
1088 707 1263 757 recipere
1283 711 1582 743 consueverunt.
1629 705 1711 740 Bo-

257 761 414 800 chartus
439 764 482 799 in
510 761 688 824 Phaleg.
689 761 759 798 lib.
783 765 809 802 2
830 777 865 799 0.
887 766 915 804 2
940 764 1156 801 Saracenos
1181 776 1204 799 a
1229 762 1445 799 latrociniis
1472 774 1558 799 esse
1587 759 1710 797 dictos

257 819 478 869 contendit,
510 824 601 875 quia
621 827 752 891 α)...
774 823 931 860 Saraka
952 824 1119 861 Arabice
1141 831 1200 861 est
1219 822 1463 860 latrocinari.

366 893 463 932 222.
521 893 565 930 in
576 908 709 943 poem.
734 895 782 932 de
801 894 1025 931 Refflsmrect
1048 897 1074 936 8
1104 893 1158 935 58
1187 893 1242 930 ita
1271 891 1320 929 de
1350 890 1530 929 diabolo:
1559 886 1712 939 κλέψας

255 944 297 988 τό
316 950 476 1001 πρῶτον
495 946 686 1001 μειζόνως
706 946 944 1002 ἄντεκλοῖπη.

364 1012 463 1055 224.
521 1014 571 1053 de
594 1018 804 1055 clementia
825 1018 1000 1055 Heraclii
1018 1018 1062 1054 in
1084 1015 1226 1054 ducem
1244 1017 1532 1055 Saracenorum
1548 1011 1653 1050 nihil
1667 1012 1710 1049 in

253 1068 517 1121 Theophane.

365 1139 461 1180 238.
518 1138 649 1175 innuit
673 1141 916 1188 benignitate
940 1140 1113 1173 Heraclii
1141 1140 1291 1172 factum
1311 1141 1356 1172 ut
1377 1138 1523 1187 aliquis
1543 1137 1710 1173 Sarace-

254 1206 397 1231 norum
419 1192 504 1231 dux
525 1195 563 1231 ei
584 1207 626 1230 se
645 1193 899 1244 adiungeret3
930 1191 1039 1244 quod
1059 1191 1215 1230 videtur
1237 1191 1465 1228 confirmare
1489 1189 1709 1241 Theopha-

254 1263 325 1286 nes
340 1265 387 1299 ρ.
410 1250 490 1290 257
505 1277 515 1295 ,
547 1247 682 1286 dicens
702 1248 896 1301 quosdam
917 1250 1135 1287 Saracenos
1153 1246 1205 1285 ad
1222 1248 1420 1284 Gazacum
1437 1247 1508 1285 sub
1525 1248 1708 1284 Heraclio

253 1306 469 1342 militantes
493 1303 710 1343 Ghosroam
729 1305 909 1356 fregisse.

361 1370 459 1412 241.
518 1384 609 1408 cum
626 1373 813 1424 utrInque
831 1373 958 1423 parati
976 1378 1107 1410 essent
1125 1370 1176 1409 ad
1191 1384 1382 1422 pugnam,
1411 1372 1556 1409 Persae
1571 1371 1709 1408 lunam

253 1435 292 1466 et
314 1428 462 1475 solem,
492 1429 663 1465 Romani
684 1427 805 1466 deum
825 1428 1004 1467 adorant.
1063 1441 1116 1465 ex
1132 1429 1297 1465 militari
1317 1427 1525 1479 disciplina
1545 1428 1709 1475 milites,

251 1491 468 1536 antequam
495 1483 750 1534 dimicarent,
795 1487 915 1523 sacris
948 1485 1226 1537 operabantur.
1283 1483 1375 1522 vide
1403 1486 1579 1521 Leonem
1607 1485 1709 1554 imp.

251 1555 285 1577 e.
311 1540 383 1580 14:
414 1540 462 1577 de
484 1542 551 1586 iis,
582 1554 684 1591 quae
713 1541 777 1578 die
808 1541 902 1579 belli
929 1541 1089 1593 agenda
1117 1548 1224 1578 sunt.
1286 1540 1402 1593 ἔργον
1431 1537 1615 1593 ὀργάνων
1638 1555 1709 1579 και

249 1592 469 1648 κυμβάλων
497 1595 607 1634 idem
633 1609 678 1633 ac
708 1594 860 1649 ὄργανα
882 1597 950 1637 καὶ
969 1594 1168 1649 κύμβαλα.
1224 1595 1621 1633 animadvertendum
1641 1594 1708 1632 hic

250 1659 289 1689 et
314 1652 410 1689 alibi
433 1651 540 1703 apud
558 1651 737 1690 Pisidam
756 1654 938 1704 cymbala
955 1660 995 1690 et
1010 1660 1199 1704 tympana
1220 1653 1330 1689 reiici
1347 1659 1540 1704 tanquam
1557 1653 1706 1689 instru-

248 1715 383 1745 menta
400 1708 582 1758 profana.
636 1721 758 1760 quare
778 1722 869 1746 cum
886 1711 929 1746 in
951 1707 1175 1746 definienda
1197 1709 1339 1745 talium
1353 1709 1706 1745 instrumentorum

245 1765 374 1802 forma
403 1771 442 1800 et
470 1763 696 1802 diversitate
718 1763 943 1816 discrepent
963 1764 1131 1813 eruditi,
1162 1763 1349 1801 standum
1362 1762 1430 1801 hic
1450 1766 1611 1802 omnino
1632 1777 1705 1801 au-

246 1821 416 1858 ctoritati
436 1818 605 1869 Suidae,
637 1821 707 1872 qui
724 1821 781 1857 ita
803 1823 961 1870 statuit,
991 1817 1176 1873 κύμβαλα
1197 1817 1396 1873 θυμελικᾶ
1416 1820 1594 1874 παίγνια.

356 1885 455 1927 242.
515 1885 567 1924 ad
585 1888 883 1937 spurcissimam
901 1889 1113 1924 Persarum
1130 1886 1339 1925 libidinem
1358 1886 1706 1925 demonstrandam

246 1950 426 1981 veterum
461 1945 688 1981 testimonia
724 1942 901 1996 undique
930 1944 1091 1994 collegit
1113 1945 1338 1982 Brissonius
1363 1945 1412 1981 de
1439 1958 1560 1996 regno
1587 1945 1702 1982 Pers.

247 1998 319 2036 lib.
352 2002 379 2040 2
402 2013 451 2050 p.
479 2002 577 2041 293.
634 2012 780 2051 nempe
807 2000 870 2037 illi
895 2001 1008 2052 quasi
1033 2001 1278 2038 mulierculis
1309 2013 1440 2037 carere
1472 2001 1707 2052 neutiquam

246 2062 436 2106 possent,
476 2068 542 2093 eas
569 2068 650 2093 non
674 2055 795 2094 modo
823 2055 876 2093 ad
904 2055 1128 2094 canendum
1158 2058 1201 2093 in
1233 2058 1422 2094 conviviis
1450 2055 1706 2104 adhibebant,

246 2124 387 2149 verum
418 2113 540 2149 etiam
565 2113 608 2148 in
635 2113 873 2150 militaribus
904 2111 1225 2164 expeditionibus
1250 2111 1510 2150 deducebant.
1569 2126 1708 2150 earum

248 2174 382 2205 autem
411 2169 520 2205 varia
550 2175 662 2204 erant
688 2170 846 2217 munia,
877 2168 948 2205 sed
970 2170 1104 2206 omnia
1126 2169 1270 2219 turpia.
1331 2169 1577 2207 celebrantur
1597 2171 1707 2206 enim

247 2224 512 2277 μουσουργοί,
546 2218 800 2276 αυλητρίδες,
828 2220 1041 2276 ψάλτριαι,
1069 2225 1359 2277 κιθαρίστριαι,
1389 2222 1550 2279 ῳδικαῖ,
1581 2221 1706 2277 ὄρχη-

248 2280 426 2331 στρικαί,
466 2278 515 2316 de
549 2279 692 2330 quibus
722 2281 838 2331 plura
865 2282 907 2316 in
934 2279 1095 2317 laudato
1127 2282 1345 2318 Brissonio.
1413 2280 1465 2318 ad
1493 2295 1579 2319 rem
1601 2281 1706 2319 illud

248 2342 403 2372 tantum
430 2333 598 2383 addam,
630 2335 738 2387 quod
766 2349 819 2373 ex
844 2338 1119 2374 Parmenionis
1147 2335 1199 2374 ad
1228 2336 1506 2375 Alexandrum
1537 2339 1704 2389 epistola

249 2391 368 2428 refert
391 2389 642 2439 Athenaeus,
671 2393 776 2428 inter
803 2391 1091 2443 impedimenta
1118 2394 1228 2430 Darii
1255 2400 1429 2445 repertas
1449 2407 1535 2432 esse
1554 2397 1704 2435 παλλα-

247 2447 364 2494 κίδας
383 2444 659 2500 μουσουργους
674 2450 748 2488 τοῦ
765 2448 955 2500 βασιλέως
972 2450 1200 2503 τριακοσίας
1217 2449 1342 2490 εἴκοσι
1359 2448 1485 2490 ἔννὲα.

362 2512 458 2554 245.
513 2526 664 2564 organa
681 2515 854 2564 musica,
884 2516 1027 2568 quibus
1045 2518 1211 2554 canebat
1228 2517 1454 2564 Heraclius,
1485 2522 1596 2554 erant
1612 2518 1704 2568 puri

248 2570 399 2662 icxlielgtilsl
416 2569 594 2663 affectus.
636 2570 782 2610 videsis
800 2571 1062 2623 pentachordi
1079 2572 1414 2625 descriptionem'
1403 2587 1445 2610 1n
1462 2572 1540 2610 fine
1562 2574 1697 2611 Poem.

279 2639 298 2662 e
345 2639 364 2661 e
398 2639 419 2662 ο
484 2640 558 2663 ναν

363 2691 461 2734 249-
517 2694 678 2742 lunam,
707 2701 863 2746 praeter
889 2697 1036 2746 solem,
1067 2698 1233 2736 coluisse
1259 2699 1400 2735 Persas
1427 2695 1702 2734 adnotavimus

254 2759 373 2799 supra
390 2748 561 2786 Aeroas.
588 2751 609 2790 1
641 2753 710 2792 32.
767 2758 807 2789 at
825 2750 891 2789 hic
907 2753 1042 2791 Pisida
1059 2752 1109 2790 de
1128 2755 1223 2791 luna
1240 2760 1395 2790 tantum
1418 2753 1512 2790 facit
1528 2754 1701 2790 mentio-

254 2818 370 2853 nem,
399 2812 443 2842 ut
474 2806 550 2843 sibi
578 2807 685 2844 viam
718 2813 866 2846 sternat
885 2808 937 2846 ad
955 2809 998 2846 id
1019 2808 1127 2862 quod
1145 2809 1194 2847 de
1219 2811 1355 2861 eclipsi
1375 2810 1506 2847 lunari
1527 2808 1700 2846 dicturus

254 2867 313 2898 est
332 2862 375 2898 in
395 2861 472 2899 fine
492 2860 656 2901 huiusce
676 2864 889 2904 Acroaseos
910 2872 948 2904 et
967 2868 1009 2903 in
1028 2867 1222 2918 princiPio
1241 2866 1456 2919 sequentis.
