1890 3224
295 175 360 224 64
513 191 516 194 ’
658 175 1010 220 NICEPHORUS
1044 175 1386 221 CPOLITANUS

297 290 576 347 Τριβουναλίῳ
609 287 805 346 λεγομένῳ
838 289 1044 334 δεκαεννέα
1071 289 1341 346 ἀκκουβίτων,
1383 289 1522 348 στέφει
1550 291 1619 336 τὸν
1655 291 1743 336 υἱὸν

295 360 599 402 Κωνσταντῖνον
625 359 680 408 εἷς
703 358 886 412 βασιλέα.
1360 348 1365 354 1

434 422 531 467 Οἷον
564 426 609 467 δὲ
637 425 740 468 κατὰ
757 426 852 477 τοὺς
867 424 1039 484 χρόνους
1059 425 1229 478 ἐκείνους
1248 429 1338 485 περὶ
1355 426 1429 478 τὰς
1446 425 1592 482 νήσους
1610 431 1682 483 τῆς
1699 445 1742 470 τε

300 491 442 548 Θήρας
462 495 529 535 καὶ
551 493 762 550 Θηρασίας
781 495 1028 549 καλουμένας
1049 495 1322 551 συμβέβηκεν,
1362 496 1411 539 αἳ
1430 495 1534 553 πρὸς
1550 498 1608 552 τῷ
1626 497 1743 551 Κρη-

294 565 392 618 τικῷ
417 560 575 617 πελάγει
599 569 767 614 κεῖνται,
795 565 1075 620 παραδραμεῖν
1093 563 1165 606 οὐκ
1184 563 1308 615 ἄξιον.
1357 564 1507 620 θέρους
1529 561 1639 620 ὥρας
1661 564 1776 607 ἔπιε-5

295 631 486 683 στηκυίας
517 631 741 685 συνηνέχθη
773 631 842 673 τὸν
868 630 1089 674 θαλάττιον
1116 632 1250 685 βυθὸν
1273 635 1456 675 πλεῖστον
1477 629 1538 674 ὅτι
1555 630 1744 686 καπνώδη

295 696 424 750 ἀτμὸν
454 696 751 755 ἐξερεύγεσθαι,
787 700 829 750 ἓξ
858 694 906 742 οὗ
935 701 998 741 ἐπὶ
1021 699 1122 742 πολὺ
1142 700 1413 754 πυκνουμένου
1433 703 1506 741 τοῦ
1527 699 1643 755 ἀέρος
1665 703 1746 756 πῦρ

246 770 278 804 C
300 765 549 822 ἓξαφθῆναι,
585 768 652 808 καὶ
681 765 783 821 μετὰ
811 767 856 810 τὸ
886 767 970 825 πῢρ
996 769 1138 818 λίθους
1163 773 1379 823 συστῆναι,
1414 766 1618 822 ἕνωθῆναί
1634 784 1675 809 τε
1697 770 1748 823 τῇ

295 838 347 890 γῇ
376 837 426 890 τῇ
448 832 552 894 Ἱερᾷ
582 835 808 892 καλουμένῃ
834 833 964 893 νήσῳ,
995 834 1045 888 ἢν
1078 836 1129 890 δὴ
1158 838 1225 879 καὶ
1257 835 1382 891 αὗτήν
1417 852 1517 892 φασι
1541 838 1600 892 τῷ
1623 833 1750 892 ὁμοίῳ

293 900 432 959 τρόπῳ
450 906 524 944 τοῦ
540 904 691 955 βυθιόυ
711 903 964 958 ἀναδοθῆναι
976 902 1136 960 χώρου,
1172 903 1359 962 καθάπερ
1381 906 1448 946 καὶ
1466 903 1538 953 τὰς
1556 902 1750 959 ῥηθείσας
1760 907 1805 943 10

294 968 414 1024 λόγος
447 969 590 1027 Θήραν
618 973 685 1013 καὶ
719 972 931 1028 Θηρασίαν
957 970 1116 1025 νήσους.
1183 977 1239 1029 τῷ
1263 973 1413 1028 ἀπείρῳ
1437 972 1481 1014 δὲ
1503 971 1650 1025 πλήθει
1670 974 1751 1013 τῶν

294 1037 592 1092 ἀναδιδομένων
622 1040 751 1081 λίθων
783 1039 860 1081 ἀνιὶ
889 1043 1023 1081 πᾶσαν
1053 1041 1368 1095 κατεστορέσθαι
1392 1040 1466 1092 τὴν
1491 1040 1640 1092 ἐκείνην
1664 1036 1753 1080 θά-

296 1108 474 1156 λασσαν,
509 1106 670 1148 ἐνθένδε
702 1123 745 1148 τε
775 1106 998 1163 ἀφικέσθαι
1023 1105 1140 1162 ἄχρις
1160 1107 1333 1160 Ἀβύδου
1356 1108 1422 1148 καὶ
1440 1110 1514 1160 τῆς
1527 1105 1751 1155 Ἀσιάτιδος

293 1174 651 1229 παραθαλασσίου.
718 1171 1006 1215 ὗπεκκαίεσθαι
1039 1175 1083 1215 δὲ
1110 1172 1157 1216 τὸ
1192 1173 1465 1232 προσπελάζον
1501 1173 1664 1231 ῥεῖθρον
1697 1171 1753 1223 ὥς

294 1241 400 1295 μηδὲ
420 1238 624 1295 θιγγάνειν
644 1239 768 1282 αὐτοῦ
792 1240 880 1282 τινὰ
900 1240 1045 1290 ἱκανῶς
1062 1240 1175 1295 ἔχειν.
1761 1245 1806 1282 15

434 1307 578 1351 Ταῦτά
603 1324 728 1364 φασιν
753 1307 982 1351 ἀκούσαντα
1012 1308 1081 1351 τὸν
1106 1309 1278 1363 βασιλέα
1303 1307 1603 1363 ὑπολαμβάνειν
1635 1309 1753 1358 θείας
1776 1323 1781 1327 ’

296 1375 419 1432 ὀργῆς
448 1375 546 1418 εἶναι
574 1375 815 1430 μηνύματα,
850 1378 916 1418 καὶ
941 1375 1030 1431 ἥτις
1050 1378 1158 1419 αἰτία
1175 1382 1305 1420 ταῦτα
1323 1379 1495 1432 κεκίνηκε
1519 1377 1754 1431 διασκέπτε-

242 1448 274 1485 D
299 1449 415 1487 σθαι.
484 1445 667 1486 ἐντεῦθεν
688 1445 826 1487 λοιπὸν
843 1445 947 1487 κατὰ
966 1449 1038 1499 τῆς
1055 1445 1256 1499 εὐσεβείας
1270 1447 1432 1488 ἵσταται
1451 1447 1517 1488 καὶ
1538 1449 1618 1487 τῶν
1638 1445 1753 1500 ἱερῶν

295 1511 579 1565 εἷκονισμάτων
593 1516 739 1572 μελετᾷ
754 1512 829 1567 τὴν
847 1514 1085 1569 καθαίρεσιν
1104 1512 1159 1563 ὡς
1175 1515 1217 1555 ἐκ
1233 1518 1314 1556 τῶν
1331 1513 1484 1556 τούτων
1503 1511 1696 1569 ἶδρύσειῦς
1710 1529 1753 1555 τε

294 1582 363 1622 καὶ
394 1579 700 1636 προσκυνήσεως
720 1581 917 1635 γεγονέναι
938 1580 1119 1634 οἰόμενος
1136 1581 1181 1623 τὸ
1202 1580 1434 1637 τεράστιον,
1469 1586 1603 1630 κακῶς
1625 1579 1808 1630 sideham

297 1646 545 1689 ἐκδιδάσκειν
572 1649 615 1689 δὲ
642 1649 712 1689 τὸν
735 1647 835 1689 λαὸν
856 1647 901 1689 τὸ
922 1649 1064 1689 οἰκεῖον
1080 1649 1266 1705 ἐπεχείρει
1287 1647 1432 1703 δόγμα.
1500 1650 1638 1690 πολλοὶ
1656 1652 1752 1702 γοῦν

297 1715 370 1770 τὴν
388 1715 508 1772 ὕβριν
533 1719 604 1769 τῆς
628 1716 839 1769 ἐκκλησίας
861 1714 1191 1771 ἀπωλοφύροντο.
1261 1715 1323 1756 διὸ
1348 1715 1399 1768 δὴ
1420 1717 1487 1757 καὶ
1510 1715 1548 1757 οἶ
1568 1715 1642 1770 τὴν
1660 1713 1754 1757 Ἑλ,-

388 1801 408 1835 1
432 1796 559 1842 στέφει
575 1809 614 1832 τε
633 1797 729 1833 niv?
911 1799 933 1833 8
953 1797 999 1843 τῇ
1023 1797 1070 1842 γῇ
1091 1797 1301 1832 sustulerim.
1348 1810 1394 1833 an
1415 1796 1486 1842 τὴν
1507 1798 1578 1844 γῆν
1600 1796 1694 1844 (τήν
1713 1796 1754 1834 ἐκ

386 1845 463 1925 ἶὲῑῖ
477 1843 599 1924 ἕίθων
623 1844 862 1889 συστᾶσαν)7
1001 1845 1044 1880 12
1067 1840 1208 1878 gnatae?
1240 1856 1284 1878 an
1306 1841 1453 1890 ἐκείνῃῖ
1590 1846 1634 1880 19
1653 1847 1755 1889 μελε-

297 1958 443 2001 ctionis,
475 1957 513 1991 in
544 1957 711 1992 tribunali
744 1958 835 2004 quod
857 1958 1092 1994 novemdecim
1114 1958 1349 1994 accubitorum
1371 1957 1518 2003 dicitur,
1551 1958 1754 1994 Constanti-

296 2015 377 2038 num
400 2003 505 2038 filium
527 2003 771 2048 imperatorem
795 2011 952 2039 coronat.

391 2050 517 2094 Neque
548 2060 632 2083 vero
663 2051 954 2094 praetereundum
995 2054 1068 2094 est,
1106 2050 1190 2095 quid
1223 2050 1267 2084 ad
1296 2050 1450 2084 Theram
1483 2053 1519 2083 et
1549 2048 1754 2084 Therasiam

298 2095 433 2129 Cretici
466 2094 569 2129 maris
596 2095 726 2129 insulas
758 2097 822 2129 sub
851 2096 943 2129 idem
970 2100 1106 2141 tempus
1130 2094 1308 2130 acciderit.
1355 2106 1433 2128 nam
1455 2094 1597 2128 ineunte
1620 2101 1755 2130 aestate

297 2140 451 2175 fumidae
474 2146 511 2175 et
533 2152 664 2186 opacae
692 2140 837 2174 nebulae
858 2142 912 2175 vis
938 2142 1061 2185 ingens
1083 2153 1102 2174 e
1125 2141 1297 2185 profundo
1319 2140 1423 2174 maris
1450 2139 1585 2184 erupit,
1618 2152 1662 2174 ex
1685 2152 1756 2186 qua

297 2186 401 2231 longe
421 2186 560 2230 lateque
584 2187 748 2220 densatus
772 2187 832 2220 aet
855 2187 891 2220 in
913 2187 1028 2231 ignem
1052 2186 1202 2229 exarsit,
1235 2196 1337 2230 quem
1363 2184 1523 2230 lapideae
1546 2185 1652 2220 moles
1669 2187 1753 2221 sub-

300 2237 441 2266 secutae
463 2243 539 2265 cum
562 2231 673 2278 Hiera
697 2232 826 2275 (quam
846 2233 1000 2275 vocant)
1023 2231 1136 2265 insula
1159 2230 1372 2265 coaluerunt.
1418 2231 1506 2264 hanc
1530 2229 1694 2279 insulam,
1717 2237 1757 2267 ut

151 2289 185 2312 a.
211 2277 280 2313 726
304 2282 340 2312 et
366 2279 481 2311 ambas
513 2276 589 2310 illas
620 2287 706 2320 quas
735 2277 904 2320 diximus,
939 2278 1092 2311 Theram
1115 2288 1156 2310 ac
1179 2275 1405 2319 Therasiam,
1438 2276 1559 2310 eodem
1581 2278 1682 2311 modo
1711 2289 1757 2312 ex

300 2324 371 2358 alto
404 2321 587 2356 emersisse
620 2322 750 2354 ferunt.
797 2328 949 2356 ceterum
979 2327 1078 2356 tanta
1108 2321 1176 2355 fuit
1199 2321 1448 2366 erumpentium
1470 2321 1620 2367 lapidum
1641 2323 1756 2377 copia,

300 2374 341 2403 ut
361 2373 471 2403 totum
493 2367 576 2401 illud
594 2378 688 2400 mare
710 2372 968 2412 consterneret,
989 2368 1140 2412 indeque
1163 2366 1324 2411 Abydum
1349 2378 1459 2412 usque
1485 2373 1521 2401 et
1543 2366 1691 2402 Asiaticl
1711 2368 1756 2402 li·-

301 2415 388 2448 toris
422 2425 517 2447 oram
548 2412 746 2447 eiiceretur.
806 2424 950 2457 quorum
985 2413 1087 2447 etiam
1119 2412 1271 2457 lapidum
1302 2413 1446 2456 ardore,
1481 2423 1619 2456 quoquo
1648 2413 1757 2448 delati

302 2464 422 2503 erant,
455 2459 505 2493 ita
528 2458 632 2493 maris
656 2458 748 2492 unda
767 2458 987 2493 concaluerat
1009 2465 1048 2492 ut
1071 2470 1114 2492 ne
1139 2458 1286 2493 admotis
1310 2458 1448 2503 quidem
1469 2458 1626 2492 manibus
1648 2459 1757 2494 susti-

302 2504 379 2538 neri
426 2510 545 2540 ossen,
1741 2520 1743 2523 ·

393 2517 481 2593 Ipiis,
515 2554 555 2583 ut
586 2548 700 2592 aiunt,
735 2549 887 2594 acceptis
910 2549 1101 2602 imperator
1125 2548 1218 2583 haud
1240 2547 1346 2583 dubia
1367 2547 1508 2582 divinae
1531 2548 1606 2583 irae
1626 2547 1758 2584 indicia

302 2598 487 2640 reputans,
521 2595 646 2639 quibus
679 2594 722 2627 de
755 2594 867 2628 causis
901 2601 1055 2629 excltata
1088 2599 1207 2629 essent
1236 2594 1357 2628 anxius
1383 2593 1572 2638 cogitabat.
1621 2606 1664 2628 ex
1686 2605 1756 2639 quo

303 2641 438 2675 demum
465 2641 509 2673 de
542 2640 772 2685 oppugnanda
798 2640 966 2684 religione
990 2653 1031 2675 ac
1055 2640 1165 2675 sacris
1189 2639 1395 2683 imaginibus
1418 2638 1616 2674 evertendis
1640 2639 1755 2675 consi-

303 2685 386 2719 lium
409 2685 544 2730 cepisse
567 2685 715 2728 dicitur,
738 2685 837 2730 quasi
855 2687 899 2719 ob
923 2697 1039 2720 earum
1063 2684 1321 2720 collocationem
1344 2689 1380 2718 et
1401 2685 1638 2719 adorationem
1658 2690 1756 2723 tauta

303 2731 362 2764 illa
392 2731 554 2776 prodigia
584 2731 828 2775 contigissent,
864 2743 1047 2776 perperam
1079 2731 1215 2765 omnino
1243 2730 1337 2764 istud
1359 2730 1628 2776 interpretatus;
1651 2735 1756 2776 atque

307 2776 410 2811 etiam
433 2776 595 2821 populum
625 2777 669 2810 ad
700 2787 796 2811 suam
823 2777 1028 2811 sententiam
1049 2777 1232 2811 traducere
1254 2780 1398 2810 conatus
1421 2780 1487 2810 est.
1535 2777 1756 2820 quamobrem

160 2840 195 2863 a‚
216 2826 285 2863 727
307 2821 465 2869 plerique
497 2822 723 2858 calamitatem
758 2821 927 2859 ecclesiae
954 2822 1132 2868 lugebant.
1181 2827 1218 2857 at
1246 2821 1306 2868 qui
1327 2833 1392 2868 per
1415 2821 1599 2856 Graeciam
1621 2825 1658 2856 et
1679 2822 1754 2866 Cy-
