1890 3224
234 224 283 256 vr
846 210 1077 266 QUERCH

238 317 282 362 ut
309 336 501 376 magnum
529 319 878 375 scevophylacem,
913 330 1015 361 certe
1046 328 1091 360 ut
1117 333 1243 359 unum
1269 332 1323 358 ex
1346 318 1520 360 diaconis
1549 335 1688 361 scevo—

238 391 496 446 phylacibus,
529 390 635 443 apud
661 391 846 442 Sergium
868 398 910 429 et
935 391 1164 429 Heraclium
1183 389 1303 440 plane
1322 391 1538 439 gratiosum
1554 388 1690 428 homi—

237 473 333 498 nem
363 459 582 507 exstitisse,
610 465 747 511 utpote
780 459 850 511 qui
871 458 1044 496 multum
1069 458 1237 510 polleret
1253 456 1414 507 ingenio
1433 464 1474 494 et
1491 456 1691 495 scribendi

237 528 440 566 facultate.
501 525 574 564 sed
595 539 675 564 non
698 525 888 564 audiendi
906 533 998 564 sunt
1015 526 1176 563 omnino
1194 525 1262 577 qui
1283 537 1376 561 eum
1394 523 1512 562 modo
1532 524 1690 563 charto-

237 594 451 648 phylacem
486 593 605 632 modo
643 593 956 631 referendarium
990 593 1154 630 faciunt.
1213 591 1358 630 Suidas
1389 590 1552 644 quidem
1580 592 1623 629 in
1649 605 1689 630 v.

239 659 438 718 Γεῶργιος
457 661 667 700 diaconum
688 669 727 699 et
747 660 1117 713 chartophylacem,
1147 658 1392 711 Nicephorus
1415 660 1599 697 Callistus
1618 672 1692 697 au·-

237 738 322 769 tem
358 732 461 769 Hist.
493 731 546 772 18
576 728 629 771 48
665 728 978 768 referendarium
1004 742 1098 767 eum
1122 728 1311 779 appellat.
1367 729 1549 766 maxima
1570 728 1691 764 etiam

238 797 421 836 codicum
439 810 521 835 mss
540 803 599 834 est
615 798 877 835 inconstantia
894 799 936 836 in
954 798 1069 834 titulo
1089 803 1128 833 et
1146 795 1336 846 dignitate
1357 793 1602 846 designanda
1619 795 1691 832 Pi-

237 865 367 905 sidae:
407 878 503 903 nam
529 865 573 902 in
604 863 805 902 codicibus
832 862 1017 902 biblioth.
1046 865 1178 915 regiae
1206 864 1440 901 Parisiensis
1467 870 1506 900 et
1529 864 1572 900 in
1598 863 1690 915 qui-

237 933 409 972 busdam
426 935 546 972 etiam
561 933 759 972 Vaticanis
775 931 962 970 diaconus
979 929 1254 970 tautummodo
1270 937 1455 979 vocatur3
1486 936 1524 967 et
1540 931 1582 967 in
1601 928 1690 968 cod.

236 1001 535 1042 Vindobonensi
557 1002 638 1042 209
663 998 770 1051 apud
785 1001 1046 1037 Lambecium
1066 1000 1138 1037 lib.
1161 998 1186 1040 5
1205 1012 1246 1050 p.
1269 999 1320 1040 19
1347 997 1536 1035 diaconus
1556 1002 1599 1034 ‘et
1624 1010 1690 1034 re-

236 1069 484 1107 ferendarius
497 1098 507 1118 ,
538 1075 577 1105 et
595 1069 667 1105 lib.
691 1071 716 1109 6
735 1082 776 1120 p.
797 1070 876 1109 162
900 1066 1088 1104 diaconus
1108 1073 1146 1104 et
1166 1065 1480 1117 chartophylax3
1514 1066 1691 1116 itemque

234 1137 277 1174 in
295 1134 480 1174 biblioth.
497 1137 756 1173 Taurinensis
777 1134 864 1175 cod.
887 1134 969 1176 304
991 1132 1300 1185 chartophylax,
1332 1140 1371 1170 et
1396 1134 1440 1170 in
1458 1130 1591 1170 codice
1609 1134 1692 1173 360

235 1201 523 1240 referendarius
565 1201 718 1240 dicitur.
774 1215 983 1254 perperam
1023 1208 1159 1239 autem
1200 1200 1449 1239 doctissimus
1489 1200 1692 1238 Fabricius

235 1271 306 1308 lib.
327 1272 354 1310 7
372 1283 412 1321 p.
433 1271 512 1311 691
537 1276 747 1322 utrumque
776 1271 937 1307 titulum
963 1270 1188 1318 coniunxit,
1221 1276 1259 1306 et
1279 1269 1494 1319 Georgium
1511 1274 1692 1305 nostrum

235 1335 585 1388 chartophylacem
621 1344 660 1374 et
692 1337 1005 1374 referendarium
1033 1336 1268 1374 declaravit:
1308 1349 1403 1373 nam
1431 1347 1692 1387 quaecunque

234 1405 356 1441 fuerit
379 1405 462 1441 eius
488 1402 659 1455 dignitas
674 1433 684 1453 ‚
720 1412 823 1442 certe
851 1418 930 1442 una
956 1405 1077 1442 simul
1094 1402 1385 1455 chartophylax
1404 1411 1443 1441 et
1461 1401 1692 1440 referenda-

234 1472 316 1509 rius
337 1483 422 1509 esse
443 1483 523 1508 non
543 1473 694 1522 potuit,
725 1470 833 1524 quod
851 1470 1168 1523 chartophylacis
1191 1478 1230 1508 et
1249 1470 1508 1508 referendarii
1528 1469 1605 1507 duo
1627 1482 1692 1508 es·-

235 1545 322 1577 sent
340 1550 506 1575 munera
525 1539 568 1575 in
593 1539 758 1576 ecclesia
777 1540 983 1590 Cpolitana
1012 1538 1195 1576 distincta
1209 1567 1219 1587 ,
1251 1551 1352 1590 quae
1372 1551 1455 1576 11011
1478 1551 1580 1576 unus
1603 1537 1691 1575 obi-

73 1617 108 1652 p.
132 1607 213 1643 VIII
236 1612 309 1654 ret,
339 1604 411 1643 sed
427 1617 528 1657 quae
547 1606 696 1642 viritim
711 1607 754 1642 in
774 1604 851 1644 duo
871 1608 1000 1658 capita
1018 1604 1356 1643 distribuerentur.
1414 1605 1559 1642 melius
1573 1605 1691 1641 Alla-

234 1673 313 1710 tius
331 1673 556 1710 testimonio
575 1672 722 1710 Suidae
739 1674 876 1722 fretus,
908 1664 948 1711 et
963 1672 1141 1712 Oudinus
1157 1672 1350 1709 Allatium
1366 1679 1570 1724 sequutus,
1601 1670 1691 1710 dia-

237 1753 382 1778 conum
405 1747 444 1778 et
462 1738 809 1792 chartophylacem
834 1742 1050 1792 Georgium
1068 1741 1335 1778 nominarunt.
1392 1746 1433 1777 at
1453 1741 1690 1779 Guillelmus

236 1808 340 1845 Cave
367 1809 500 1845 minus
527 1814 706 1846 accurate
735 1809 931 1857 scribens,
973 1815 1013 1845 et
1041 1809 1084 1845 iu
1109 1813 1191 1845 toto
1220 1807 1383 1844 articulo
1405 1805 1454 1844 de
1471 1806 1607 1845 Pisida
1628 1815 1691 1846 te-

233 1873 368 1913 xendo
394 1876 561 1926 turpiter
588 1875 827 1925 alucinatus‚
858 1889 950 1913 eum
964 1876 1059 1913 fecit
1077 1882 1116 1913 et
1134 1873 1334 1913 rhetorem
1353 1881 1391 1912 et
1410 1873 1692 1926 chartophyla-

237 1944 325 1980 cem
352 1955 523 1993 magnae
554 1944 743 1981 ecclesiae
778 1944 1031 1995 Cpofltanae,
1073 1941 1218 1981 deinde
1249 1945 1370 1980 etiam
1397 1944 1692 1993 metropolitam

236 2011 320 2049 sive
347 2009 689 2062 archiepiscopum
713 2010 1072 2049 Nicomediensem.
1129 2012 1164 2048 si
1181 2024 1252 2061 pro
1270 2009 1426 2047 rhetore
1444 2013 1606 2060 poetam
1627 2009 1691 2047 di-

235 2078 362 2114 xisset
389 2077 591 2127 Pisidam,
620 2080 734 2117 nulla
763 2086 867 2117 esset
892 2079 1177 2116 controversia:
1217 2085 1258 2115 at
1283 2078 1394 2115 nulla
1422 2078 1507 2115 eius
1533 2084 1692 2116 exstant

238 2156 358 2194 opera
376 2142 578 2182 rhetorum
596 2158 707 2183 more
725 2148 890 2197 scripta,
918 2158 994 2182 nec
1012 2143 1110 2196 quid
1126 2145 1255 2182 simile
1272 2157 1450 2197 unquam
1468 2145 1691 2184 elaborasse

237 2209 429 2248 traditum
458 2218 530 2249 est.
589 2212 660 2250 sed
687 2211 886 2250 rhetorem
916 2219 955 2249 et
983 2210 1324 2263 archiepiscopum
1346 2211 1691 2251 Nicomediensem
1749 2251 1758 2256 ,

236 2278 332 2315 fecit
353 2279 457 2316 Cave
479 2277 619 2316 eodem
642 2292 770 2316 errore
793 2278 932 2316 ductus
946 2307 956 2327 ,
984 2291 1063 2330 quo
1090 2285 1181 2316 ante
1202 2292 1294 2316 eum
1313 2280 1381 2317 alii
1404 2279 1559 2331 decepti
1584 2286 1689 2330 sunt,

238 2346 454 2396 Georgium
493 2344 671 2383 Pisidam
719 2359 810 2383 cum
848 2347 1017 2396 Georgio
1055 2346 1349 2385 Nicomediensi
1390 2346 1688 2396 confundentes,

238 2410 347 2463 quod
372 2412 616 2451 invenissent
642 2420 854 2466 utrumque
872 2415 1051 2465 pluribus
1069 2415 1113 2450 in
1132 2413 1334 2454 codicibus
1353 2422 1393 2453 et
1415 2415 1630 2465 Georgium
1651 2421 1690 2451 et

241 2477 588 2532 chartophylacem
609 2481 875 2532 appellatum3
907 2482 1088 2534 quamvis
1111 2495 1252 2531 nemo,
1282 2481 1391 2535 quod
1411 2483 1555 2530 sciam,
1582 2482 1689 2519 Pisi-

240 2546 333 2584 dam
357 2547 557 2586 rhetorem
584 2550 804 2587 nominavit
826 2556 981 2600 praeter
1001 2551 1127 2598 Cave,
1163 2551 1252 2602 qui,
1282 2556 1326 2587 ut
1346 2547 1522 2598 videtur,
1552 2549 1690 2586 fucum

239 2615 315 2652 sibi
341 2614 427 2652 fieri
453 2629 592 2667 passus
621 2623 680 2655 est
706 2617 773 2655 vel
795 2629 818 2654 a
839 2616 971 2655 codice
994 2615 1179 2655 biblioth.
1197 2617 1362 2654 Antonii
1380 2617 1616 2667 Augustini,
1645 2617 1689 2653 iu

239 2695 317 2734 quo
337 2684 459 2720 oratio
480 2683 536 2731 εἰς
554 2681 598 2725 τό
620 2680 845 2736 εἷσήκεισαν
860 2682 967 2735 naon?
987 2688 1044 2740 τῷ
1062 2686 1218 2738 σταυρῷ
1236 2686 1309 2724 τοῦ
1321 2679 1451 2735 Ἰησοῦ
1470 2684 1542 2721 sub
1561 2682 1687 2721 Geor-

237 2751 294 2800 gii
324 2748 491 2788 rhetoris
520 2752 693 2802 episcopi
721 2750 977 2789 Nicomediae
1002 2753 1164 2789 nomine
1187 2751 1414 2802 legebatur,
1443 2751 1511 2789 vel
1535 2763 1558 2787 a
1577 2748 1687 2788 codi-

237 2817 347 2857 cibus
363 2817 733 2858 Viudobonensibus
756 2818 863 2871 apud
878 2820 1137 2858 Lambecium
1154 2819 1224 2857 lib.
1246 2818 1272 2861 5
1296 2833 1336 2870 p.
1361 2816 1440 2860 144
1460 2823 1499 2855 et
1515 2819 1619 2865 277,
1647 2822 1698 2860 et,
