1890 3224
532 162 604 205 AD
638 161 1009 206 NICEPHORUM
1041 161 1241 205 NOTAE.
1520 162 1612 208 101

162 283 215 309 ex
246 270 303 309 eis
334 270 552 321 interfecit,
579 283 634 311 ac
647 278 846 325 postremo
866 272 1049 311 Prasinos
1074 284 1212 311 omnes
1233 268 1360 309 edixit
1382 268 1521 322 μηκέτι
1537 286 1612 312 πο-

160 323 408 377 λιτευεσθαι,
438 330 480 366 in
508 330 658 367 civium
682 341 761 367 ease
782 342 962 376 numero;
992 328 1101 381 quod
1118 330 1315 366 Diaconus
1332 327 1504 365 militare
1518 327 1612 365 red-

161 382 276 421 didit.
333 386 399 422 vel
426 386 558 436 potius
585 385 694 424 idem
723 391 783 423 est
808 381 1090 426 πολιτεύεσθαι
1115 398 1161 423 88
1185 385 1421 438 publicum·
1409 398 1452 422 111
1472 398 1514 422 18
1533 397 1613 436 pu·

158 441 263 481 blica
281 453 426 478 munus
445 454 595 492 gerere.
652 455 730 494 quo
749 454 869 480 sensu
883 443 1047 479 forsitan
1066 442 1239 479 militare
1257 454 1279 478 8
1298 441 1423 479 Ρ81110
1440 453 1612 492 usurpa-

158 503 245 534 tum
273 503 352 545 est3
384 497 582 550 quomodo
610 506 649 536 et
672 499 865 537 recentior
892 505 999 536 aetas
1028 499 1200 536 militare
1226 496 1330 535 dixit
1345 511 1417 550 pro
1436 510 1483 535 eo
1504 495 1611 550 quod

160 560 220 590 est
238 553 462 591 functiones
486 555 637 607 aliquas
666 568 825 606 gerere,
855 562 899 592 ut
929 554 1138 605 officiales,
1167 555 1339 602 scribae,
1371 554 1611 605 apparitores

160 616 243 658 etc,
274 611 343 661 qui
362 617 539 661 togatam
557 612 743 649 militiam
763 611 936 649 obibant.
996 625 1050 649 ex
1072 613 1121 649 iis
1140 617 1291 649 mutata
1315 611 1510 648 sententia
1529 611 1612 648 Ve-

157 667 260 703 netis
276 667 392 703 illum
407 667 552 705 favisse
570 674 706 720 postea
726 674 891 706 constat.
940 666 1031 706 ideo
1047 675 1137 720 post
1154 669 1238 706 eius
1254 680 1396 705 necem
1414 668 1612 705 Venetum

157 721 334 760 bandum
352 737 424 761 seu
440 725 636 762 vexillum
656 725 699 762 in
717 725 819 762 circo
838 724 1086 762 combustum
1107 731 1166 763 est
1177 754 1188 774 ,
1216 731 1261 761 ut
1278 725 1321 761 in
1337 721 1612 761 Alexandrino

158 777 352 817 Chronico
368 780 552 831 legimus,
607 794 724 833 porro
747 779 825 819 hoc
848 781 935 819 loco
964 782 1163 836 πρασίου,
1190 787 1235 819 ut
1262 786 1346 818 erat
1368 781 1412 818 in
1438 777 1610 829 schedis,

157 836 406 888 reliquimus.

269 906 310 944 p-
330 891 357 934 4
375 906 414 931 v·
432 896 501 935 20.
557 896 642 941 τοῖς
668 891 759 946 περὶ
782 890 857 945 τήν
883 893 1126 946 Καισαρίου]
1155 890 1414 931 incenderant
1434 898 1474 929 et
1493 898 1609 929 antea

155 950 417 999 praetorium,
448 963 526 1002 quo
555 963 649 987 suae
676 951 857 987 factionis
887 948 1067 988 homines
1088 962 1111 986 a
1129 948 1263 987 Phoca
1291 949 1442 986 vinctos
1464 947 1516 985 ad
1533 961 1609 985 ne-

157 1017 244 1041 cem
268 1006 476 1056 eriperent.
522 1008 698 1044 Zonaras
727 1004 995 1057 Theophanes
1029 1013 1068 1043 et
1092 1006 1174 1043 alii.
1232 1006 1308 1043 fuit
1328 1005 1443 1056 cpoli
1462 1004 1608 1042 nobilis

154 1060 320 1098 basilica
337 1062 510 1099 Caesarii
528 1062 668 1110 titulo,
697 1063 763 1099 vel
779 1063 888 1100 vicus
906 1063 1083 1100 fortassis
1103 1061 1222 1100 huius
1240 1062 1437 1108 nominis,
1468 1061 1510 1097 in
1530 1073 1610 1112 quo

155 1117 341 1154 tabernae
372 1125 411 1155 et
440 1116 618 1155 aedificia
646 1115 866 1169 quaedam,
899 1131 1000 1169 quae
1029 1118 1235 1157 Iustiniani
1256 1124 1434 1167 tempore
1461 1116 1611 1154 confla-

156 1180 331 1223 grarunt.
374 1171 645 1224 Theophanes
661 1186 698 1210 8.
718 1174 926 1211 Iustiniani
947 1176 1024 1214 36:
1051 1170 1179 1227 τούτω
1197 1175 1254 1226 τῷ
1272 1171 1347 1212 ἔτει
1367 1187 1464 1224 μηνι
1486 1167 1612 1212 ὀκτω-

155 1229 277 1299 βρίῳ,
315 1227 446 1285 ημέρᾳ
472 1227 522 1278 ὁ’,
559 1229 697 1270 ἰνδικτ.
730 1225 768 1279 ι’,
797 1229 964 1282 ἑσπέρας
993 1229 1166 1281 βαθείας
1191 1228 1352 1298 γέγονεν
1383 1225 1615 1280 ἐμπρησμος

156 1285 276 1338 μέγας
307 1285 351 1326 ἐν
379 1290 463 1333 τοῖς
494 1259 761 1338 1,(αισαρείου,
793 1285 868 1334 ἕως
885 1287 958 1337 τῆς
975 1283 1188 1351 λεγομένης
1201 1281 1453 1337 Ὀμφακερᾶς
1472 1281 1547 1325 ολα
1562 1298 1612 1324 τα

155 1340 394 1394 ἐργαστήρια
422 1341 490 1382 καὶ
519 1342 561 1381 οἰ
588 1344 768 1390 πυλῶνες
796 1341 869 1389 ἕως
902 1344 975 1381 τοῦ
1002 1338 1119 1389 Βοός.
1177 1340 1443 1392 supplendum
1464 1353 1518 1378 ex
1534 1341 1613 1378 Ce-

155 1398 279 1436 dreno
308 1414 376 1438 και
408 1396 566 1450 ἐκαύθη
596 1394 669 1439 ολα
698 1413 748 1438 τα
780 1397 859 1451 ἐργ.
915 1397 1027 1436 idem
1052 1396 1252 1436 Cedrenus
1281 1397 1323 1437 οἱ
1339 1399 1519 1444 πυλῶνες
1538 1398 1615 1437 τοῦ

154 1452 261 1503 Βοός
287 1455 436 1493 scribit.
493 1462 656 1506 apparet
681 1451 731 1494 τοὶ
760 1455 985 1507 Καισαρίου
1011 1455 1076 1493 vel
1100 1452 1191 1505 περὶ
1210 1469 1285 1506 την
1307 1453 1529 1506 Καισαρίου
1548 1454 1612 1491 vi-

156 1512 246 1548 cina
274 1511 398 1549 fuisse
430 1513 586 1562 amplae
620 1510 779 1549 cuidam
811 1511 998 1549 basilicae
1028 1506 1264 1564 ἐργαστήρια
1288 1509 1546 1562 aedificiaque
1569 1507 1614 1547 id

155 1580 280 1618 genus
311 1569 412 1614 aliag
457 1580 559 1619 quae
588 1574 679 1619 post
704 1565 933 1605 incendium
961 1566 1064 1604 illud
1094 1568 1333 1615 instaurata,
1378 1565 1509 1604 denuo
1540 1565 1613 1603 sub

154 1624 328 1661 Heraclii
357 1622 573 1660 adventum
600 1625 762 1661 incensa
785 1630 877 1660 sunt
899 1636 922 1660 8
947 1625 1104 1661 Bonoso
1130 1621 1326 1674 quodam,
1360 1624 1452 1674 qui,
1481 1629 1526 1660 ut
1555 1628 1615 1660 est

153 1681 197 1718 in
227 1680 346 1717 Alex.
375 1678 593 1726 chronice,
622 1676 718 1730 pato}
746 1676 792 1719 τὸ
818 1680 954 1730 βαλεῖν
980 1674 1100 1720 αὐτόν
1119 1681 1201 1731 πῦρ
1220 1678 1390 1730 πλησίον
1409 1680 1491 1718 τῶν
1511 1681 1616 1719 Και-

154 1737 297 1789 σαρίου
318 1737 361 1772 111
379 1735 473 1786 fuga
495 1736 755 1801 interemptus
773 1742 846 1772 est.

267 1805 309 1843 p-
329 1791 355 1832 5
372 1794 472 1831 v.1-
532 1786 690 1838 Φωτιος
708 1789 752 1831 δέ
766 1789 849 1841 τις]
877 1792 1066 1838 Zonaras,
1097 1787 1297 1826 Cedrenus
1318 1795 1378 1826 etc
1396 1787 1614 1827 Photinum
1636 1794 1663 1828 P
1687 1795 1734 1829 60

149 1848 263 1887 hunc
301 1848 524 1899 appellant,
562 1845 708 1888 Chron.
748 1847 869 1884 Alex.
906 1844 1119 1893 Photium,
1160 1857 1281 1896 quem
1310 1846 1365 1883 ait
1395 1852 1615 1890 curatorem

154 1907 279 1943 fuisse
303 1907 383 1945 τῶν
408 1904 651 1954 Πλακιδίας,
676 1902 723 1942 -id
745 1909 804 1941 est
821 1902 963 1941 domus
977 1900 1248 1945 Placidianae.
1306 1902 1415 1939 cuius
1438 1903 1615 1943 muneris

150 1962 339 2000 *meminit
366 1958 636 2011 Theophanes
662 1961 749 1998 loco
767 1961 955 2010 proxime
981 1961 1120 2006 citato,
1149 1971 1224 1994 nec
1249 1970 1328 1994 non
1357 1964 1396 1994 et
1425 1959 1614 1997 curatoris

146 2021 238 2059 τῶν
270 2017 484 2068 Μαρίνης,
514 2030 617 2069 quae
645 2015 808 2056 Arcadii
836 2016 916 2054 filia
939 1987 1212 2054 nobilissimae
1238 2014 1356 2053 titulo
1385 2015 1615 2065 insignitur.

147 2076 362 2126 utriusque
394 2072 535 2112 domus
564 2075 608 2111 in
634 2075 800 2124 regione
827 2074 850 2114 1
875 2072 993 2123 Cpol.
1021 2078 1242 2110 censentur.
1306 2071 1348 2115 iu
1375 2069 1517 2112 eodem
1543 2071 1615 2109 illo

148 2130 342 2169 chronico
369 2130 541 2181 legimus
566 2128 755 2168 Photium
783 2142 874 2174 cum
904 2128 1034 2166 Probo
1060 2129 1224 2179 patricio
1248 2125 1426 2165 Phocam
1444 2140 1498 2165 ex
1514 2126 1615 2165 aede

155 2185 363 2229 Michaelis
390 2184 639 2253 archangeli,
670 2199 773 2239 quae
788 2187 831 2224 in
850 2186 998 2237 palatio
1018 2191 1122 2233 erat,
1150 2184 1391 2222 abstraxisse
1414 2186 1466 2240 τῇ
1488 2180 1521 2229 ς’
1541 2185 1617 2224 τοῦ

158 2238 286 2283 αὐτοῦ
301 2238 440 2307 μηνός,
467 2239 723 2295 διαφαουσης
738 2241 891 2294 ημέρας
911 2239 1106 2294 δευτέρας,
1135 2238 1213 2277 1108
1233 2245 1292 2277 est
1310 2242 1334 2281 6
1355 2240 1440 2277 Oct.
1459 2239 1559 2281 feria
1570 2242 1615 2281 2.

157 2297 230 2338 sed
250 2312 321 2350 pro
345 2294 375 2345 ς’
397 2298 717 2339 substituendum
737 2306 796 2337 est
815 2296 981 2339 εἰ118111
997 2299 1032 2336 31
1048 2298 1133 2335 81113
1151 2298 1300 2333 mensis
1320 2298 1347 2338 3
1362 2296 1463 2333 feria
1478 2300 1505 2338 7
1522 2296 1612 2345 fnit,

156 2363 203 2394 ut
221 2356 341 2408 paulo
361 2362 452 2392 ante
472 2353 650 2404 dixerat,
677 2357 816 2408 utique
837 2356 939 2393 feria
957 2358 984 2396 2
1007 2352 1186 2393 eiusdem
1209 2353 1233 2392 5
1258 2352 1322 2389 die
1342 2352 1479 2390 fuerit.
1592 2360 1593 2363 ’

270 2411 326 2449 ib·
358 2413 495 2452 v-18.
551 2409 652 2453 moi
676 2427 753 2464 την
781 2414 856 2452 τοῦ
882 2408 1037 2481 Βοος]
1042 2413 1238 2448 Zonaras.
1266 2406 1313 2449 τό
1340 2406 1384 2448 δὲ
1413 2404 1615 2461 δύστηνον

158 2470 275 2521 σωμα
296 2470 506 2520 καυθῆναι
523 2482 624 2508 κατα
644 2465 713 2508 τᾶν
729 2470 862 2515 Βοῦν,
890 2461 1037 2508 ἔνθατ
1009 2482 1062 2519 ην
1079 2462 1267 2531 κάμινος,
1297 2479 1352 2512 ως
1370 2463 1540 2518 λέγεται,
1570 2464 1614 2505 ἐκ

158 2527 309 2592 χαλκοῦ’
331 2522 691 2595 κατεσκευασμένη,
711 2527 855 2593 σχῆμα
876 2520 976 2571 Βοὸς
1001 2522 1166 2576 ἔχουσα,
1193 2535 1295 2573 ηπερ
1324 2520 1368 2563 ἐκ
1397 2519 1614 2575 Περγάμου

157 2577 394 2634 κεκόμιστο,
422 2575 511 2630 ἐξτ
481 2596 534 2633 ης
551 2596 620 2621 και
639 2580 663 2622 6
678 2576 802 2628 τόπος
822 2576 1046 2632 ὦνόμαστο.
1087 2584 1170 2615 erat
1187 2578 1230 2614 in
1248 2578 1420 2628 regione
1426 2580 1477 2623 ‚11
1499 2578 1613 2628 Cpol·

271 2636 326 2674 ib
346 2650 386 2674 v·
404 2639 473 2678 23
530 2636 600 2678 καὶ
624 2633 696 2678 τὸν
719 2635 941 2689 βασίλειον]
970 2648 1049 2674 11118
1066 2647 1157 2672 811111
1174 2633 1317 2682 Fabia,
1344 2647 1464 2686 quae,
1495 2641 1539 2671 ut
1559 2634 1614 2670 ait

157 2691 384 2742 cedrenus,
406 2692 588 2732 Endocia
617 2699 755 2761 postea
787 2691 893 2731 dicta
924 2699 1006 2741 est,
1036 2692 1218 2741 coniuge.
1274 2689 1546 2742 Theophanes
1570 2702 1611 2740 p.

163 2750 247 2792 259
265 2750 326 2787 c·
355 2747 550 2791 εἰσελθων
573 2748 617 2791 δὲ
633 2746 859 2801 Ἡρακλειος
881 2748 937 2797 εἰς
957 2745 1006 2789 co}
1019 2747 1205 2800 βασίλεια
1216 2745 1394 2813 Ξστέφθη
1409 2744 1495 2788 υ““πο
1510 2748 1615 2796 Σερ-

163 2806 254 2858 γίου
270 2821 513 2861 πατριαρχσυ
531 2806 576 2848 ἐν
592 2810 646 2863 τῷ
666 2803 859 2861 εὐκτηρίῳ
878 2807 949 2848 τοῦ
973 2803 1091 2858 ἁγίου
1112 2799 1326 2858 Στεφάνου
1348 2802 1390 2845 ἐν
1409 2805 1466 2858 τῷ
1483 2805 1614 2843 παλα-
