1838 3210
524 178 859 223 DESCRIPTIO
892 178 937 223 S.
971 177 1223 225 SOPHIAE.
1502 177 1597 224 107

152 290 432 329 collucentium
459 289 607 342 ubique
632 290 831 328 luminum
863 290 1007 328 seriem
1033 296 1074 328 et
1099 287 1397 327 multitudinem
1417 288 1598 327 observat

152 349 272 385 etiam
288 348 544 385 Beniaminus
560 345 798 385 Tudelensis
817 348 860 384 in
877 346 1082 385 Itinerario
1093 376 1104 396 ,
1137 345 1200 384 his
1219 346 1371 384 verbis:
1413 347 1454 382 in
1472 346 1599 383 medio

150 411 284 441 autem
313 403 455 454 templo
491 403 696 441 columnae
722 410 817 441 sunt
840 417 984 442 aureae
1012 410 1051 441 et
1075 411 1304 456 argenteae,
1356 402 1600 440 candelabra

150 462 327 497 maxima
345 467 384 496 et
403 460 596 506 laternae,
625 459 847 510 lampades,
877 467 914 497 et
927 460 1013 497 alia
1035 473 1081 497 ex
1097 473 1195 497 auro
1214 467 1250 497 et
1266 466 1448 512 argento,
1477 459 1602 510 plura

151 530 273 568 quam
288 516 535 554 dinumerare
555 517 754 568 quispiam
768 520 909 567 possit.

263 571 331 613 49.
387 574 538 610 Exacta
558 580 597 610 et
618 574 795 611 confecta
820 587 872 611 ex
895 572 1147 624 scriptoribus
1168 571 1277 610 aedis
1296 569 1520 623 Sophianae
1538 572 1603 608 fa-

150 628 281 665 bricae
299 628 572 680 descriptione,
601 636 732 680 partes
751 630 860 667 illius
879 632 1083 667 interiores
1102 630 1346 681 singulatim,
1369 627 1508 666 eadem
1524 640 1604 680 qua

149 686 280 736 priora
294 684 497 734 methodo,
524 686 639 724 nobis
656 693 804 724 restant
821 685 1102 724 enucleandae.
1160 688 1202 723 in
1222 693 1300 723 tres
1323 693 1457 723 autem
1476 686 1603 736 potis-

150 742 297 779 simum
317 741 422 793 apud
442 742 633 791 Graecos,
678 750 721 780 ut
752 749 791 780 et
819 742 926 794 apud
950 744 1133 791 Latinos,
1176 743 1372 794 templum
1399 740 1602 791 dividitur,

150 798 261 849 βῆμα
286 799 454 846 scilicet,
492 795 613 848 ναόν,
654 805 693 836 et
715 811 803 836 eam
818 801 862 836 in
883 811 961 851 qua
978 798 1116 837 fideles
1137 802 1366 838 consistunt.
1426 799 1604 850 Symeon

149 852 335 891 Thessal·
358 853 406 891 de
426 855 599 905 templo:
631 852 655 895 ὅ
670 859 784 902 θεῖος
803 852 908 903 ἅπας
926 853 1020 903 ναὸς
1037 856 1250 906 τριαδικιὸς
1267 858 1490 908 θεωρεῖται,
1517 859 1605 902 ταῖς

149 907 230 961 πρό
255 912 330 950 τοῦ
355 913 461 950 ναοῦ
488 909 595 962 φημὶ
624 911 693 951 καὶ
720 914 778 966 τῷ
803 914 890 966 ναῷ
915 911 984 952 καὶ
1011 915 1066 967 τῷ
1086 907 1245 964 βήματι.
1304 913 1439 950 locum
1459 911 1603 962 templi

149 968 440 1005 sanctissimum
452 997 462 1016 ‚
494 974 532 1004 et
547 969 589 1005 in
608 980 686 1021 quo
705 981 815 1006 sacr-a
833 971 1021 1021 mysteria
1039 976 1293 1020 peraguntur,
1322 966 1368 1008 τό
1390 964 1604 1021 ἱερώτατον

149 1024 295 1075 χωρίον
315 1023 382 1064 καὶ
406 1027 488 1071 τοῖς
509 1019 750 1076 ἀπορρήτοις
771 1025 1083 1078 διακεκριμένον,
1108 1027 1167 1062 uti
1185 1026 1408 1077 appellatur
1427 1025 1475 1062 ab
1490 1027 1602 1076 Aga-

148 1077 234 1117 thia
256 1080 284 1117 l.
309 1079 347 1128 5,
376 1082 484 1118 varie
501 1080 626 1119 iidem
646 1082 785 1120 Graeci
807 1089 976 1120 vocant:
1010 1081 1211 1119 interdum
1235 1083 1343 1119 enim
1368 1079 1507 1130 ἄδυτα,
1536 1083 1603 1119 in-
1625 1077 1655 1112 P
1679 1077 1749 1114 560

149 1134 307 1174 terdum
331 1137 519 1190 ἴερατεῖον
537 1145 604 1175 aut
623 1136 935 1191 θυσιαστήριον,
973 1138 1043 1177 sed
1059 1141 1260 1176 communi
1282 1151 1328 1176 ac
1345 1140 1474 1190 magis
1493 1151 1606 1176 rece-

148 1198 217 1243 pto
250 1192 355 1244 apud
389 1194 480 1231 illos
510 1195 702 1232 vocabulo
726 1196 837 1247 βῆμα
857 1202 1107 1247 nuncupant,
1144 1202 1273 1233 totum
1298 1208 1443 1246 nempe
1471 1196 1606 1232 locum

149 1249 267 1286 illum
286 1251 356 1301 qui
374 1251 558 1289 cancellis
577 1264 599 1288 a
613 1264 690 1289 nao
712 1250 946 1303 disparatur.
977 1265 1146 1304 cumque
1160 1254 1204 1289 in
1224 1253 1342 1289 bema
1359 1253 1454 1290 solis
1471 1265 1607 1289 sacer-

152 1304 309 1343 dotibus
328 1308 389 1344 ius
408 1314 511 1344 esset
526 1307 751 1346 introeundi
771 1309 835 1345 vel
856 1310 898 1345 in
916 1322 962 1346 eo
983 1307 1171 1357 sedendi,
1211 1307 1305 1346 inde
1326 1310 1396 1360 qui
1418 1309 1456 1345 ei
1474 1310 1606 1346 inser·-

150 1362 325 1410 viehant,
355 1362 450 1400 dicti
470 1363 511 1403 οἱ
532 1360 612 1403 vind
630 1367 703 1404 τοῦ
722 1361 897 1415 βήματος
914 1366 1103 1416 Gregorio
1126 1367 1402 1402 Nanzianzeno
1420 1371 1517 1402 orat.
1539 1365 1605 1414 19,

153 1424 192 1454 et
211 1431 348 1455 eorum
367 1418 462 1456 ordo
481 1415 590 1468 τάξις
610 1423 683 1460 τοῦ
706 1417 882 1472 βήματος
902 1422 950 1458 ab
974 1420 1115 1458 eodem
1133 1422 1354 1472 appellatus
1374 1427 1471 1458 orat.
1497 1422 1541 1458 in
1562 1421 1608 1458 S.

152 1474 367 1522 Basilium3
399 1474 507 1526 quod
524 1482 563 1513 et
581 1475 630 1513 de
649 1475 903 1514 diaconorum
925 1479 1148 1529 praecipuis
1167 1479 1337 1528 intelligi
1359 1476 1489 1526 debet,
1510 1490 1610 1529 quos

152 1533 391 1582 λειτουργῶν
406 1531 607 1584 ἐκκρίτους
622 1534 835 1583 Dionysius
849 1540 977 1582 vocat,
1008 1536 1078 1586 qui
1097 1535 1281 1585 episcopo
1300 1534 1479 1571 astabant
1500 1546 1612 1571 sacra

150 1586 327 1624 facienti.
373 1594 490 1639 atque
510 1595 555 1625 ut
575 1601 598 1625 a
615 1589 776 1626 Graecis
800 1589 1006 1638 ἴερατεῖον,
1033 1592 1088 1627 ita
1113 1603 1135 1626 a
1153 1591 1304 1628 Latinis
1322 1590 1612 1641 presbyterium

153 1641 319 1692 dicitur,
359 1642 468 1695 quod
488 1646 530 1681 in
551 1657 597 1682 eo
618 1645 694 1682 soli
714 1647 927 1683 consistant
946 1647 1178 1698 presbyteri.
1237 1653 1296 1684 est
1319 1648 1427 1684 enim
1442 1645 1613 1697 presby-

153 1700 295 1736 terium
315 1699 422 1751 apud
442 1701 484 1738 S.
506 1702 747 1752 Cyprianum
777 1703 890 1752 epist.
921 1702 996 1750 35,
1037 1703 1089 1743 46
1124 1710 1162 1740 et
1192 1700 1265 1751 49,
1307 1710 1347 1741 et
1370 1705 1412 1741 in
1443 1704 1612 1754 epistola

151 1756 349 1794 Bonifacii
380 1758 471 1804 PP,
529 1770 630 1808 quae
659 1755 828 1794 habetur
856 1759 899 1794 in
932 1759 1164 1797 collectione
1191 1760 1370 1797 Romana
1397 1761 1609 1809 Holstenii‚

149 1812 473 1863 presbyterorum
492 1811 697 1851 consessus
713 1820 751 1850 et
769 1821 996 1862 conventus,
1027 1817 1097 1866 qui
1116 1815 1324 1867 συνέδριον
1343 1819 1418 1856 τοῦ
1439 1817 1610 1869 πρεσβυ-

152 1869 287 1920 τερίου
309 1867 451 1905 dicitur
470 1869 617 1906 Basilio
640 1871 754 1920 epist.
776 1871 856 1910 319
878 1869 928 1906 ad
949 1872 1151 1908 Innocent.
1211 1870 1260 1908 de
1283 1872 1527 1923 presbyterio
1552 1874 1609 1909 ita

153 1923 330 1976 synodus
347 1926 526 1962 Romana
544 1926 616 1962 sub
635 1927 815 1976 Eugenio
838 1938 870 1962 11
895 1927 961 1963 PP
989 1939 1021 1963 c.
1042 1929 1118 1968 33:
1147 1928 1394 1965 sacerdotum
1415 1929 1633 1966 aliorum--

157 1994 234 2034 que
260 1981 490 2018 clericorum
518 1982 688 2019 ecclesiis
711 1983 960 2019 servientium
985 1983 1149 2021 honores
1178 1997 1206 2021 α
1230 1983 1424 2022 laieorum
1447 1985 1610 2022 discrete

154 2050 348 2088 apparere
370 2039 562 2076 convenit.
624 2038 876 2090 quamobrem
903 2039 1010 2076 nulli
1035 2039 1230 2078 laicorum
1258 2041 1377 2078 liceat
1401 2043 1445 2078 in
1466 2055 1508 2079 eo
1526 2041 1612 2079 loco

156 2093 230 2131 ubi
258 2094 475 2131 sacerdotes
506 2095 697 2147 reliquive
732 2096 869 2132 clerici
900 2097 1142 2143 consistunt,
1185 2098 1295 2148 quod
1320 2097 1611 2149 presbyterium

157 2157 431 2201 nuncupatur,
472 2152 632 2203 quando
658 2153 779 2189 missa
809 2152 1046 2199 celebratur,
1083 2155 1307 2200 consistere,
1349 2162 1394 2192 ut
1419 2154 1538 2192 libere
1561 2169 1612 2192 ac

157 2206 370 2255 honorifice
395 2209 548 2257 possint
575 2223 692 2246 sacra
722 2209 852 2259 officia
878 2223 1062 2246 exercere.
1130 2210 1341 2262 praedictis
1369 2210 1468 2249 haec
1500 2211 1613 2249 addit

158 2262 333 2315 synodus
355 2265 534 2302 Romana
554 2266 626 2303 sub
647 2267 781 2303 Leone
800 2277 847 2304 lv
871 2267 936 2303 PP
958 2279 992 2303 c.
1014 2269 1093 2307 33:
1134 2281 1206 2304 nec
1233 2269 1334 2305 inter
1362 2281 1495 2306 sacros
1514 2282 1614 2305 can-

158 2319 278 2357 cellos
296 2320 501 2358 ordinibus
521 2321 684 2368 debitos,
714 2323 793 2359 nisi
800 2324 1049 2373 permittente
1065 2324 1262 2374 episcopo,
1290 2331 1482 2362 attentent
1499 2339 1614 2363 acce-

159 2375 250 2413 dere
273 2377 483 2414 seculares.
509 2399 517 2403 >
539 2378 608 2416 ubi
626 2379 915 2430 presbyterium
932 2392 1063 2418 sacros
1082 2382 1276 2419 cancellos
1295 2383 1517 2433 promiscue
1539 2395 1615 2433 ap-

158 2433 301 2483 pellari
316 2435 522 2485 perspicue
540 2442 662 2486 patet.
718 2436 768 2473 iis
787 2437 1007 2473 consimilia
1024 2434 1172 2474 habent
1191 2439 1424 2476 Anastasius
1441 2440 1483 2476 in
1506 2440 1615 2476 eius-

162 2488 255 2525 dem
279 2491 424 2527 Leonis
457 2491 537 2528 vita
564 2505 605 2543 p.
629 2493 708 2533 177
734 2498 773 2529 et
792 2493 973 2531 Gelasius
996 2506 1012 2530 1
1036 2505 1140 2545 papa
1164 2496 1278 2545 epist.
1300 2495 1341 2534 9.
1400 2502 1519 2547 atque
1539 2494 1615 2532 hac

160 2546 322 2583 notione
336 2544 623 2597 presbyterium
642 2549 791 2599 passim
808 2556 998 2601 usurpant
1013 2551 1246 2589 Anastasius
1268 2552 1311 2588 in
1335 2552 1428 2589 vitis
1451 2551 1615 2603 pontifi-

163 2613 268 2648 cum,
298 2601 394 2640 ordo
415 2604 630 2653 Romanus,
661 2605 868 2644 Caesarius
884 2605 1142 2657 Eysterbach.
1167 2614 1205 2644 et
1222 2608 1292 2644 alii
1314 2620 1413 2660 quos
1433 2621 1505 2646 suo
1525 2609 1614 2645 loco

163 2656 391 2696 referemus.
449 2659 520 2698 sed
543 2668 582 2698 et
601 2663 840 2699 senatorium
857 2662 1014 2700 videtur
1035 2664 1225 2714 appellari
1246 2665 1288 2701 in
1309 2663 1451 2702 eodem
1477 2663 1615 2702 ordine

163 2714 343 2751 Romano
357 2727 440 2752 non
457 2718 604 2766 semel,
642 2730 740 2756 voce
759 2720 901 2756 Latina
913 2748 924 2768 ‚
955 2731 1057 2771 quae
1076 2718 1185 2757 idem
1205 2719 1313 2772 quod
1334 2719 1618 2773 πρεσβυτέριον

165 2776 299 2807 sonat:
341 2770 411 2807 ubi
442 2773 500 2809 ad
514 2775 755 2812 senatorium
781 2774 925 2813 dicitur
948 2776 1176 2813 descendere
1191 2777 1395 2828 pontifex,
1424 2783 1470 2813 ut
1492 2775 1618 2812 susci-

161 2826 252 2877 piat
267 2824 483 2865 oblationes
491 2830 742 2881 principum,
770 2832 834 2871 vel
854 2839 898 2870 ut
916 2833 1177 2871 communicet
1191 2846 1254 2871 eos
1274 2835 1345 2885 qui
1360 2833 1405 2870 in
1425 2832 1619 2869 senatorio
