1838 3210
238 180 302 226 86
808 179 888 221 DU
923 176 1108 220 CANGII

456 283 641 354 εὖπαγέες
660 287 783 337 τοῖχοι
804 285 983 355 πίσυρες,
1012 283 1157 356 γυμνοὶ
1181 282 1253 338 μὲν
1266 283 1477 348 ὁρᾶσθαι

453 340 654 413 πρόσθεν,
682 340 747 383 ἐπὶ
766 338 937 395 πλευρὰς
956 340 998 382 δὲ
1016 341 1082 381 καὶ
1106 337 1296 409 ἅρραγέας
1313 340 1402 407 περὶ
1419 335 1572 388 νεότονς

455 395 679 464 ἅντιπὸροις
699 399 956 450 σφιγχθέντες
975 397 1217 450 ἐρείσμασιν,
1250 393 1481 448 εὕκαμᾶτων
1501 393 1544 435 δὲ

432 495 438 503 ,
454 469 607 507 τετραχι
627 453 884 523 μοιρηθὲντες
901 451 1189 522 ἐφεδρήσσονσι
1207 453 1420 505 θεμείλοις,

454 509 613 564 πέτραις
630 506 884 563 ἅρραγὲεσσιν
903 506 1087 562 ἄρηρότες
1108 516 1182 547 etc·

102 573 131 608 P
155 573 223 610 544
244 567 367 618 pilas,
396 564 525 619 inquit
552 568 786 618 Procopius,
816 573 1062 617 coagmentat
1090 579 1171 603 non
1204 564 1316 612 calx,
1347 575 1468 615 quam
1491 562 1623 598 vivam
1648 569 1687 599 et

239 623 521 660 inexstinctam
544 629 707 671 vocant,
736 636 816 661 non
844 623 1044 670 bitumen,
1075 620 1145 660 sed
1171 621 1381 672 plumbum
1405 619 1556 656 lacunis
1577 618 1688 654 infu-

243 692 351 727 sum,
383 675 480 719 ἆλλοῖ
503 675 697 730 μόλυβδος
717 677 756 726 ἐς
775 677 892 731 τέλμα
911 677 1051 730 χυθεὶς
1069 676 1136 717 καὶ
1158 673 1300 728 μεταξυ
1321 671 1536 742 πανταχόσε
1555 669 1688 726 χωρή-

243 747 335 783 σας,
369 737 449 775 τῶν
479 749 519 774 τε
547 735 675 775 λίθων
705 737 758 789 τῇ
785 733 958 789 ἁρμονίᾳ
983 730 1195 786 ἐντετηκοὲς
1215 732 1282 773 καὶ
1302 730 1477 772 συνδέων
1506 726 1691 779 ἀλλήλοις

244 786 404 838 αὐτούς.
464 790 571 842 quod
600 797 638 828 et
665 791 793 841 attigit
814 775 1062 829 Silent‘iarius
1081 796 1182 841 part.
1202 792 1228 829 2
1251 802 1290 826 v.
1308 790 1375 828 60
1433 793 1473 824 at
1493 800 1531 825 v.
1551 786 1604 829 39
1627 787 1690 824 vi-

244 846 388 884 detur
377 860 540 884 mnuere
560 847 780 884 immissam
801 848 844 884 in
863 847 965 898 pilas
982 847 1128 884 calcem
1146 857 1262 882 arena
1269 845 1472 881 mixtam:

1061 897 1119 942 ὠν
1146 899 1212 941 διοὲ
1240 899 1384 965 μέσσου

461 960 607 1011 ψῆγμα
624 955 904 1009 πυριφλὲκτοιο
921 957 1041 998 λίθου
1062 960 1258 1026 προχοῇσι
1277 952 1482 1008 κεράσσας,

461 1013 658 1068 ἁρμονίην
682 1010 856 1062 ξύνωσεν
877 1029 981 1066 ανηρ
1000 1011 1191 1066 δομήτορι
1209 1011 1338 1080 τέχνῃ.

246 1069 310 1106 0111
339 1070 508 1106 concinit
538 1072 795 1121 Anonymus,
826 1070 998 1108 scribens
1029 1069 1073 1121 ἕμ
1076 1073 1220 1110 πλασιν
1250 1066 1414 1108 πάντων
1436 1080 1516 1106 των
1536 1067 1693 1106 πινσῶν

243 1126 392 1163 factam
416 1139 501 1163 esse
524 1141 618 1177 μετα
638 1126 770 1166 ἐλαίου
789 1126 854 1165 καὶ
875 1122 1087 1178 ἀσβέστου,
1112 1124 1300 1176 additque
1325 1124 1462 1160 ferreis
1489 1129 1693 1173 praeterea

247 1182 453 1218 vectibus
443 1183 614 1219 uivicem
632 1195 832 1219 connexos
852 1195 935 1219 esse
955 1181 1121 1233 lapides,
1145 1195 1195 1218 ne
1214 1180 1526 1217 convellerentur
1546 1191 1590 1215 ac
1609 1178 1694 1216 dis-

246 1238 412 1274 silirent.
471 1237 577 1289 quod
605 1251 698 1275 vero
728 1236 844 1274 tradit
870 1240 1083 1289 Procopius
1108 1237 1282 1287 singulas
1305 1237 1406 1287 pilas
1429 1234 1573 1272 habere
1596 1234 1694 1272 duas

247 1293 451 1329 columnas
489 1295 531 1329 in
574 1294 636 1330 sui
672 1293 829 1342 medio,
870 1295 926 1331 sic
958 1307 980 1330 a
1013 1294 1143 1344 Gyllio
1176 1292 1427 1330 describitur:
1469 1291 1526 1327 ad
1564 1304 1697 1328 eorum

248 1347 463 1399 (arcuum)
493 1350 616 1385 imam
632 1357 887 1386 curvaturam
907 1356 1097 1386 extremae
1103 1356 1240 1399 partes
1260 1348 1366 1385 ultra
1379 1347 1487 1396 pila-s·
1498 1348 1697 1396 proiectae

248 1405 292 1440 in
316 1404 505 1453 sphaerae
533 1411 717 1455 quartam
744 1412 903 1455 partem
926 1405 1159 1448 recedentes,
1190 1417 1292 1455 quae
1315 1404 1496 1440 nituntur
1514 1409 1698 1453 quattuor

247 1459 449 1505 arcubus,
497 1461 568 1511 qui
603 1467 872 1498 sustentantur
906 1460 1061 1498 duabus
1096 1460 1196 1511 pilis
1238 1458 1452 1496 minoribus
1480 1465 1518 1494 et
1542 1458 1698 1496 duabus

248 1514 476 1553 maioribus.
539 1523 724 1566 quattuor
764 1518 866 1553 enim
894 1517 1007 1566 pilae
1046 1519 1213 1553 maiores
1246 1529 1325 1552 non
1353 1514 1481 1552 solum
1507 1516 1701 1552 sustinent

248 1578 439 1622 quattuor
463 1585 581 1608 arcus
608 1573 792 1617 maiores,
835 1572 906 1609 sed
930 1573 1048 1609 etiam
1077 1585 1212 1609 earum
1239 1570 1423 1621 singulae
1454 1570 1552 1607 duos
1581 1585 1699 1608 arcus

250 1627 436 1672 minores,
467 1640 592 1664 unum
609 1634 838 1678 pergentem
869 1629 912 1663 in
946 1627 1232 1678 longitudinem
1255 1626 1424 1663 alterum
1450 1627 1492 1662 in
1516 1626 1700 1664 latiuidt-

251 1696 341 1719 nem
341 1710 358 1728 ,
388 1682 531 1733 quibu-s·
551 1683 742 1733 templum
757 1683 873 1734 longe
884 1685 1106 1735 porrigitur
1123 1690 1161 1720 et
1176 1683 1256 1719 late
1272 1682 1478 1719 dilatatur.

366 1766 435 1805 29.
493 1767 540 1802 In
560 1766 683 1803 altum
701 1765 867 1816 proinde
888 1765 1049 1803 eductae
1070 1772 1253 1818 quattuor
1270 1766 1438 1803 maiores
1457 1765 1561 1815 pilae
1583 1771 1701 1817 quat-

252 1827 343 1858 tuor
364 1823 534 1859 maiores
560 1834 672 1859 arcus
699 1829 940 1870 sustentant,
971 1824 1039 1874 qui
1061 1823 1103 1859 111
1127 1821 1321 1874 quadrum
1347 1822 1515 1858 connexi
1538 1821 1702 1859 interie-

256 1884 365 1914 ctum
399 1890 497 1927 opus
525 1879 568 1915 in
597 1879 784 1928 trianguli
816 1878 987 1915 formam
1015 1880 1058 1915 in
1085 1885 1268 1930 quattuor
1296 1878 1483 1914 lateribus
1513 1877 1702 1926 efficiunt,

257 1935 368 1971 cuius
391 1934 472 1969 ima
491 1946 580 1984 pars
602 1947 735 1984 presse
756 1936 971 1985 intercepta
991 1947 1151 1971 arcuum
1166 1935 1270 1971 coitu
1289 1940 1446 1970 acutum
1464 1933 1557 1969 facit
1574 1946 1703 1983 angu-

254 1989 342 2026 lum
363 1989 566 2037 infimum‚
597 2002 642 2027 ac
668 1991 845 2041 superior
870 2004 955 2028 sese
978 1991 1180 2041 explicans
1199 1987 1490 2039 hemisphaerio
1511 1990 1702 2026 termina-

255 2050 344 2092 tur,
376 2052 602 2096 ceterosque
623 2047 787 2096 angulos
804 2046 861 2082 ibi
881 2046 1014 2083 efficit.
1070 2047 1126 2082 ita
1146 2046 1383 2096 Procopiusr,
1417 2042 1524 2096 quod
1548 2051 1587 2081 et
1609 2046 1703 2083 atti-

258 2100 317 2150 git
338 2100 586 2137 Silentiarius
605 2107 706 2151 part.
729 2104 755 2141 2
776 2114 815 2138 v.
838 2100 916 2141 53·

690 2152 899 2197 οἷνέσσυται
921 2153 962 2196 δ’
985 2152 1050 2196 ἶσα
1067 2151 1245 2212 τριγῶνω

474 2213 606 2261 τοῖχος
625 2210 879 2259 §maumetis--

256 2267 301 2302 in
329 2263 391 2303 his
415 2266 621 2316 triangulis
651 2268 830 2305 visuntur
858 2268 1075 2305 etiamnum
1102 2264 1221 2305 hodie
1242 2273 1425 2319 quattuor
1441 2267 1704 2318 evangelistae

261 2334 380 2372 opere
403 2322 556 2359 musivo
577 2321 735 2372 depicti.

373 2407 441 2445 30.
499 2406 687 2452 Quattuor
722 2405 843 2456 igitur
881 2418 992 2443 arcus
1030 2405 1199 2444 maiores
1230 2405 1273 2442 in
1301 2403 1480 2442 ordinem
1511 2403 1706 2456 quadrum

263 2459 443 2512 dispositi
469 2462 560 2511 pilis
584 2462 668 2498 istis
693 2468 874 2513 quattuor
891 2462 1103 2499 maioribus
1126 2461 1377 2509 incumbunt,
1405 2461 1612 2499 fulcientes
1630 2460 1710 2499 he-

262 2515 559 2568 misphaerium.
616 2518 849 2569 Procopius:
880 2517 944 2558 ἐπὶ
969 2514 1125 2565 τούτοις
1149 2515 1192 2557 δὲ
1221 2513 1365 2566 ἀψῖδες
1383 2515 1561 2567 τέσσαρες
1583 2517 1627 2557 ἐν
1644 2532 1707 2557 τε-

261 2570 492 2626 τραπλεύρῳ
522 2569 754 2623 ἀνέχουσιν,
781 2574 837 2610 ita
867 2580 911 2611 ut
939 2586 1073 2610 earum
1098 2574 1223 2623 capita
1246 2572 1337 2609 bina
1359 2579 1495 2610 coeant
1513 2574 1707 2623 pilarum-

266 2642 342 2680 que
372 2629 540 2679 fastigiis
567 2629 805 2678 innitantur,
836 2635 1062 2666 curvaturae
1090 2642 1182 2667 vero
1205 2630 1247 2665 in
1268 2627 1516 2665 altitudinem
1534 2630 1706 2666 immen-

266 2697 352 2722 sam
385 2683 619 2722 educantur:
668 2681 716 2724 τὰ
745 2682 788 2724 δὲ
821 2683 871 2736 δη
902 2682 1000 2724 ἄλλα
1028 2683 1226 2739 ἐπῃρμὲνα
1260 2684 1315 2731 εἰς
1345 2680 1566 2737 ἆπὲραντον
1597 2681 1709 2734 υψος

266 2737 456 2795 ᾔῶρηται.
515 2753 560 2777 ac
579 2739 656 2779 duo
683 2739 844 2794 quidem
867 2753 1000 2790 arcus,
1029 2742 1098 2792 qui
1115 2739 1167 2778 ad
1184 2741 1374 2778 orientem
1393 2747 1431 2778 et
1455 2740 1505 2778 ad
1524 2739 1709 2778 occiden-

267 2804 347 2834 tem
374 2797 645 2848 porriguntur,
675 2810 799 2837 vacuo
823 2798 865 2835 in
895 2801 983 2836 a’ere
1011 2798 1128 2835 erecti
1155 2804 1276 2836 stant:
1305 2811 1383 2837 των
1407 2793 1452 2838 δὲ
1477 2792 1638 2848 ἀψίδων
1667 2795 1712 2837 αῖ
