1890 3224
287 176 391 209 xm
867 200 869 202 .
899 160 1129 215 QUERCII

289 271 456 324 collegio
487 273 651 313 Annaeo
665 300 676 321 ‚
707 271 770 311 cui
797 271 935 310 titulus
966 273 1017 311 sit
1052 271 1273 310 chronicon
1293 285 1339 310 ex
1363 272 1508 311 Pisida
1528 279 1567 310 et
1591 273 1738 324 cyrillo

288 342 529 392 decerptum,
559 341 647 392 quis
673 346 809 381 tamen
838 347 990 380 tantam
1007 338 1171 379 habebit
1188 340 1302 382 titulo
1319 337 1439 379 fidem
1459 348 1503 379 ut
1522 342 1558 378 ei
1575 342 1738 393 acquie-

287 417 369 450 scat
382 439 392 459 ‚
421 422 496 450 nec
523 409 656 459 potius
684 406 889 450 addubitet
910 422 956 447 ea
976 409 1141 449 nomina
1158 408 1411 449 amanuensis
1432 409 1589 450 arbitrio
1611 422 1738 460 appo-

286 480 362 517 sita
385 491 471 518 esse
492 477 593 515 libro
606 505 618 525 ,
650 489 740 515 cum
760 490 835 517 neo
854 477 943 529 quis
961 477 1082 517 fuerit
1100 476 1271 527 Cyrillus
1289 489 1364 517 nec
1380 474 1487 528 quod
1506 477 1557 516 sit
1579 475 1740 516 chroni—

286 559 360 584 con
387 544 546 584 Pisidae
575 544 808 585 attributum
833 542 993 584 aliunde
1019 542 1268 583 innotescat?
1326 542 1397 583 sed
1428 544 1526 584 alias
1551 545 1672 584 etiam
1689 543 1739 584 de

49 657 52 661 ¹
85 627 118 662 ρ.
140 615 262 653 XXIV
285 613 363 653 hoc
382 613 525 654 ficticio
545 611 727 653 chronico
747 610 892 651 redibit
909 624 1052 651 sermo.
1111 612 1156 652 in
1173 610 1385 651 chronicon
1398 611 1590 653 Paschale
1606 619 1741 652 autem

286 681 388 722 nihil
417 681 466 721 de
488 694 558 719 suo
581 681 793 721 contulisse
823 679 1001 720 Pisidam
1027 679 1266 721 confidenter
1295 681 1527 719 asserimus:
1559 681 1742 733 quamvis

289 752 396 790 enim
425 749 496 803 (ut
525 762 615 790 cum
638 749 923 797 Du—Fresni0f‚
954 749 1024 800 qui
1048 761 1195 786 novam
1214 745 1379 787 huiusce
1400 746 1573 787 chronici
1597 747 1742 786 editio—v

288 832 382 859 nem
405 817 630 865 adornavit,
659 817 801 869 loquar
821 816 961 867 Praef
976 831 1025 867 p.
1047 814 1099 868 8)
1129 817 1268 866 negari
1297 816 1380 855 fere
1406 829 1488 855 non
1513 817 1637 867 possit
1656 817 1741 855 eius

289 887 419 938 operis
444 887 756 925 continuatorem
774 884 847 928 sub
866 884 1049 923 Heraclio
1064 884 1213 922 vixisse
1224 912 1235 932 ,
1263 890 1351 923 tum
1369 882 1479 935 quod
1495 884 1588 921 libri
1602 885 1743 922 titulus

288 955 331 994 in
358 952 444 995 cod,
471 955 660 993 Vaticano
681 959 720 991 et
739 953 782 990 in
803 950 920 992 codd.
938 947 1207 992 bibliothecae
1228 952 1348 1002 Regis
1367 949 1560 989 Catholici
1578 950 1682 988 illud
1697 952 1742 988 in

290 1035 440 1063 annum
461 1025 516 1063 20
546 1021 720 1059 Heraclii
749 1021 815 1059 vel
843 1027 946 1060 certe
977 1021 1021 1060 in
1052 1020 1161 1059 illius
1188 1026 1368 1070 tempora
1390 1017 1569 1056 desinere
1587 1007 1741 1068 innuat,

288 1096 375 1131 tum
403 1088 511 1141 quod
537 1102 638 1143 quae
666 1088 715 1127 de
745 1087 885 1127 eodem
912 1089 1092 1138 Augusto
1121 1088 1284 1139 eiusque
1300 1087 1420 1137 gestis
1437 1093 1666 1135 narrantur,
1697 1099 1743 1125 ao

288 1156 460 1209 denique
490 1159 712 1209 exscriptae
737 1157 976 1208 prolixiores
1001 1155 1191 1206 epistolae
1214 1153 1266 1191 ad
1289 1155 1500 1191 Persarum
1522 1167 1659 1205 regem
1677 1154 1744 1192 vel

285 1223 493 1277 toparchas
522 1232 598 1263 etc.
654 1224 700 1262 id
731 1223 924 1263 suadeant
953 1224 1135 1271 omnino,
1174 1230 1310 1260 tamen
1332 1235 1415 1260 non
1438 1220 1534 1259 inde
1565 1223 1744 1273 sequitur

285 1294 503 1343 Georgium
538 1291 717 1331 Pisidam
732 1321 744 1341 ,
790 1290 899 1344 quod
934 1290 1077 1329 eodem
1111 1290 1292 1328 Heraclio
1331 1290 1552 1340 imperante
1582 1289 1743 1336 vixerit,

285 1360 462 1401 chronici
491 1367 692 1400 auctorem
718 1358 858 1398 haberi
890 1358 1046 1400 debere.
1105 1357 1183 1397 duo
1210 1364 1343 1395 autem
1359 1363 1451 1395 sunt
1470 1369 1572 1409 quae
1592 1355 1744 1393 faciunt

284 1435 330 1466 ut
354 1429 523 1467 libenter
543 1429 812 1466 Du-Fresnio
832 1429 1116 1476 assentiamur,
1146 1427 1321 1478 primum
1345 1423 1454 1478 quod
1476 1425 1519 1464 in
1539 1425 1611 1472 iis,
1639 1435 1743 1475 quae

286 1494 336 1537 de
356 1497 539 1535 Heraclio
559 1498 603 1534 in
622 1495 805 1535 chronico
826 1497 915 1534 fuse
936 1501 1168 1543 narrantur,
1204 1507 1256 1531 ne
1279 1506 1358 1531 una
1383 1490 1547 1545 quidem
1567 1502 1650 1528 vox
1674 1503 1744 1528 oc·-

286 1571 416 1604 currat
437 1577 459 1604 a
479 1563 615 1602 Pisida
633 1563 683 1601 de
701 1563 845 1602 iisdem
862 1564 979 1601 rebus
995 1568 1137 1613 agente
1150 1567 1346 1612 *usurpata
1358 1589 1369 1608 ,
1399 1566 1445 1600 ut
1460 1559 1584 1596 cuivis
1604 1571 1744 1595 narra-

285 1632 435 1673 tionem
466 1630 642 1671 chronici
670 1630 720 1668 de
750 1632 856 1669 bello
884 1631 1052 1668 Abarico
1070 1645 1118 1680 p.
1142 1630 1224 1669 392
1251 1626 1410 1664 Pisidae
1434 1627 1653 1664 conferenti
1677 1625 1745 1663 fiet

285 1700 567 1748 manifestum3
597 1706 874 1751 praeterquam
901 1697 1010 1751 quod
1039 1696 1214 1735 chronici
1244 1697 1357 1734 stilus
1386 1702 1471 1732 tam
1497 1692 1611 1732 rudis
1626 1700 1685 1731 est
1706 1700 1745 1731 et

286 1768 510 1818 incomptus
522 1796 533 1816 ‚
562 1774 608 1804 ut
623 1774 816 1819 quantum
834 1767 929 1804 licet
945 1765 1180 1804 historicum
1196 1768 1336 1815 poetae
1352 1775 1603 1814 comparare,
1631 1758 1743 1798 nullo

287 1834 409 1875 modo
426 1834 609 1874 videatur
620 1833 779 1873 Pisidae
799 1835 1023 1873 convenire.
1082 1831 1225 1870 deinde
1243 1838 1395 1880 autem,
1425 1837 1470 1868 ut
1486 1844 1559 1881 par
1579 1837 1639 1868 est
1658 1843 1746 1867 ore-

289 1903 404 1952 dere,
435 1904 470 1941 si
495 1905 621 1941 nostri
639 1904 800 1954 Georgii
823 1916 921 1954 opus
941 1908 1043 1940 esset
1065 1899 1278 1938 chronicon
1294 1897 1509 1951 Paschale,
1538 1912 1622 1937 non
1636 1899 1671 1936 is
1693 1897 1746 1935 ad

288 1985 440 2010 annum
454 1974 509 2012 20
529 1972 702 2009 Heraclii
718 1978 875 2009 tantum
893 1969 996 2007 fflud
1014 1970 1294 2021 protraxisset,
1320 1973 1362 2004 et
1379 1979 1442 2004 res
1463 1967 1640 2004 Persicas
1654 1971 1746 2016 post

288 2041 537 2078 interiectam
561 2040 676 2077 illam
706 2038 756 2076 de
781 2038 977 2076 Abaribus
1005 2038 1168 2087 longam
1188 2044 1227 2074 et
1247 2037 1444 2073 minutam
1468 2035 1745 2071 narratiuncu-

286 2112 371 2148 lam
387 2116 472 2146 tam
494 2109 597 2146 sicco
616 2105 718 2158 pede
738 2107 962 2154 transisset,
992 2103 1064 2142 sed
1082 2105 1198 2155 plura
1216 2104 1378 2142 omnino
1399 2101 1449 2139 de
1469 2103 1591 2153 gestis
1614 2103 1744 2139 Hera-

287 2177 356 2215 olii
376 2178 420 2214 in
441 2175 658 2213 chosroam
678 2175 959 2224 congessisset,
989 2179 1028 2210 et
1049 2173 1127 2209 alia
1144 2184 1250 2223 quae
1266 2178 1357 2223 post
1370 2170 1524 2208 bellum
1540 2170 1745 2207 Persicum

287 2258 477 2292 evenere,
507 2249 730 2280 memoratu
750 2242 868 2293 plane
890 2240 1031 2291 digna,
1063 2241 1277 2290 attigisset3
1318 2252 1408 2276 cum
1428 2251 1481 2275 ex
1498 2241 1681 2289 poemate
1701 2237 1745 2273 in

285 2314 482 2352 Severum
520 2317 678 2361 pateat,
720 2310 859 2361 quanti
894 2307 1004 2345 idem
1038 2307 1174 2350 Pisida
1202 2307 1386 2345 facienda
1415 2319 1502 2344 esse
1534 2304 1742 2352 censuerit,

286 2393 388 2433 quae
403 2392 474 2430 pro
490 2377 767 2416 ecclesiasticis
787 2376 1060 2414 controversiis
1075 2374 1364 2427 componendis
1382 2381 1471 2426 post
1486 2386 1628 2425 pacem
1649 2384 1743 2409 cum

285 2449 400 2487 Siroe
422 2449 634 2484 Persarum
653 2458 745 2496 rege
763 2444 961 2482 firmatam
981 2445 1062 2494 egit
1077 2444 1304 2495 imperator.
1362 2444 1444 2480 iam
1459 2455 1552 2480 vero
1572 2439 1743 2479 chrona-.-

286 2514 485 2568 graphum
502 2528 583 2552 non
599 2514 722 2551 fuisse
742 2511 919 2550 Pisidam
936 2512 1054 2549 facile
1065 2542 1076 2561 ,
1107 2513 1268 2563 opinor,
1284 2511 1373 2555 ,sibi
1389 2510 1558 2562 quisque
1575 2519 1742 2559 persua-2

288 2583 420 2621 debit:
463 2581 535 2621 sed
564 2579 895 2632 iambographum
925 2582 1053 2631 egisse
1081 2593 1200 2617 nemo
1231 2592 1351 2617 sanus
1383 2578 1560 2629 negabit.
1618 2587 1742 2627 quare

290 2650 389 2704 quid
408 2649 733 2702 respondebimus
752 2650 798 2696 Q.
817 2649 1009 2700 Septimio
1031 2649 1206 2689 Florenti
1227 2646 1449 2685 Christiano
1462 2676 1472 2694 ‚
1504 2644 1575 2696 qui
1595 2641 1743 2680 idcirco

294 2722 332 2758 ei
357 2719 533 2758 attribuit
557 2718 786 2768 poemation
810 2719 1119 2755 astronomicum
1146 2715 1195 2753 de
1225 2715 1432 2765 Sphaera,
1481 2710 1591 2764 quod
1629 2715 1745 2747 antea

295 2789 367 2828 sub
398 2784 651 2839 Empedoclis
681 2786 746 2825 vel
771 2786 964 2824 Demetrii
991 2785 1177 2823 Triclinii
1201 2784 1362 2822 nomine
1384 2779 1563 2820 ediderat
1584 2776 1746 2816 Parisiis
