1890 3224
290 192 384 223 xnn
727 179 965 233 QUERCH
990 179 1312 225 PRAEFATIO.

290 288 536 336 Fabricium,
568 290 764 339 caveum,
794 287 1009 338 mulinum,
1040 287 1212 342 quorum
1229 290 1443 329 sententias
1458 289 1648 329 haetenus
1669 302 1745 330 ex*—

289 355 512 408 pendimuS‚
545 357 829 408 quamplurimi
846 357 916 394 alii
932 358 1148 410 scriptores
1159 358 1416 407 celeberrimi,
1442 359 1566 411 quiin
1580 358 1747 397 ferendo

290 423 340 461 de
362 423 541 461 eiusdem
556 423 716 463 Pisidae
739 427 893 477 scriptis
911 423 1060 462 iudicio
1089 435 1142 463 ex
1163 425 1312 464 Suidae
1339 426 1470 464 verbis
1497 427 1603 464 male
1630 440 1745 465 acce-

285 492 364 542 ptis
383 497 422 527 et
441 492 652 531 intellectis
673 493 878 531 allucinati
897 498 1002 530 sunt·
1059 503 1155 530 nam
1172 495 1366 546 Bai-onius
1383 493 1434 532 ad
1458 508 1494 532 a.
1513 497 1593 536 627
1615 497 1684 544 29,
1704 501 1746 533 et

284 565 374 609 post
396 571 489 596 eum
507 560 679 611 Pagins,
717 561 846 598 soluta
868 560 1045 598 oratione
1074 562 1279 612 scripsisse
1293 561 1471 601 Pisidam
1488 563 1608 601 'aiunt
1640 576 1746 616 quae
1784 579 1787 587 Δ

284 627 454 665 iambico
481 634 607 666 metro
639 626 826 667 adstricta
852 629 1052 680 leguntur.
1110 630 1166 667 ita
1192 631 1311 682 plane
1337 633 1458 669 etiam
1479 631 1746 669 Bellarminus

285 701 324 732 et
342 695 525 734 Labbeus
556 695 604 733 de
633 697 770 746 script.
801 695 1072 734 ecclesiasta&
1099 695 1308 736 historiam
1334 698 1384 736 de
1413 698 1530 736 rebus
1558 699 1746 736 Heraclii

281 764 377 814 imp.
403 762 565 802 Pisidae
589 763 789 812 tribuunt,
827 777 851 802 a
873 765 1018 816 quibus
1044 778 1125 803 non
1146 764 1328 804 dissentit
1348 765 1572 805 Bandurius
1593 767 1739 819 Antiq.

286 831 358 882 Cp.
374 845 423 882 Ρ.
449 833 546 873 868.
603 831 675 870 sed
702 833 811 870 eoin
833 846 964 870 errore
989 831 1034 870 hi
1063 832 1206 872 ducem
1233 832 1458 872 habuerunt
1480 836 1666 874 vossium
1695 835 1744 872 de

280 898 475 938 historicis
502 899 668 937 Graecis
687 907 778 938 tom.
804 898 831 940 4
858 914 907 951 Ρ.
937 899 1012 941 143
1035 907 1084 938 vet
1103 903 1367 940 Possevinum
1398 903 1442 939 in
1473 902 1590 952 App.
1619 902 1744 939 Saffo

281 976 372 1005 tom.
403 971 420 1009 1
437 983 485 1019 p.
512 967 608 1010 538.
665 967 769 1005 nihil
788 975 923 1006 autem
939 977 1152 1020 peccarunt
1171 969 1222 1007 de
1239 968 1376 1007 Pisida
1393 970 1603 1022 loquentes
1627 970 1743 1007 Guil-

281 1037 427 1074 lelmus
450 1036 660 1075 Crowaeus
681 1037 723 1074 in
735 1036 914 1074 Elencho
937 1037 1186 1088 Scriptorum
1198 1039 1242 1075 in
1260 1038 1303 1076 S.
1321 1038 1567 1088 Scripturam
1576 1051 1624 1087 p.
1646 1036 1743 1085 1494

280 1103 366 1143 Ioh-
390 1106 585 1142 Henricus
602 1105 814 1142 Boeclerus
833 1104 880 1142 de
902 1105 1049 1155 Script.
1075 1105 1242 1142 Graecis
1260 1112 1297 1142 et
1313 1105 1476 1142 Latinis
1488 1119 1536 1155 Ρ.
1559 1105 1627 1153 85,
1657 1107 1742 1142 Ha·-

280 1172 440 1210 drianus
458 1173 667 1211 Bailletius
683 1174 900 1224 Jugemens
922 1173 990 1210 des
1011 1173 1194 1218 Spavans
1213 1179 1305 1210 tom.
1321 1170 1350 1212 4
1363 1186 1411 1222 Ρ.
1436 1170 1517 1212 546
1530 1199 1540 1219 ,
1569 1173 1644 1209 Jao
1660 1173 1742 1209 Le-

278 1240 456 1290 Longius
484 1238 600 1278 Bibl,
635 1241 765 1279 Sacra
797 1248 890 1279 tom.
922 1242 948 1280 2
970 1255 1018 1291 Ρ.
1048 1239 1152 1288 741,
1202 1246 1243 1278 et
1267 1238 1353 1277 1011.
1384 1241 1464 1277 Iao.
1496 1237 1742 1277 Soheuzerus

279 1307 456 1358 Physica
480 1308 608 1346 Sacra
626 1316 719 1348 tom.
737 1310 760 1349 1
783 1311 827 1347 in
833 1309 969 1359 Ρνίηο.
974 1337 992 1355 ,
1019 1308 1087 1346 vel
1105 1305 1214 1359 quod
1232 1307 1390 1344 nullum
1408 1305 1518 1344 aliud
1539 1307 1624 1344 eius
1643 1319 1742 1357 opus

278 1382 434 1426 praeter
449 1377 730 1415 Hexaemeron
747 1378 951 1425 noverint,
993 1376 1060 1414 vel
1091 1373 1199 1428 quod
1226 1373 1276 1412 de
1301 1375 1390 1412 aliis
1410 1387 1528 1411 suum
1550 1373 1742 1412 iudicium

275 1445 526 1494 interponere
558 1445 775 1482 noluerint.
833 1447 991 1483 Isaacus
1020 1443 1277 1482 Casaubonus
1302 1441 1504 1480 Animad.
1537 1442 1582 1479 in
1609 1441 1742 1479 Atho-

276 1523 421 1547 naeum
436 1525 484 1561 Ρ.
510 1513 591 1553 823
616 1513 731 1563 pium
757 1519 796 1550 et
816 1514 1042 1563 elegantem
1061 1512 1277 1562 Georgium
1295 1517 1475 1549 nostrum
1500 1522 1652 1562 aequus
1676 1511 1742 1547 iu-

277 1578 358 1616 dex
380 1579 570 1630 appellat,
600 1577 673 1616 sed
689 1579 1012 1618 emendationem
1029 1581 1073 1617 in
1092 1593 1186 1616 eum
1202 1580 1389 1630 proponit
1407 1591 1529 1631 quam
1547 1585 1592 1615 ut
1608 1579 1742 1616 minus

274 1647 540 1683 necessariam
559 1646 829 1698 recipiendam
850 1661 936 1686 esse
955 1660 1038 1685 non
1061 1645 1282 1695 credimus,
1321 1653 1366 1683 ut
1390 1652 1500 1697 patet
1524 1658 1580 1682 ex
1597 1658 1637 1682 v.-
1658 1644 1742 1687 240

273 1715 321 1751 cle
340 1715 517 1751 vanitate
535 1715 654 1751 vitae.
715 1717 953 1754 Laurentius
976 1716 1140 1754 Crassus
1167 1716 1312 1753 latoria
1334 1713 1395 1751 de'
1413 1714 1525 1764 poeti
1554 1714 1675 1750 Greci
1687 1726 1736 1762 p.

272 1785 355 1823 262
374 1781 543 1820 Suidam
564 1789 721 1820 tantum
742 1784 965 1835 exscripsit,
994 1797 1069 1822 nec
1090 1785 1133 1821 in
1154 1797 1200 1821 eo
1219 1782 1329 1835 quod
1345 1780 1655 1834 reprehenderet
1674 1780 1739 1818 vel

272 1848 504 1887 emendaret
527 1850 695 1888 invenit.
754 1850 896 1889 eodem
915 1853 1035 1904 plane
1060 1850 1181 1890 modo
1206 1853 1328 1889 etiam
1352 1851 1584 1888 Franciscus
1603 1850 1739 1886 xave-

272 1918 353 1955 rius
377 1916 573 1965 Quadrius
591 1919 779 1970 Ragione
800 1919 941 1971 d'ogni
953 1920 1091 1970 poesia
1110 1926 1202 1957 tom.
1227 1923 1262 1962 2·
1271 1933 1317 1970 Ρ.
1340 1917 1416 1960 124
1436 1917 1605 1956 Suidam
1622 1929 1739 1954 secu—
1805 1913 1809 1917 ’

271 1993 335 2023 tus
356 1993 429 2035 est,
459 1985 532 2024 sed
546 1999 757 2038 perperam
778 1988 1039 2036 Encomham,
1071 1986 1181 2039 quod
1199 1987 1316 2025 estin
1341 1986 1384 2024 S.
1405 1987 1462 2022 M.
1483 1984 1739 2023 Anastasium

270 2056 435 2092 Persam
448 2083 459 2103 ,
499 2055 586 2106 ipse
613 2054 708 2093 dicit
736 2069 759 2093 a
776 2055 913 2094 Pisida
930 2059 973 2094 in
990 2057 1221 2094 Heraclium
1242 2055 1432 2104 scriptum
1450 2053 1572 2090 fuisse
1586 2079 1597 2098 ‚
1629 2050 1738 2103 quod

272 2124 393 2159 etiam
420 2123 626 2161 confirmat
652 2131 745 2162 tom.
774 2124 801 2165 4
826 2139 875 2175 Ρ.
905 2124 1003 2166 505.
1073 2124 1133 2160 nil
1163 2129 1297 2160 autem
1323 2123 1458 2158 minus
1492 2126 1734 2172 accuratum,

270 2203 393 2242 quam
414 2190 522 2242 quod
538 2193 738 2242 Dupinius
756 2191 868 2229 Bibl.
893 2192 961 2229 cles
977 2190 1159 2228 Auteure
1181 2190 1316 2227 eccle's.
1340 2188 1456 2226 siecle
1473 2192 1499 2230 7
1518 2202 1563 2239 Ρ.
1588 2189 1663 2236 62,
1695 2194 1734 2225 et

267 2259 484 2307 Morerius‚
539 2261 609 2311 qui
635 2260 800 2310 Dupinii
829 2259 952 2297 verba
977 2260 1020 2296 in
1051 2272 1170 2296 suum
1198 2259 1487 2295 Dictionarium
1519 2255 1733 2302 transtulit,

266 2340 422 2365 necnon
442 2329 475 2364 Ι.
498 2327 716 2365 Graneolas
745 2328 920 2378 Critiqzae
939 2327 1007 2364 des
1026 2325 1206 2363 Auteurs·
1227 2326 1363 2363 eccle's.
1383 2333 1477 2362 tom.
1497 2328 1524 2365 2
1539 2338 1587 2374 Ρ.
1611 2323 1664 2363 64
1682 2322 1732 2360 de

267 2397 438 2446 Georgio
466 2402 601 2433 nostro
632 2393 834 2432 dixerunt.
900 2396 1021 2446 longe
1049 2401 1184 2432 autem
1211 2395 1358 2431 melius
1389 2391 1573 2430 omnibus
1601 2389 1650 2427 de
1683 2404 1730 2428 eo

265 2464 423 2514 scripsit
439 2464 490 2500 D.
511 2464 715 2513 Remigius
737 2463 943 2501 ceillerius
972 2465 1085 2500 Hist.
1110 2464 1178 2500 des
1193 2462 1376 2499 Auteurs
1397 2459 1530 2497 eccle's.
1557 2466 1650 2495 tom.
1678 2459 1729 2498 17

257 2546 305 2581 Ρ.
330 2530 436 2573 532:
467 2545 562 2569 nam
580 2532 645 2570 vel
667 2532 828 2569 omnino
851 2539 957 2570 recta
977 2538 1069 2569 suut
1089 2531 1155 2569 vel
1179 2530 1321 2568 saltem
1338 2527 1610 2579 probabilibus
1632 2539 1729 2564 oon-

262 2599 424 2638 iecturis
447 2599 617 2650 firmata,
647 2612 750 2652 quae
771 2598 824 2637 ad
840 2613 925 2638 rem
942 2602 1093 2652 profert
1113 2612 1158 2636 ao
1174 2597 1364 2636 decernit.
1408 2585 1412 2589 ⁵
