1838 3210
525 177 858 223 DESCRIPTIO
892 177 937 222 S.
975 178 1228 224 SOPHIAE.
1537 182 1602 228 29

286 291 486 349 διζυγέων,
518 291 650 336 νότιον
666 294 710 336 δὲ
728 294 819 336 ποτὶ
839 292 995 351 πτερόν,
1030 293 1131 338 ὄντα
1147 292 1325 347 πυλάων,

286 360 498 412 εὐτάκτους
517 366 708 412 κενεῶνας
725 362 973 416 ἐειδομένους
990 366 1067 406 τινὶ
1084 369 1225 422 παστῷ·
1235 392 1248 416 ,

167 428 251 472 575
284 429 386 485 πρὸς
407 430 450 471 δὲ
468 428 575 488 φάος
590 432 657 472 καὶ
676 429 800 473 νύκτα
822 430 942 473 πάλιν
963 430 1037 473 δύο
1062 434 1198 483 κίονας
1221 433 1368 482 ἄλλους

283 497 507 551 Αἷμονίους
522 497 656 549 δοιούς
670 516 711 541 τε
728 497 992 557 περικλύστου
1007 499 1276 557 Προκονήσου
1285 533 1301 553 ,

281 565 485 620 στήμονας
493 598 508 619 ,
539 564 795 624 ὖψιλόφους,
824 569 980 610 πυλέων
996 567 1166 624 ἄγχιστα
1186 571 1397 625 παγέντας.
1535 580 1601 613 160

283 634 379 675 ἀλλ’
402 636 463 676 ἐπὶ
480 635 553 688 μὲν
571 637 780 692 φαέθοντα
800 635 905 691 πύλη
921 637 1011 691 μία,
1044 637 1147 695 πρὸς
1163 639 1209 680 δὲ
1227 643 1410 694 κελαινῆς

279 702 421 753 νυκτὸς
442 704 532 753 ἕδος
553 704 696 759 δισσῆν
714 706 777 746 ἐπὶ
803 706 960 747 ὁικλίδα
976 705 1076 756 λαὸς
1094 703 1236 749 odedu.

164 770 247 811 580
343 769 469 824 Δήεις
487 772 555 812 καὶ
571 774 704 826 νοτίην
718 771 931 828 βορεώτιδι
951 778 1085 815 πᾶσαν
1104 773 1246 830 ὁμοίην

277 839 508 894 μηκεδανὴν
524 839 740 891 αἶ’θουσαν,
774 840 852 894 ἕχει
873 830 920 883 δέ
935 858 974 883 τι
992 844 1059 883 καὶ
1076 844 1195 884 πλέον
1213 843 1310 898 ἣδε·

279 908 395 962 τείχει
414 906 491 964 γάρ
515 925 591 950 τινι
602 913 739 965 χῶρον
756 909 1051 966 ἀποκρινθέντα
1071 910 1270 967 φυλάσσει
1531 919 1595 954 165

276 976 490 1018 Αὔσονίων
505 981 680 1032 βασιλῆϊ
687 978 944 1028 θεοστέπτοις
961 980 1004 1021 έν
1023 977 1193 1034 ἑορταῖς.

277 1043 378 1086 ἔνθα
400 1044 442 1086 δ’
466 1045 562 1099 ε’μὸς
584 1051 834 1101 σκηπτοῦχος
853 1045 1052 1104 ἐφήμενος
1069 1046 1199 1101 ἢθάδι
1214 1045 1341 1106 θώκῳ

161 1112 242 1155 585
274 1112 535 1167 μυστιπόλοις
549 1115 749 1168 βίβλοισιν
768 1114 836 1170 ἑὴν
854 1117 1068 1158 ἐπέτασσεν
1088 1115 1252 1171 ἀκουήν.

332 1176 421 1223 Ἷσα
441 1183 485 1224 δὲ
501 1190 584 1233 τοῖς
597 1181 793 1241 ὑπένερθε
813 1185 879 1226 καὶ
900 1182 1036 1239 ὖψόθι
1053 1182 1184 1227 πάντα
1201 1182 1336 1239 νοήσει

271 1251 499 1306 θηλυτέρην
518 1251 721 1294 αἶ’θοτσαν
739 1253 780 1303 ἒς
803 1252 1038 1310 ἀμφοτέρας
1055 1270 1116 1303 τις
1140 1252 1344 1295 ἀνελθών·
1530 1259 1595 1293 170

270 1315 298 1373 ἦ
318 1319 397 1375 γὰρ
418 1317 714 1376 ὖπερτέλλουσα
732 1322 835 1378 πρὸς
853 1322 1019 1379 ἕσπερον
1038 1322 1166 1364 οὖκέτι
1189 1324 1319 1372 δοιαῖς

273 1385 340 1441 ἴση
363 1395 452 1437 ταῖς
470 1386 661 1445 ἕτέρῃσιν,
695 1387 795 1446 ὖπέρ
816 1388 1024 1446 νάρθηκος
1044 1391 1175 1432 ῗοῧσα.

156 1455 239 1496 590
334 1455 458 1496 Ἀλλὰ
476 1457 543 1497 καὶ
562 1456 800 1514 ἀμβροσίοιο
822 1457 924 1514 πρὸς
944 1456 1126 1514 ἑσπέριον
1147 1455 1255 1498 πόδα
1278 1461 1378 1511 νηοῦ

267 1522 452 1579 τέτρασιν
474 1523 694 1579 αἰθούσῃσι
714 1527 957 1581 περίδρομον
977 1525 1099 1579 ὄψεαι
1122 1523 1263 1579 αὐλήν,
1526 1528 1591 1565 175

268 1584 326 1633 ὧν
340 1593 415 1644 μία
434 1592 509 1644 μέν
530 1589 707 1648 νάρθηκι
728 1590 993 1645 συνάπτεται,
1029 1594 1136 1649 αἵγε
1156 1594 1231 1647 μὲν
1252 1592 1374 1635 ἄλλαι

267 1659 511 1713 πεπταμέναι
531 1661 741 1703 τελέθουσι
762 1662 1065 1716 πολυσχιδέεσσι
1086 1660 1307 1712 κελεύθοις.

267 1730 495 1783 μηκεδανῆς
512 1729 553 1772 δ’
576 1730 752 1786 ἐρίτιμον
772 1731 814 1780 ἐς
831 1729 1019 1787 ὀμφαλὸν
1036 1732 1200 1773 ἵσταται
1219 1731 1346 1785 αὐλῆς

222 1834 292 1869 573
314 1831 399 1868 ἀντὶ
421 1835 458 1868 G
616 1835 684 1871 577
704 1834 912 1881 στήμονας]
936 1832 1105 1881 ἥρμοσαν
1126 1838 1164 1870 G
1321 1834 1390 1870 582
1409 1831 1586 1875 α’ποκριν-

220 1878 341 1914 θέντα
359 1881 406 1934 (fr,
429 1877 683 1922 ἀποκριθέντα
705 1883 828 1917 codex.
967 1882 1035 1918 589
1058 1879 1174 1917 ἐοῦσα
1191 1884 1227 1917 G
1362 1881 1433 1916 592
1446 1881 1586 1925 ναρθη-

220 1935 512 1961 κοσσνναπτεται
530 1928 566 1962 N

128 2028 207 2052 nem
227 2017 413 2052 bifidarum
435 2023 612 2063 portarum
636 2019 794 2053 cardines
809 2045 818 2062 ,
845 2030 969 2053 versus
993 2029 1078 2053 vero
1098 2017 1357 2053 meridionalem
1379 2017 1516 2063 plagam
1530 2043 1540 2060 ‚
1565 2029 1586 2051 e

127 2063 273 2108 regione
296 2069 484 2109 portarum,
516 2066 611 2098 sinus
637 2066 771 2099 affabre
804 2071 999 2099 exstructos
1031 2064 1204 2099 cenaculis
1227 2064 1357 2097 similes
1376 2068 1584 2097 sustentant.

128 2110 173 2144 nd
196 2109 362 2143 orientem
383 2122 468 2145 vero
493 2115 530 2145 et
552 2111 765 2146 occidentem
782 2122 918 2145 rursum
941 2111 1027 2145 duas
1049 2109 1135 2145 alias
1158 2110 1332 2144 columnas
1349 2108 1584 2151 Thessalicas,

128 2160 165 2190 et
187 2156 272 2189 duas
300 2155 447 2200 perinde
470 2168 514 2190 ex
536 2156 669 2202 inclyta
692 2157 916 2192 Proconneso
939 2157 1124 2201 advectas,
1157 2157 1258 2200 (160)
1281 2166 1371 2201 quae
1393 2154 1585 2189 fulcimenti

127 2201 287 2236 editioris
310 2201 421 2236 instar
441 2202 538 2237 iuxta
560 2208 679 2248 portas
705 2209 903 2248 compactae
926 2208 1019 2237 sunt.
1045 2208 1197 2236 ceterum
1222 2203 1267 2236 ad
1291 2201 1459 2236 orientem
1484 2200 1586 2234 unica

125 2252 364 2327 patetdportaz
389 2248 435 2283 ad
450 2249 724 2295 septentrionem
746 2261 831 2284 vero
855 2261 919 2295 per
942 2247 1115 2294 duplicem
1131 2254 1270 2294 portam
1292 2247 1440 2294 populus
1464 2247 1585 2281 aedem

125 2304 225 2338 lngre
251 2299 333 2327 ltur.

217 2339 380 2373 Invenies
397 2339 533 2384 pariter
554 2341 599 2374 ad
617 2340 796 2375 meridiem
815 2340 952 2385 longam
971 2340 1144 2386 porticum
1161 2338 1429 2385 septentrionali
1448 2337 1585 2372 omnino

124 2384 281 2419 similem.
329 2385 436 2419 habet
455 2398 540 2420 vero
561 2386 620 2420 illa
643 2387 805 2433 quiddam
823 2386 987 2431 amplius:
1013 2387 1114 2430 (165)
1133 2397 1230 2420 muro
1249 2385 1340 2420 enim
1358 2385 1507 2430 quodam
1527 2396 1585 2418 se-

124 2430 254 2465 clusum
277 2430 386 2465 locum
405 2438 524 2466 servat
545 2433 778 2467 Romanorum
800 2431 1016 2478 imperatori,
1040 2432 1085 2467 ad
1107 2431 1264 2466 solennia
1287 2436 1324 2465 et
1346 2442 1368 2465 a
1391 2431 1457 2464 deo
1482 2442 1584 2464 coro-

124 2482 206 2511 nata
228 2478 340 2519 festa;
382 2477 443 2511 ubi
466 2490 561 2512 meus
586 2479 770 2525 princeps,
803 2479 906 2513 solito
938 2478 976 2512 in
1005 2477 1132 2513 throno
1165 2478 1312 2522 sedens,
1348 2476 1458 2511 sacris
1485 2475 1584 2510 libris

123 2533 222 2557 suum
242 2524 391 2568 praebet
413 2524 580 2559 auditum.

213 2569 254 2602 In
277 2569 435 2603 omnibus
457 2581 562 2615 porro
575 2597 585 2614 ‚
609 2575 679 2604 tam
702 2581 852 2624 superne
871 2581 972 2616 quam
995 2570 1154 2614 inferne,
1176 2568 1332 2614 port-icus
1354 2568 1454 2612 (170)
1480 2566 1582 2601 femi-

124 2624 244 2648 narum
272 2615 401 2649 similes
425 2616 677 2651 animadvertet
700 2616 859 2661 qulsquis
883 2621 1063 2661 utramque
1081 2615 1309 2660 ingredietur.
1357 2625 1471 2659 neque
1493 2613 1583 2646 enim

121 2659 182 2739 {²¹11st
205 2662 360 2739 quaessad
380 2661 594 2697 occidentem
613 2662 767 2708 assurgit
788 2667 824 2696 et
843 2674 951 2708 supra
971 2662 1170 2697 narthecem
1188 2659 1423 2706 progreditur,
1448 2659 1581 2693 duabus

157 2717 202 2739 ns
226 2717 290 2738 sun
317 2706 347 2740 's
373 2712 438 2742 est.

216 2751 288 2784 Sed
320 2756 358 2786 et
383 2752 428 2786 ad
454 2753 702 2789 occidentalem
726 2753 866 2788 divinae
890 2754 988 2788 aedis
1012 2754 1136 2799 pedem
1159 2752 1282 2787 atrium
1309 2756 1473 2796 quattuor
1496 2759 1580 2792 por—

122 2796 252 2831 ticibus
286 2796 529 2833 circumdatum
563 2799 646 2833 licet
676 2799 830 2843 intueri,
864 2800 964 2843 (175)
990 2811 1133 2844 quarum
1168 2798 1308 2843 quidem
1331 2808 1399 2829 una
1423 2794 1578 2828 nartheci

125 2843 369 2887 coniungitur,
402 2842 491 2879 aliae
508 2856 592 2879 vero
620 2845 753 2880 semitis
775 2845 952 2881 multifidis
973 2850 1118 2890 apertae
1136 2849 1229 2879 sunt.
1277 2842 1314 2875 in
1336 2839 1461 2875 eximio
1484 2839 1582 2885 longi
1599 2845 1650 2895 ⁸
