1838 3210
276 167 308 213 8
740 168 902 213 PAULI
930 167 1262 214 SILENTIARII

415 281 457 334 ἓξ
478 274 540 325 ὧν
554 280 713 326 ἐδεδίειν
733 279 927 340 πρότερον
948 275 1070 333 αὖθις
1090 280 1279 341 ἄρχομαι.

417 353 450 393 εἲ
469 352 542 405 μὲν
560 350 636 407 γὰρ
660 351 768 401 ἐλπὶς
789 346 839 406 ἦν
862 367 924 401 τις
945 350 1130 394 εὖσθενεῖ
1147 349 1254 410 λόγῳ

306 417 386 461 105
420 422 728 470 συνεξισοῦσθαι
745 423 802 477 τῷ
819 418 894 477 νεῲ
915 423 974 478 τῷ
992 417 1197 477 παγκάλῳ,

420 487 621 544 σφαλερὸν
641 484 816 544 ὑπῆρχεν
836 486 1139 530 ἐπαποδύεσθαι
1153 485 1302 538 πάλαις

421 556 463 597 ἓν
484 553 549 604 αἶς
571 554 616 597 τὸ
633 559 746 597 νικᾶν
766 555 1231 614 παρακεκινδυνευμένον.

422 624 506 666 ε’πεὶ
528 623 572 665 δὲ
591 621 735 674 πάντες
751 623 863 678 ἶσμεν
884 622 939 674 ὡς
960 623 1031 666 οὔκ
1054 622 1103 666 ἄν
1119 640 1214 666 ποτε

421 689 537 747 λόγος
556 693 694 749 φανείη
714 692 936 750 συντρέχων
950 696 1039 741 ταῖς
1054 689 1244 747 πράξεσιν

308 759 388 801 110
420 765 508 810 ταῖς
528 764 599 802 τοῦ
621 760 840 814 βασιλέως,
867 758 948 802 ἔστι
970 758 1014 814 δῖ
1040 753 1091 801 αὗ
1112 762 1191 801 τῶν
1210 756 1391 818 πράξεων
1426 799 1429 802 ,

418 827 465 871 τὸ
485 828 756 883 παμμέγιστον
773 825 799 881 ἦ
821 827 946 877 κτίσις
962 830 1037 870 τοῦ
1056 830 1130 870 σοῦ’
1150 824 1240 887 νεῴ,

421 894 470 938 οὗ
489 895 571 952 χρὴ
593 893 820 946 δεδοικότας
842 896 904 938 ἐπὶ
924 895 1301 952 προδιεγνωσμὲνοις

420 963 549 1018 μένειν
569 961 790 1017 ἀτόλμους,
820 963 924 1005 ἀλλὰ
944 963 1017 1019 τὴν
1037 965 1273 1021 προθυμίαν

424 1038 541 1074 κινεΐν
559 1029 732 1083 ἅπασα-ν,
759 1029 814 1082 ὡς
830 1030 908 1086 ἔχει
923 1050 984 1083 τις
1005 1031 1155 1086 ἰσχύος.

310 1097 390 1141 115
424 1098 502 1154 ἔχει
522 1117 560 1142 τι
580 1099 756 1157 χρηστὸν
777 1099 965 1158 ἂνδρόςῆ
989 1101 1208 1159 παρρησία.

424 1168 459 1210 εἷ
479 1167 536 1222 μὴ
557 1168 634 1224 γὰρ
660 1166 860 1223 εὐτόλμως
877 1186 920 1212 τε
938 1171 1005 1211 καὶ
1022 1173 1183 1227 φρονῶν
1201 1167 1305 1226 μέγα

424 1234 673 1293 ἐδημιούργει
691 1237 760 1281 τὸν
782 1237 879 1281 νεὼν
901 1235 923 1280 ὃ
942 1236 1160 1293 δεσπότης,
1200 1281 1205 1286 ,

421 1302 554 1358 πάσης
573 1302 752 1362 ὑπερβὰς
772 1305 930 1356 ἐλπίδος
949 1307 1142 1363 θεωρίαν,
1164 1336 1165 1339 =

423 1372 494 1414 οὐκ
517 1371 566 1414 ἂν
583 1377 788 1430 προῆλθεν
809 1377 865 1424 εἷς
882 1372 1079 1429 τοσαύτην
1098 1371 1124 1428 ἡ
1145 1368 1260 1422 πόλις

309 1439 391 1480 120
424 1440 621 1493 εὐθυμίαν
638 1457 680 1483 τε
699 1442 765 1483 καὶ
784 1443 941 1499 τρυφὴν
961 1443 1191 1497 εὐδαίμονα.

423 1509 465 1550 τί
483 1503 553 1550 οὖν
573 1508 734 1556 ἀπεικὸς
749 1508 985 1564 πρόσφορον
1002 1509 1229 1563 παρρησίαν

422 1576 476 1617 τὰ
498 1578 568 1616 νῦν
589 1579 764 1631 φανῆναι
780 1575 846 1617 καὶ
867 1572 995 1629 λόγων
1017 1574 1218 1628 ἄζημίωνς

425 1643 452 1685 ἃ
477 1643 553 1699 γὰρ
579 1642 628 1685 ἂν
647 1640 965 1699 παραδράμωσιν
984 1639 1272 1696 ἧσθενηκότες,

426 1710 553 1762 ἔξεστι
569 1715 696 1753 ταῦτα
712 1714 954 1767 προσλαβεῖν
970 1716 1053 1760 τοῖς
1072 1709 1263 1763 ὄμμασιν.

310 1778 390 1820 125
425 1780 547 1836 κρίνει
571 1780 614 1821 δὲ
633 1778 798 1829 τούτους
819 1778 866 1821 οὗ
888 1778 1126 1835 κυαμοτρὼξ
1142 1771 1344 1824 Ἀττικός,

426 1847 520 1889 ἀλλ’
548 1846 688 1902 ἄνδρες
709 1847 880 1900 εὗσεβεῖς
900 1863 943 1889 τε
965 1848 1032 1889 καὶ
1051 1841 1347 1901 συγγνώμονες,

429 1913 489 1965 οἷς
512 1917 577 1958 καὶ
597 1915 642 1958 τὸ
664 1919 777 1957 θεῖον
800 1916 865 1957 καὶ
885 1914 1074 1969 βασιλεὺς
1096 1910 1300 1973 ἒφήδεται,

385 2010 452 2044 103
476 2007 637 2054 ἐδεδείην
656 2009 781 2045 codex:
820 2010 973 2045 correxit
989 2010 1221 2044 Hermannus.
1249 2043 1252 2048 ,
1359 2004 1426 2041 122
1449 1999 1606 2049 ἆζημίαν
1629 2005 1678 2040 G.

289 2085 329 2120 in
347 2096 486 2120 arenam
506 2086 731 2121 descendere.
776 2087 861 2123 illud
890 2088 1003 2133 ipsum
1029 2090 1145 2122 tamen
1174 2084 1268 2132 quod
1294 2086 1421 2118 metum
1446 2081 1557 2128 primo
1580 2083 1738 2130 incussit,

290 2131 469 2166 audaciam
495 2143 630 2166 rursum
652 2131 794 2177 ingerit.
841 2131 873 2167 si
902 2132 992 2166 enim
1020 2144 1101 2177 spes
1126 2132 1295 2178 quaedam
1325 2128 1509 2173 affulgeret
1539 2141 1643 2175 posse
1675 2143 1740 2166 nos

290 2177 396 2210 beata
422 2176 559 2210 dicendi
589 2177 692 2222 copia
722 2177 821 2222 (105)
846 2177 967 2223 templi
988 2177 1275 2223 pulchritudinem
1300 2174 1438 2219 assequi
1461 2180 1497 2209 et
1518 2175 1740 2222 aequiparari

291 2221 490 2266 scribendo,
513 2233 570 2256 res
592 2226 685 2258 esset
702 2234 786 2257 sane
803 2223 948 2265 lubrica,
974 2228 1147 2258 certamen
1164 2221 1308 2268 aggredi
1327 2220 1365 2254 in
1388 2231 1457 2264 quo
1477 2220 1619 2257 vincere
1640 2223 1738 2267 peri-

292 2266 446 2301 culosum
471 2271 576 2302 esset.
623 2280 698 2303 cum
718 2280 803 2302 vero
826 2269 912 2303 satis
934 2268 1164 2313 intelligamus
1189 2278 1306 2303 omnes
1339 2266 1465 2300 nullam
1485 2277 1633 2311 unquam
1659 2280 1739 2302 ora-

292 2312 420 2346 tionem
453 2313 552 2357 (110)
588 2313 690 2348 factis
711 2314 932 2359 imperatoris
955 2315 1168 2360 respondere
1185 2324 1311 2358 posse,
1346 2311 1383 2345 id
1404 2323 1490 2346 vero
1512 2313 1605 2357 quod
1628 2319 1684 2348 est
1702 2314 1741 2348 in

293 2358 397 2392 factis
422 2357 509 2403 ipsis
531 2359 728 2403 maximum,
755 2371 832 2394 esse
854 2359 975 2404 templi
997 2360 1292 2403 aedificationem,
1327 2368 1393 2403 par
1410 2369 1479 2391 non
1502 2363 1559 2392 est
1579 2359 1740 2403 profecto

293 2406 333 2437 ut
356 2410 543 2448 conceptus
567 2405 610 2438 de
629 2407 732 2439 rebus
755 2405 823 2440 iam
847 2410 928 2439 ante
951 2405 1063 2440 animo
1086 2405 1238 2451 provisis
1255 2405 1360 2439 timor
1376 2403 1525 2438 audendi
1541 2404 1641 2438 nobis
1661 2405 1740 2439 ani-

293 2459 384 2482 mum
407 2449 554 2492 adimat3
579 2451 641 2485 sed
663 2450 798 2495 potius,
823 2454 985 2495 quantum
1012 2456 1067 2486 est
1087 2452 1124 2485 in
1149 2461 1356 2495 unoquoque
1378 2449 1524 2492 virium,
1547 2461 1679 2485 omnem
1702 2451 1741 2486 in

293 2494 395 2528 nobis
419 2495 631 2529 alacritatem
657 2496 857 2531 excitemus.
905 2497 1005 2541 (115)
1027 2498 1133 2532 habet
1150 2497 1187 2530 in
1207 2508 1246 2531 se
1263 2495 1346 2531 boni
1363 2494 1494 2540 aliquid
1511 2495 1657 2530 hominis
1675 2507 1739 2531 au-

294 2539 416 2574 dacia:
452 2540 520 2574 nisi
551 2541 640 2575 enim
670 2541 845 2587 intrepido
878 2553 1021 2587 prorsus
1054 2548 1091 2577 et
1121 2542 1211 2576 elato
1234 2541 1346 2575 animo
1369 2540 1530 2586 templum
1554 2541 1741 2577 excitasset

291 2584 494 2630 imperator,
518 2586 626 2620 totius
646 2586 683 2621 in
705 2599 745 2621 re
765 2587 842 2631 spei
864 2587 1111 2632 cogitationem
1132 2587 1324 2631 excedens,
1347 2598 1415 2620 non
1436 2587 1482 2621 ad
1504 2591 1634 2621 tantam
1656 2599 1740 2634 per-

294 2630 453 2665 venisset
483 2632 566 2666 urbs
592 2632 692 2676 (120)
712 2631 924 2667 alacritatem
958 2640 994 2668 et
1021 2633 1236 2668 felicitatem.
1282 2631 1365 2678 quid
1386 2631 1495 2675 igitur
1514 2638 1654 2678 praeter
1675 2633 1739 2668 de-

295 2687 412 2714 corum
435 2676 549 2711 videri
571 2678 697 2722 debet,
721 2678 752 2712 si
775 2678 870 2712 utilis
893 2680 992 2713 modo
1010 2679 1179 2714 innocuae
1200 2678 1367 2713 orationis
1385 2677 1530 2712 libertas
1553 2679 1740 2724 erumpat?

293 2732 451 2766 quaecun
477 2733 519 2756 ue
539 2723 626 2758 enim
645 2735 730 2768 prae
749 2723 987 2759 imbecillitate
1029 2724 1288 2769 raetermiserit,
1311 2735 1354 2759 ea
1371 2723 1493 2758 licebit
1509 2725 1616 2760 oculis
1636 2735 1739 2760 usur-

292 2777 392 2811 pare.
451 2733 555 2814 3125)
582 2768 745 2804 iudicium
775 2781 880 2816 porro
909 2772 953 2806 de
983 2770 991 2779 ”
1019 2782 1039 2805 a
1073 2771 1255 2816 proferunt
1284 2781 1352 2807 non
1381 2770 1538 2804 fabarum
1569 2774 1740 2805 comestor

294 2812 531 2861 Atheniensis,
555 2815 617 2851 sed
635 2814 704 2851 viri
725 2815 777 2862 pii
801 2821 838 2852 et
859 2817 975 2863 aequi,
999 2816 1123 2863 quibus
1139 2819 1177 2853 et
1193 2816 1279 2852 deus
1302 2820 1338 2852 ct
1354 2814 1543 2862 imperator
1561 2814 1738 2852 oblectan-
