1890 3224
375 180 452 224 DE
483 179 672 225 REBUS‘
697 178 845 224 POST
875 175 1194 222 MAURIGIUM
1226 175 1435 222 OESTIS.
1573 176 1639 222 31

320 294 448 339 Μετὰ
462 297 582 337 τοῦτο
601 294 777 336 ἐδικαίου
796 293 867 337 τὸν
883 292 972 335 υἱὸν
982 289 1224 350 Ἡράκλειον
1241 289 1478 343 ὑπατεῦσαι,
1499 290 1643 345 Δαβὶδ

186 363 234 406 δὲ
250 364 316 406 καὶ
336 365 530 421 Μαρῖνον
549 363 644 413 τοὺς
658 363 771 413 υἱοὺς
792 362 918 404 αὐτοῦ
936 363 1151 419 Καίσαρας
1170 359 1445 417 ἀνηγόρευσεν,
1473 360 1643 415 Αὔγου-

186 439 324 476 στΐναν
351 433 396 475 δὲ
420 434 488 475 καὶ
513 434 732 487 Μαρτΐναν
760 431 834 481 τὰς
857 430 1089 487 θυγατέρας
1108 429 1365 485 Αὖγοῦστας.
1427 428 1578 486 χρόνου
1597 427 1643 469 δὲ

188 499 420 552 διελθόντος
446 499 553 558 νόσῳ
584 498 750 556 ὕδερικῇ
776 501 1018 556 περιπίπτει,
1052 500 1119 541 καὶ
1144 496 1249 554 δρῶν
1266 497 1315 540 τὸ
1337 496 1472 548 πάθος
1499 497 1643 540 δυσία-

153 578 258 615 5τον
283 595 334 602 -
363 569 426 611 ἐπὶ
444 572 611 611 τοσοῦτο
633 568 710 625 γὰρ
728 569 963 611 ε’πεκτείνετο
984 566 1038 617 ὥς
1061 569 1126 609 καὶ
1147 564 1264 622 ἦνίκα
1282 566 1469 623 ἂπουρεῖν
1491 565 1636 620 ἤμελλε
1657 570 1690 605 D

185 638 332 680 σανίδα
349 636 453 680 κατὰ
470 641 544 680 τοῦ
559 636 684 694 ἤτρου
705 638 898 679 ἐπετίθει·
934 637 1146 693 ἐστρέφετο
1165 635 1244 691 γὰρ
1267 635 1393 678 αὐτοῦ
1410 635 1456 678 τὸ
1477 637 1643 686 αἰδοῖον,

185 706 253 747 καὶ
283 705 387 748 κατὰ
414 709 486 747 τοῦ
511 703 730 763 προσώπου
754 706 880 748 αὐτοῦ
900 705 952 748 τὰ
976 700 1078 761 οῧρα
1099 704 1282 758 ἔπεμπεν.
1349 703 1508 759 ἔλεγχος
1528 705 1572 746 δὲ
1593 697 1644 757 ἦν

183 777 304 816 τοῦτο
326 778 399 828 τῆς
419 776 673 830 παρανομίας
691 778 763 828 τῆς
783 772 950 826 ἑαυτοῦ,
981 772 1080 829 ὖπὲρ
1099 767 1148 828 ἧς
1167 770 1318 827 ταύτην
1337 774 1451 826 δίκην
1467 770 1644 824 ὑστάτην

185 841 329 891 ἔξίτισε
358 846 432 884 τοῦ
462 845 517 892 εἷς
547 842 622 896 τὴν
651 842 822 896 ἀνεψιὰν
851 842 924 897 τὴν
957 844 1105 885 οἰκείαν
1133 840 1280 897 γάμου.
1350 840 1554 895 διαθήκας
1573 834 1645 882 οὖν

131 917 177 952 10
188 910 373 962 ἓξετίθει,
420 908 522 953 ὥστε
552 912 856 953 Κωνσταντΐνον
885 912 953 952 καὶ
977 908 1217 967 ιΗράκλειον
1248 909 1343 959 τοὺς
1371 909 1484 959 υἱοὺς
1518 910 1645 951 αὐτοῦ

182 982 364 1031 βασιλεῖς
395 976 615 1032 ὁμοτίμους
645 977 768 1029 εἶναι,
803 980 869 1020 καὶ
900 981 1120 1034 Μαρτΐναν
1143 979 1217 1032 τὴν
1243 978 1369 1020 αὐτοῦ’
1389 984 1558 1033 γυναῖκα
1581 994 1645 1018 τι-

182 1050 347 1100 μᾶσθαι
367 1046 469 1103 παρ’
492 1046 625 1088 αὐτῶν
650 1040 883 1102 ὡςμητέρα
905 1048 971 1088 καὶ
990 1048 1244 1099 βασίλισσαν.
1312 1047 1355 1087 ἔκ
1383 1044 1529 1087 τούτου
1558 1049 1648 1097 λοι-ς

182 1114 258 1156 πὸν
289 1112 473 1156 ἐτελεύτα
503 1112 626 1168 ζήσας
649 1114 716 1169 ἔτη
739 1113 784 1165 (ἐξ
804 1116 870 1156 καὶ
893 1113 1108 1168 ἑξήκοντα,
1142 1115 1184 1156 ἓν
1206 1115 1249 1156 δὲ
1270 1118 1319 1170 τῇ
1340 1115 1528 1172 βασιλείᾳ
1553 1115 1646 1154 δια-

182 1180 309 1231 νύσας
327 1181 393 1236 ἴτη
412 1181 629 1238 τριάκοντα
646 1187 777 1237 μῆνας
793 1183 994 1238 τέσσαρας
1010 1180 1164 1239 ἡμέρας
1184 1183 1238 1232 ἓξ.
1305 1180 1506 1223 θάπτεται
1534 1183 1577 1223 δὲ
1604 1182 1645 1223 ἐν
1667 1187 1697 1221 Ρ
1722 1187 1764 1222 19

129 1251 173 1288 15
185 1254 244 1307 τῷ
275 1250 371 1307 ἱερῷ
400 1254 479 1291 τῶν
503 1250 776 1307 πανευφήμων
805 1249 1041 1292 ἀποστόλων
1048 1281 1064 1301 ,
1098 1251 1164 1291 καὶ
1183 1251 1314 1306 τρισὶν
1333 1247 1503 1306 ἡμέραις
1527 1250 1647 1291 ἄσκε-

183 1318 274 1369 πές,
309 1318 443 1374 ὥσπερ
473 1311 524 1372 ἦν
550 1317 743 1368 διατάξας
775 1317 832 1361 ἔτι
862 1316 1028 1374 περιών,
1056 1317 1102 1360 τὸ
1132 1315 1424 1371 ὖποδεξόμενον
1452 1317 1577 1370 αὐτοῦ
1599 1317 1646 1359 τὸ

182 1390 303 1440 σῶμα
337 1386 497 1429 διετέλει
538 1390 678 1442 μνῆμα
691 1418 706 1439 ,
751 1386 1086 1443 περικαθημένων
1120 1385 1231 1445 αὐτῷ
1265 1383 1463 1440 εὐνούχων
1494 1383 1647 1442 ὑπηρε-

180 1470 275 1498 των.

317 1522 443 1565 Μετὰ
468 1526 586 1565 τοῦτο
615 1524 814 1579 Μαρτῖνα
838 1520 866 1576 ἦ
897 1521 1121 1578 Αὖγοῦστα
1149 1519 1449 1576 ἓκκλησιάσασα
1479 1522 1548 1563 καὶ
1575 1520 1647 1563 τὸν

127 1592 276 1647 Ξθπερὶ
294 1590 340 1633 τὸ
359 1589 581 1642 Βυζάντιον
601 1589 721 1641 λαόν,
755 1588 830 1640 τάς
853 1592 924 1644 [τε]
948 1589 1152 1645 διαθήκας
1162 1589 1406 1646 ιΗρακλείου
1423 1588 1645 1641 ὖπεδείκνυ,

184 1657 240 1709 ὥς
261 1660 353 1715 περὶ
375 1658 501 1712 αὐτῆς
520 1660 683 1701 καὶτῶν
701 1659 849 1701 τέκνων
872 1659 1044 1701 διέθετο.
1115 1656 1136 1700 ὃ
1162 1659 1206 1701 δὲ
1226 1658 1367 1713 παρὼν
1390 1657 1496 1708 ἅπας
1519 1660 1646 1712 δῆμος

184 1728 490 1769 Κωνσταντῖνον
521 1728 587 1768 καὶ
611 1725 855 1783 ςΗράκλειον
883 1726 979 1776 τοὺς
1003 1731 1185 1779 βασιλεῖς
1210 1724 1404 1780 ἐπεζήτει·
1439 1723 1465 1780 ἦ
1489 1727 1534 1768 δὲ
1551 1721 1646 1781 ἦγεν

185 1792 334 1845 αὐτούς
341 1826 356 1846 ,
391 1795 458 1837 καὶ
488 1793 574 1849 ἅμα
608 1796 838 1850 διελογίζετο
867 1795 1085 1847 νομίζουσα
1108 1794 1177 1837 ἅτε
1196 1796 1416 1848 βασίλισσα
1434 1793 1484 1835 τὰ
1504 1798 1646 1851 πρῶτα

274 1936 298 1972 2
319 1946 359 1970 τε
379 1934 410 1970 Ρ
546 1933 590 1970 17
609 1945 666 1979 γρ.
686 1932 786 1977 σῆμα
802 1944 920 1978 margo
938 1932 969 1967 P
1101 1933 1147 1969 23
1168 1928 1234 1968 ἅτε
1250 1932 1439 1978 Petavhs',
1464 1928 1552 1968 οὔτε
1568 1933 1599 1967 Ρ

274 2060 406 2095 Postea
426 2070 513 2094 vero
536 2057 736 2092 Heraclium
757 2058 864 2093 filium
888 2058 1062 2093 commlem
1082 2057 1186 2100 facit,
1219 2056 1390 2091 Davidem
1415 2059 1450 2091 et
1473 2056 1648 2094 Marinum

184 2105 271 2142 alios
294 2105 425 2140 liberos
442 2105 616 2139 Caesares
638 2103 811 2151 appeunt,
836 2105 1066 2150 Augustinam
1084 2108 1121 2138 et
1141 2102 1329 2137 Martinam
1349 2102 1440 2138 filias
1456 2103 1646 2149 Augustas.

182 2152 266 2188 inde
295 2151 479 2186 intercutis
517 2161 629 2196 aquae
663 2151 784 2186 morbo
815 2156 997 2196 correptus
1026 2161 1102 2185 cum
1137 2150 1358 2194 desperatum
1379 2149 1472 2183 bunc
1500 2150 1651 2191 sentiret

184 2199 288 2241 (nam
310 2209 421 2243 usque
442 2197 530 2231 adeo
552 2195 765 2241 invaluerat,
798 2202 838 2231 ut
861 2197 1000 2242 quoties
1021 2196 1151 2231 meiere
1172 2193 1301 2239 vellet,
1330 2194 1524 2229 ventriculo
1549 2207 1647 2230 asse-

182 2255 263 2279 rem·
287 2242 500 2288 imponeret:
531 2243 659 2278 etenim
690 2243 874 2276 distortum
906 2243 1102 2288 pudendum
1132 2241 1266 2275 urinam
1291 2252 1426 2274 sursum
1454 2241 1491 2275 in
1522 2241 1649 2275 faciem

184 2289 386 2330 emittebat3
421 2287 514 2333 quod
543 2287 581 2322 in
610 2288 805 2334 perpetrati
827 2288 971 2323 sceleris
994 2293 1231 2333 argumentum
1255 2292 1359 2331 atque
1382 2286 1536 2320 incestus
1560 2298 1647 2331 poe—

184 2346 263 2370 nam
287 2334 457 2369 inflictum
482 2338 553 2378 est,
589 2335 682 2379 quod
706 2335 947 2369 consobrinam
970 2346 1066 2369 suam
1092 2334 1129 2367 in
1151 2333 1404 2367 matrimonium
1427 2333 1648 2377 accepisset)

184 2380 294 2426 igitur
321 2385 565 2414 testamentum
596 2379 725 2423 edidit,
758 2391 828 2424 quo
859 2381 1124 2416 Constantinum
1157 2384 1192 2413 et
1221 2378 1420 2412 Heraclium
1450 2378 1542 2413 filios
1563 2390 1649 2413 suos

185 2437 298 2471 aequo
321 2426 398 2460 iure
421 2425 566 2459 heredes
589 2424 727 2469 imperii
749 2426 950 2470 constituit,
975 2429 1062 2462 adeo
1086 2431 1125 2460 ut
1148 2430 1297 2469 uterque
1317 2424 1504 2459 Martinam
1524 2424 1646 2459 coniu-

185 2483 264 2517 gem
296 2483 391 2506 suam
420 2477 583 2516 tanquam
615 2477 756 2504 matrem
789 2476 826 2505 et
854 2473 1108 2517 imperatricem
1139 2471 1281 2505 coleret.
1329 2470 1454 2514 quibus
1478 2470 1648 2505 ordinatis

185 2522 361 2563 postremo
382 2519 522 2552 tandem
543 2516 711 2559 moritur,
735 2517 861 2551 aetatis
880 2530 969 2552 anno
989 2524 1112 2553 exacto
1131 2516 1346 2561 sexagesimo
1365 2521 1486 2561 sexto,
1508 2516 1649 2562 imperii

184 2563 382 2607 tricesimo,
417 2567 611 2609 quartoque
633 2562 777 2608 insuper
800 2574 920 2598 mense
942 2569 977 2599 et
998 2565 1057 2599 die
1076 2569 1190 2599 sexto.
1237 2561 1394 2607 sepultus
1417 2567 1471 2596 est
1491 2562 1528 2596 in
1553 2562 1646 2597 cele-

186 2608 411 2643 berrimorum
440 2609 674 2654 apostolorum
705 2608 855 2654 templo,
893 2622 935 2644 ac
965 2611 1081 2645 triduo
1112 2612 1268 2654 apertum
1291 2607 1484 2652 sepulcrum
1508 2608 1646 2653 mansit,

189 2658 229 2688 ut
247 2653 326 2699 ipse
350 2666 388 2688 su
416 2661 526 2689 erstes
547 2655 660 2689 adhuc
678 2654 851 2699 iusserat,
883 2655 1051 2691 ministris
1074 2653 1240 2690 eunuchis
1263 2653 1576 2688 circumstantibus.

278 2699 364 2734 Inde
423 2701 536 2735 artina
557 2702 714 2745 Augusta
737 2701 968 2745 Byzantinum
991 2713 1124 2737 omnem
1146 2698 1307 2745 populum
1329 2712 1547 2744 convocans,
1569 2700 1647 2733 He-

186 2744 286 2779 raclii
303 2750 544 2781 testamentum
563 2752 669 2792 atque
692 2752 879 2781 extremam
898 2748 943 2782 de
963 2761 1004 2783 se
1020 2747 1211 2790 liberisque
1233 2745 1306 2780 suis
1326 2746 1539 2780 voluntatem
1560 2757 1646 2789 ape—

186 2791 248 2825 rit.
294 2802 440 2837 cumque
474 2792 621 2838 populus
652 2793 816 2838 frequens
845 2793 1110 2829 Constantinum
1138 2797 1175 2825 et
1196 2791 1396 2827 Heraclium
1418 2791 1647 2836 imperatores

186 2842 368 2882 posceret,
400 2842 584 2883 utrumque
611 2850 727 2874 coram
749 2838 907 2875 adduxit.
953 2852 995 2876 ac
1016 2838 1165 2886 primum
1183 2840 1348 2884 tanquam
1369 2838 1523 2874 habenas
1544 2834 1647 2881 regni

1671 2483 1707 2505 a.
1731 2471 1797 2507 641
