1838 3210
271 191 336 238 78
813 221 815 223 μ
838 195 919 240 DU
958 191 1142 240 CANGII

269 311 359 342 tuor
375 303 587 356 porticibus
608 303 745 354 cincta,
765 305 871 342 atria
891 301 1085 344 dicuntur.
1143 306 1271 344 Gloss.
1288 305 1354 344 Gr.
1369 308 1456 345 Lat.
1472 309 1714 361 τετραστῶον

269 362 429 398 atrium.
492 362 630 398 Graeci
650 373 742 398 vero
762 356 995 414 τετράστυλα
1014 376 1060 400 ea
1077 370 1238 411 vocant,
1269 363 1585 414 quadriporticus
1603 367 1717 402 Ana·

269 419 411 455 stasius
442 415 622 454 biblioth.
653 417 695 453 in
722 417 765 455 S.
793 417 1032 469 Symmacho
1059 421 1149 456 ΡΡ·
1181 426 1219 456 et
1249 418 1485 457 cantharum
1513 421 1568 458 B.
1604 422 1717 459 Petri

268 489 358 511 cum
393 473 688 525 quadriporticu
727 474 987 512 marmoribus
1021 476 1191 512 ornavit.
1251 473 1360 512 idem
1394 477 1437 513 in
1467 478 1605 515 Dono:
1649 477 1715 514 hie

265 533 414 568 atrium
442 530 496 566 B.
532 530 644 566 Petri
667 530 837 580 apostoli
860 533 1055 581 superius,
1086 531 1195 583 quod
1219 538 1276 568 est
1301 538 1394 568 ante
1422 532 1642 579 ecclesiam,
1671 535 1715 571 in

266 586 605 639 quadriporticum
629 588 789 637 magnis
808 587 1068 624 marmoribus
1085 589 1237 626 stravit.
1299 589 1465 625 occurrit
1485 588 1592 640 apud
1615 603 1714 627 eun-

265 643 358 680 dem
386 644 428 679 in
456 643 589 679 Leone
617 655 667 679 111
699 656 740 694 p.
771 644 849 685 121
898 645 978 685 139
1026 641 1103 683 142
1150 650 1188 681 et
1218 644 1260 680 in
1289 645 1492 682 Itinerario
1519 647 1714 684 Hierosol-

264 698 406 737 harum
434 711 527 736 vero
556 699 779 752 porticuum
813 699 1115 736 intercolumnia
1142 706 1187 737 ut
1211 700 1429 751 plurimum
1457 702 1642 740 cancellis
1668 714 1714 740 ac

264 757 409 807 pluteis
432 756 584 792 munita
609 762 738 805 erant,
769 756 912 808 quibus
929 756 1156 794 incumbere
1176 756 1322 794 licebat
1340 762 1379 794 et
1396 758 1440 794 in
1458 758 1601 796 atrium
1616 771 1713 810 pro-

266 814 430 863 spicere.
485 812 700 849 Paulinus:

263 867 266 872 '
482 867 554 905 sed
573 868 829 905 circumiectis
851 868 894 904 in
909 867 1128 919 porticibus
1148 869 1317 919 spatiari

483 925 598 974 copia
622 924 740 975 larga
763 922 909 970 subest,
937 926 1248 976 interpositisque
1266 925 1471 964 columnas

483 979 670 1017 cancellis
678 980 810 1031 sessos
828 980 1068 1027 incumbere,
1098 988 1134 1018 et
1152 982 1244 1019 inde
1252 982 1428 1031 fluentes

483 1036 714 1087 adspectare
731 1037 851 1081 iocos,
871 1037 1119 1089 pedibusque
1142 1038 1342 1075 madentia
1364 1038 1479 1075 siccis

479 1106 633 1130 cernere
651 1106 724 1129 nec
743 1092 898 1129 calcare
917 1093 1002 1131 sola
1003 1122 1019 1139 ,
1050 1100 1087 1130 et
1107 1095 1317 1131 certamine
1339 1084 1486 1131 blando

484 1150 623 1186 mirari
618 1149 796 1199 'placido
814 1149 995 1186 salientes
1013 1163 1213 1187 murmure
1220 1150 1372 1201 jbntes.

266 1203 436 1242 Romani
461 1218 554 1243 vero
586 1203 781 1243 eiusmodi
805 1207 904 1242 atria
924 1206 1137 1256 paradisos
1166 1207 1380 1255 vocabant,
1418 1211 1465 1244 ut
1493 1210 1628 1243 auctor
1654 1211 1715 1243 est

265 1262 347 1299 Leo
368 1262 449 1299 Ost.
471 1262 498 1302 3
528 1261 581 1303 27
597 1273 608 1299 ε
626 1262 735 1313 jecit
752 1268 790 1298 et
803 1263 952 1299 atrium
967 1269 1059 1299 ante
1077 1262 1296 1309 ecclesiam,
1326 1262 1434 1314 quod
1446 1275 1516 1300 nos
1527 1262 1715 1299 Romana

266 1318 545 1355 consuetudine
568 1318 809 1369 paradisum
838 1332 1038 1356 vocamus.
1098 1320 1329 1356 Anastasius
1353 1321 1396 1356 in
1421 1319 1462 1356 S.
1480 1319 1605 1355 Paulo
1625 1319 1714 1354 PP:

252 1374 360 1425 fecit
383 1381 516 1411 autem
536 1375 579 1410 in
598 1375 699 1411 atrio
716 1381 810 1411 ante
832 1381 978 1411 turrem
1003 1375 1047 1411 S.
1072 1375 1234 1412 Mariae
1251 1376 1310 1412 ad
1318 1375 1490 1426 gradus,
1520 1373 1629 1424 quod
1644 1387 1715 1411 νο-

120 1434 148 1467 Ρ
173 1432 240 1469 538
264 1437 379 1467 catur
393 1431 629 1480 paradisus,
658 1430 878 1467 oraculum.
938 1431 1086 1468 Paulus
1109 1430 1388 1468 warnefridus
1410 1429 1459 1468 de
1480 1431 1588 1467 Gest.
1606 1431 1716 1467 Lan-

260 1487 352 1538 gob.
370 1486 396 1527 5
426 1486 501 1527 31:
530 1487 674 1524 Donus
694 1500 811 1537 papa
837 1487 1046 1524 Romanae
1074 1486 1256 1524 ecclesiae
1279 1487 1427 1532 locum,
1457 1487 1528 1538 qui
1543 1485 1716 1537 paradi-

262 1557 330 1580 sus
355 1543 517 1589 dicitur,
545 1550 637 1579 ante
663 1542 870 1579 basilicam
894 1543 950 1579 B.
976 1544 1090 1579 Petri
1111 1543 1281 1605 apostoli
1302 1543 1483 1580 candidis
1503 1549 1540 1578 et
1557 1543 1715 1594 magnis

262 1598 525 1636 marmoribus
554 1599 707 1635 stravit.
767 1599 822 1634 ita
840 1599 988 1648 passim
1006 1601 1144 1636 vocem
1158 1596 1264 1635 hanc
1282 1605 1473 1649 usurpant
1492 1600 1713 1664 scriptores,

262 1668 287 1692 a
309 1656 456 1692 Graeco
474 1650 713 1706 παραδεισος
733 1651 1001 1705 desumptam,
1033 1666 1135 1706 quae
1149 1653 1351 1720 'Hesychia
1372 1654 1515 1691 dicitur
1530 1651 1654 1701 τόπος
1672 1653 1715 1694 ἐν

264 1705 300 1766 ᾧ
323 1713 552 1765 περίπατοι,
579 1709 623 1747 id
654 1716 712 1747 est
737 1710 848 1747 locus
877 1710 1117 1776 porticibus,
1147 1712 1189 1747 in
1213 1711 1355 1762 quibus
1377 1709 1714 1747 deambulationes

262 1767 384 1816 fiunt,
419 1774 574 1818 septus,
604 1767 669 1804 vel
698 1773 801 1803 certe
830 1767 959 1818 quivis
985 1766 1084 1803 alius
1106 1765 1413 1804 deambulationi
1436 1774 1563 1817 aptus.
1619 1779 1715 1817 por-

265 1825 367 1860 ticus
383 1837 476 1861 vero
495 1836 595 1874 quae
616 1829 705 1859 ante
724 1823 872 1872 palatia
888 1824 971 1859 sive
987 1823 1182 1859 nobilium
1202 1821 1319 1860 aedes
1339 1820 1716 1875 0111111,προδο’μους

263 1880 438 1951 appellat
466 1881 644 1916 Lexicon
672 1879 739 1915 Gr.
768 1891 829 1915 ms
860 1891 913 1915 ex
939 1877 1180 1916 bibliotheca
1201 1880 1345 1929 Regia:
1375 1875 1574 1932 πρόδομος
1591 1877 1622 1930 ἦ
1640 1876 1716 1931 πρὸ

260 1938 333 1988 τῆς
353 1936 480 1982 οἰκίας
503 1947 596 1974 στοα
611 1963 622 1982 ,
651 1931 706 1985 ἡν
726 1934 793 1974 καὶ
803 1932 983 1986 Όμηρος
1005 1934 1204 1974 αἶ’θουσαν
1225 1938 1346 1974 καλεῖ.

375 1995 444 2033 21.
501 1990 614 2028 Idem
647 1991 790 2027 atrium
822 1992 1003 2042 sequiora
1035 1991 1197 2027 Graecia
1225 1986 1560 2042 γαρσονοστᾶσιον
1593 1990 1712 2026 etiam

264 2046 414 2085 dictum
441 2047 563 2085 fuisse
595 2053 730 2084 auctor
758 2053 815 2084 est
842 2044 1110 2096 Theophanes
1134 2059 1174 2096 p.
1193 2047 1272 2087 203
1300 2052 1339 2082 et
1366 2058 1418 2083 ex
1440 2058 1486 2082 eo
1511 2044 1712 2083 Cedrenus

262 2117 304 2155 P·
324 2106 426 2144 387·
457 2103 522 2142 και
550 2099 706 2152 ἐκαύθη
725 2100 767 2142 τὸ
789 2099 1003 2154 μεσαύλιον
1024 2105 1096 2151 τῆς
1120 2098 1289 2154 μεγάλης
1309 2101 1513 2152 ἐκκλησίας
1535 2117 1578 2140 το
1600 2099 1714 2154 λεγό-

265 2174 386 2211 μενον
415 2153 762 2211 γαρσονοστᾶσιον.
819 2156 922 2195 hanc
948 2164 1079 2194 autem
1103 2160 1382 2207 garsonostasii
1406 2158 1711 2221 appellationem

262 2214 442 2253 hausisse
473 2213 657 2251 videntur
689 2215 828 2250 Graeci
862 2226 883 2250 a
911 2226 1006 2250 voce
1030 2213 1356 2261 Lafiuobarbara,
1382 2215 1539 2265 garcio,
1569 2215 1710 2251 nostris

259 2284 428 2323 garcon:
459 2283 530 2307 nos
555 2269 833 2322 diceremusqla
845 2269 965 2319 place
985 2269 1052 2306 des
1069 2283 1258 2320 garsons,
1289 2271 1380 2321 quia
1398 2272 1439 2306 in
1459 2283 1504 2307 eo
1525 2271 1622 2308 atrio
1640 2283 1711 2308 seu

262 2328 457 2378 impluvio
474 2327 618 2363 morari
636 2326 815 2362 solebant
830 2327 896 2362 vel
912 2333 1141 2375 magnatum
1159 2326 1300 2362 famuli
1315 2339 1384 2363 seu
1399 2325 1627 2377 pedissequi
1645 2327 1711 2363 vel

261 2398 284 2421 e
304 2383 510 2434 plebecula
529 2383 661 2433 pueri,
693 2380 787 2418 dum
806 2382 862 2418 ibi
879 2382 944 2418 vel
961 2383 1021 2418 illi
1040 2380 1220 2419 dominos
1240 2394 1462 2431 egressuros
1479 2388 1712 2432 exspectant

260 2441 327 2478 vel
358 2438 401 2476 hi
433 2438 527 2476 ludo
558 2439 684 2487 magis
712 2449 830 2489 quam
852 2439 970 2475 sacris
994 2439 1135 2475 intenti
1159 2445 1461 2475 commorantur.
1521 2439 1590 2489 qui
1616 2451 1710 2475 vero

261 2494 369 2547 apud
390 2508 463 2532 nos
481 2495 689 2546 garciones
711 2495 866 2544 proprie
890 2493 1089 2541 dicantur,
1121 2492 1262 2531 docent
1281 2495 1526 2545 grammatici
1546 2494 1711 2531 interlo-

259 2554 313 2590 ris
344 2553 444 2588 aevi.
502 2551 734 2588 Willelmus
760 2551 867 2587 Brito
893 2551 935 2586 in
960 2550 1217 2588 Vocabulario
1243 2563 1325 2587 ms:
1356 2551 1480 2595 Lixa,
1509 2563 1710 2586 mercena-

260 2610 361 2654 rius,
394 2609 551 2658 garcio,
593 2608 663 2657 qui
686 2608 863 2657 sequitur
888 2607 1059 2651 curiam,
1097 2613 1133 2642 et
1159 2613 1294 2655 portat
1318 2620 1467 2656 aquam
1499 2607 1542 2642 in
1571 2607 1710 2642 castris

260 2665 461 2702 exercitus.
522 2665 685 2713 Papias:
723 2662 887 2707 Garcio,
917 2663 988 2712 qui
1016 2663 1122 2698 circa
1155 2661 1312 2699 culinas
1333 2661 1523 2712 papando
1544 2662 1703 2699 incedit.

259 2719 336 2759 hac
355 2721 515 2757 notione
533 2732 673 2756 vocem
690 2717 792 2755 hauc
812 2724 973 2768 usurpat
993 2718 1035 2755 S.
1054 2717 1276 2756 Bernardus
1299 2716 1347 2754 de
1366 2720 1453 2756 Vita
1475 2725 1512 2755 et
1532 2718 1708 2755 moribus

260 2777 390 2827 Relig.
414 2789 448 2812 c.
467 2778 538 2816 10:
569 2789 676 2812 nunc
691 2788 780 2826 ergo
803 2781 937 2811 tantae
953 2773 1200 2810 multitudini
1216 2775 1469 2826 gjarcionum
1487 2788 1537 2811 ac
1554 2775 1708 2811 iumen-

263 2840 391 2870 torum
411 2845 481 2870 cur
500 2831 702 2871 nobiscum
716 2844 795 2868 non
800 2830 976 2883 J'erimus
989 2831 1221 2868 necessaria.
1282 2832 1389 2870 varie
1409 2837 1543 2869 autem
1565 2830 1708 2881 scripta
