1890 3224
308 173 399 221 114
628 175 904 230 QUERCIUS
938 176 997 219 IN
1031 176 1428 220 EXPEDITIONIS

303 293 386 323 tam
408 299 524 337 peree>
510 286 641 322 wrinas
660 287 845 322 materias
868 286 1138 336 suppeditans.
1198 283 1276 338 ὕλη
1303 299 1385 325 vox
1416 294 1476 325 est
1506 282 1748 338 πολύσημος,

301 355 381 395 qua
400 344 561 394 quaevis
578 343 762 380 materies
783 341 1002 380 denotatur.
1061 341 1247 395 equidem
1264 344 1453 394 putabam
1473 340 1569 391 ῧλας
1584 342 1748 380 reddere

301 413 372 450 per
388 399 527 448 dapes,
557 400 756 444 convivia,
786 400 897 452 quasi
915 398 1050 438 Pisida
1079 402 1234 451 regium
1264 413 1409 437 coenae
1434 407 1665 451 apparatum
1682 401 1748 436 111-

302 455 462 492 dicaret.
519 467 593 492 nec
612 454 774 493 deerant
790 468 884 493 sane
903 457 1166 505 auctoritates,
1197 456 1431 508 quibuscum
1446 469 1578 493 meam
1596 457 1746 493 versio-

299 524 392 547 nem
412 511 619 562 probatam
636 512 808 550 facerem
826 513 1069 563 legentibus,
1108 520 1153 550 ut
1171 527 1224 550 ex
1243 514 1326 551 solo
1351 511 1544 564 Stephani
1562 511 1746 550 thesauro

300 568 472 618 intelligi
488 568 594 606 licet.
635 582 772 606 verum
789 582 808 605 a
831 568 954 607 Suida
974 568 1258 607 discedendum
1274 568 1375 607 mihi
1393 582 1474 607 non
1495 582 1579 607 esse
1599 570 1746 616 censui,

301 625 371 675 qui
393 630 525 675 aperte
547 631 711 663 testatur
734 625 911 663 Pisidam
936 639 1076 664 vocem
1101 623 1178 678 ν’λη
1204 625 1270 664 hic
1298 639 1507 677 usurpasse
1535 639 1606 677 pro
1624 637 1748 675 prae-

301 687 423 726 texta,
452 682 627 731 speciosa
648 696 789 728 caum,
816 682 1080 720 simulatione.
1143 684 1421 749 quamobrem,
1461 684 1495 720 si
1521 684 1576 719 ita
1604 683 1746 733 placet,

298 734 347 776 τοὶ
370 733 470 784 ν’λας
493 737 602 775 idem
623 752 708 777 esse
729 752 773 776 ac
791 734 997 792 ἀφορμάς,
1036 746 1080 777 ut
1106 741 1148 776 in
1175 741 1366 791 superiori
1388 739 1521 776 iambo
1550 738 1627 787 55,
1666 750 1746 774 11011

297 794 371 830 erit
392 792 665 845 dubitandum,
696 797 876 849 quamvis
892 797 1019 834 fatear
1038 797 1157 834 etiam
1175 797 1273 835 alias
1288 797 1629 848 interpretationes
1648 792 1747 831 mihi

296 863 376 887 non
396 849 616 902 displicere.

409 909 476 947 63.
533 907 803 961 Theophanes
826 910 900 947 loc.
926 912 992 947 cit.
1027 925 1158 978 γνους
1179 907 1270 950 δὲ“
1245 927 1266 950 ο
1299 906 1498 974 βασιλεύς
1508 905 1583 960 τὴν
1602 903 1748 947 τούτου

297 962 460 1012 δειλίαν,
489 968 657 1019 θαρρων
681 966 724 1006 ἐν
743 963 883 1016 τόποις
900 963 1100 1019 ηυλίζετο,
1131 962 1397 1014 ἀναπαύσεως
1418 961 1586 1019 πλήρης,
1615 964 1749 1017 ἐρεθί-

298 1020 374 1066 ζων
393 1022 535 1061 τοῦτον
554 1020 651 1075 πρὸς
668 1018 853 1075 πολεμον.

408 1074 475 1116 74.
533 1078 719 1117 lacunam
737 1078 858 1117 habet
881 1077 1023 1117 codex,
1054 1080 1120 1116 at
1110 1093 1151 1116 111
1170 1079 1349 1124 margine
1368 1085 1426 1116 est
1445 1072 1640 1128 φραγμός,
1671 1088 1748 1126 qua

296 1143 393 1168 voce
416 1132 558 1169 lacuna
579 1135 697 1183 plane
718 1135 920 1182 expletur,
951 1129 1021 1167 sed
1043 1131 1238 1180 genuinus
1258 1128 1352 1166 inde
1371 1142 1508 1167 sensus
1529 1131 1646 1180 plane
1667 1144 1748 1167 non

297 1188 463 1225 elicitur.
522 1188 748 1226 occurrebat
767 1189 900 1225 statim
918 1158 1066 1236 legere2³
1073 1184 1203 1237 ἄχθος
1222 1182 1454 1234 &ventitara-

407 1246 475 1283 78.
533 1242 772 1296 σκηνώματα
798 1244 1055 1281 barbarorum
1087 1242 1346 1280 tabernacula
1358 1270 1373 1288 ,
1423 1242 1584 1293 opinor,
1634 1249 1748 1279 vocat

293 1294 383 1339 κατ’
405 1295 613 1340 ἀντίθεσιν
634 1301 844 1338 cacumina
866 1301 1074 1345 montium,
1102 1301 1206 1336 inter
1226 1312 1323 1351 quos
1342 1313 1384 1337 se
1404 1297 1636 1336 abdiderant
1649 1300 1747 1335 Per-

293 1369 380 1404 sae,
417 1369 548 1422 ‘eaque
571 1355 750 1409 ἐξέχοντα
774 1358 969 1409 appellat,
1009 1363 1054 1394 ut
1073 1357 1247 1393 Heraclii
1270 1355 1534 1393 tabernaculis
1561 1361 1747 1406 opponat,

292 1425 395 1464 quae
414 1414 457 1449 in
474 1415 638 1465 planitie
658 1422 768 1452 erant
789 1415 1012 1452 constituta.
1062 1411 1158 1450 dicit
1179 1419 1312 1450 autem
1329 1426 1375 1450 ea
1394 1411 1625 1460 concidisse,
1654 1413 1747 1463 quia

291 1470 462 1507 Romani
485 1469 648 1508 tandem
669 1475 880 1522 coegerunt
902 1472 1042 1508 Persas
1062 1476 1106 1507 ut
1124 1469 1176 1507 ad
1194 1483 1373 1521 pugnam
1393 1467 1688 1506 descenderent.

405 1528 473 1566 80.
532 1525 820 1579 Theophanes.
825 1527 878 1564 ib.
908 1523 1185 1579 κατερχόμενοι
1205 1524 1249 1566 δὲ
1266 1522 1401 1579 λάθρα
1420 1528 1493 1565 τοῦ
1512 1523 1630 1576 όρους
1649 1527 1747 1565 πολ-

292 1578 406 1629 λα’κις
435 1581 666 1634 συμπλοκοῖς
696 1599 859 1649 μερικας
890 1583 1124 1630 ἐποιοῦντο,
1176 1581 1243 1622 καὶ
1274 1582 1318 1622 ἐν
1351 1581 1471 1622 παντὶ
1499 1581 1541 1620 οἷ
1566 1580 1748 1632 Ρωμαῖοι

292 1636 562 1705 ἐπροτέρευον,
591 1639 658 1679 καὶ
676 1636 832 1692 θαρσος
852 1638 918 1679 ἔπι
936 1642 1075 1678 πλεῖον
1093 1654 1114 1678 o
1138 1635 1300 1703 στρατός
1315 1634 1550 1689 ἕλαμβανεν,
1579 1635 1746 1690 ὁρωντες

291 1690 362 1735 τὸν
380 1695 543 1746 βασιλέα
563 1695 684 1735 παντὶ
702 1695 971 1747 προπηδῶντα
988 1693 1056 1733 καὶ
1078 1690 1276 1745 εὐτόλμως
1298 1696 1558 1745 πολεμοῦντα.

402 1753 491 1792 83-
527 1753 774 1818 praeclarum
795 1752 933 1802 magni
960 1749 1070 1787 ducis
1090 1751 1322 1801 exemplmn
1338 1752 1584 1802 propositum
1601 1751 1642 1787 in
1662 1751 1745 1786 He-

292 1808 412 1844 raclio
424 1837 434 1856 ,
477 1810 546 1859 qui
564 1809 715 1859 primus
732 1821 775 1845 se
795 1809 929 1846 obiicit
947 1807 1133 1859 periculis
1156 1814 1195 1844 et
1214 1806 1348 1845 hostes
1364 1805 1603 1857 aggreditur.
1661 1807 1744 1843 ele-

291 1870 431 1914 ganter
458 1864 696 1903 Claudianus
724 1863 773 1902 (16
801 1864 827 1907 4
858 1879 963 1902 cons.
992 1865 1152 1901 Honos
1130 1865 1168 1900 zi
1195 1877 1234 1901 ν.
1267 1862 1347 1906 348
1380 1863 1429 1901 (16
1460 1863 1600 1925 officiis
1633 1864 1744 1914 prin-

290 1921 402 1971 cipis.

405 1978 761 2018 89·Onosa11der
783 1992 817 2016 c
842 1978 921 2020 42:
953 1974 1054 2019 ἶδαὶν
1078 1994 1138 2027 τις
1162 1993 1232 2019 τον
1252 1973 1431 2048 ’ἡγεμόνα
1450 1978 1607 2026 πρῶτον
1628 1974 1743 2028 ἔγχει-

294 2035 443 2085 ροῦντα
465 2034 533 2075 καὶ
555 2032 617 2076 ότι
642 2037 706 2076 δεῖ
720 2031 906 2076 σπεύδειν
925 2035 1099 2087 ἔμαθεν,
1139 2034 1207 2075 καὶ
1228 2031 1282 2086 μή
1303 2037 1434 2074 ποιεῖν
1454 2029 1631 2089 ᾐδέσθη,
1675 2032 1744 2071 καὶ

292 2086 481 2132 απειθεῖν
499 2088 710 2161 ἐφοβήθη·
752 2091 821 2132 και
849 2087 982 2132 ου’κέτι
1013 2108 1070 2140 ως
1093 2092 1240 2132 δοῦλον
1267 2074 1564 2157 ἐπιταττόμενον
1584 2087 1742 2139 διετέθη

292 2144 335 2188 τὸ
354 2150 515 2198 πληθος
527 2177 538 2197 ,
568 2144 657 2188 αλλ’
679 2164 735 2196 ως
755 2144 822 2189 ἐπ’
840 2148 930 2188 ἴσον
947 2144 1304 2201 παρακαλούμενον
1321 2142 1523 2199 διετραπη.

327 2205 329 2207 ’
404 2206 471 2245 99.
530 2206 657 2242 3016111
685 2218 803 2255 saepe
830 2204 1005 2255 appellat
1030 2204 1279 2250 Heraclium,
1320 2210 1407 2240 tum
1432 2203 1481 2240 ob
1512 2203 1595 2239 eius
1621 2202 1742 2238 animi

290 2260 510 2311 praeclaras
531 2262 709 2310 virtutes,
739 2268 824 2298 tum
843 2261 892 2298 ob
913 2262 1112 2311 insignem
1136 2261 1307 2318 corporis
1332 2260 1518 2310 speciem,
1548 2270 1669 2310 quam
1686 2259 1742 2294 ita

292 2315 478 2354 describit
502 2316 702 2355 cedrenus
716 2331 764 2367 p.
791 2316 895 2357 407:
933 2315 954 2357 ὁ
971 2315 1196 2367 Ἡρακλειος
1220 2318 1274 2368 ἠν
1294 2332 1368 2367 την
1387 2314 1546 2368 ηλικίαν
1566 2315 1740 2366 μεσῆλιξ,

292 2368 513 2424 ειῗσθενής,
551 2371 780 2443 εύστερνος,
816 2369 1096 2445 εὖόφθαλμος,
1139 2369 1272 2439 ὀλίγον
1294 2369 1559 2440 υπόγλαυκος,
1590 2367 1743 2418 ξανθὸς

290 2425 365 2479 τήν
384 2430 513 2482 τρίχα,
541 2427 680 2477 λευκός
700 2445 775 2481 την
796 2445 958 2481 χροιαν,
987 2430 1086 2481 ἔχων
1104 2427 1176 2471 τόν
1193 2425 1369 2482 πώγωνα
1386 2425 1539 2469 πλατὺν
1559 2425 1627 2467 καὶ
1646 2423 1743 2480 πρὸς

288 2487 419 2536 μῆκος
438 2486 619 2540 ἔκκρεμῆ.
669 2486 760 2524 vide
777 2486 878 2523 infra
899 2500 935 2523 v.
959 2485 1041 2527 432
1061 2494 1099 2524 et
1120 2499 1238 2538 supra
1258 2499 1296 2524 v.
1317 2489 1357 2527 7

402 2543 496 2584 116.
554 2542 644 2581 vide
661 2543 832 2580 Acroas.
854 2546 883 2584 2
911 2545 978 2591 90,
1008 2544 1063 2584 97
1091 2551 1128 2580 et
1156 2546 1250 2584 203.

403 2599 496 2639 118.
555 2613 609 2637 ex
640 2598 716 2637 hoc
742 2600 874 2637 iambo
905 2607 943 2636 et
971 2600 1226 2652 sequentibus
1259 2600 1335 2639 121
1370 2599 1451 2638 122
1473 2595 1571 2634 duos
1587 2601 1740 2632 tantum

290 2655 503 2693 confecisse
521 2655 676 2694 videtur
697 2655 917 2705 cedrenus,
950 2658 1018 2709 qui
1031 2671 1078 2707 p.
1102 2656 1184 2697 420
1205 2656 1260 2692 ait
1277 2654 1517 2702 Heraclium,
1551 2665 1642 2689 cum
1658 2653 1739 2688 iam

290 2717 394 2749 esset
415 2712 458 2748 in
479 2711 685 2750 Persidem
702 2714 850 2761 iturus,
890 2711 1039 2765 μέλανα
1058 2707 1297 2764 υποδήματα
1315 2705 1647 2763 περιβαλόμενον,
1677 2713 1739 2744 at·

291 2781 368 2819 que
386 2766 500 2805 humi
518 2782 701 2819 pronum,
730 2772 773 2807 in
792 2782 937 2820 magno
961 2770 1110 2821 templo
1133 2781 1250 2820 opem
1268 2767 1343 2805 sibi
1360 2780 1383 2804 a
1401 2765 1474 2804 deo
1491 2765 1736 2828 implorasse,

291 2821 340 2865 ὃν
361 2820 482 2876 ἰδών,
512 2823 891 2881 3111)(111,Γεω’ργιος
910 2843 931 2868 ο
956 2827 1127 2878 Πισίδης
1148 2822 1244 2879 μετοῖ
1264 2820 1450 2875 τοιαύτης
1467 2831 1739 2868 ταπεινωσεως
