1890 3224
358 171 434 213 DE
467 170 647 215 REBUS
680 170 825 214 POST
857 169 1174 214 MAURIGIUM
1206 168 1415 213 GESTIS.
1543 167 1609 215 47

168 280 387 341 Θεοδῶραν
404 283 478 339 τὴν
497 283 671 340 γαμετὴν
687 283 789 341 πρὸς
808 283 879 327 τὸν
893 283 1046 341 πατέρα
1063 282 1262 337 ἐκπέμπει,
1301 281 1421 332 αὗτὸς
1439 282 1483 324 δὲ
1501 279 1609 324 ἀπά-

163 369 240 409 ρας
252 355 308 402 εἷς
324 350 453 407 Τόμιν
465 351 710 406 καλούμενον
724 351 1060 409 παραθαλάσσιον
1066 353 1217 409 χωρίον
1228 355 1420 406 κατῆλθε.
1454 351 1609 393 κάκεῖσε

161 420 388 475 νηῒέπιβὰς
403 421 476 463 σὸν
495 419 643 477 ἑτέροις
660 422 761 463 τισὶν
780 419 949 477 ἀνδράσι
967 422 1034 462 καὶ
1052 418 1199 475 ταύτην
1211 417 1496 476 παραπλεύσας
1506 413 1610 474 ἦλθε

160 489 279 545 μέχρι
303 487 519 542 Συμβόλου
542 493 592 545 τῇ
615 487 725 530 πόλει
745 487 970 543 πλησιάσας
987 491 1189 545 Χερσῶνι.
1255 489 1320 530 καὶ
1337 489 1613 544 προσορμίσας

129 561 219 614 5τῷ
249 557 369 598 ἐκεῖσε
398 556 524 610 λιμένι
548 556 691 610 πέμπει
719 557 787 598 ἕνα
808 561 888 598 τῶν
911 555 1078 613 ἑταίρων
1103 557 1165 598 ἐπὶ
1188 559 1238 613 τῇ
1255 554 1390 607 πόλει,
1423 555 1608 598 κάκεῖθεν
1627 562 1661 596 D

161 624 246 680 ἄγει
268 623 370 679 πρὸς
386 624 508 667 αὐτὸν
529 624 597 666 τὸν
619 622 986 682 Βαρασβακούριον
1003 626 1070 667 καὶ
1091 624 1161 667 τὸν
1183 622 1326 672 τούτου
1347 623 1523 681 ἀδελφὸν
1542 621 1612 666 τόν

159 709 202 734 τε
220 692 398 745 Σολιβὰν
415 694 482 734 καὶ
502 689 661 748 ἑτέρους
681 693 792 742 τινὰς
814 692 976 749 ἄνδρας.
1044 694 1111 735 καὶ
1133 692 1207 736 σὺν
1226 692 1361 744 αὐτοῖς
1379 691 1610 743 ἐκπλεύσας,

159 759 212 802 τὰ
242 758 434 814 λεγόμενα
462 758 704 816 Νεκρόπυλα
734 759 973 816 παρελθών,
1019 760 1122 817 πρὸς
1151 761 1221 804 τὸν
1243 759 1398 816 Ἴστρον
1431 759 1612 814 ποταμὸν

159 829 433 883 παραγίνεται.
500 830 652 871 ἐκεῖθεν
667 829 853 882 ἐκπέμπει
870 833 949 871 τῶν
970 827 1170 872 συνόντων
1185 829 1274 871 τινὰ
1287 822 1495 885 Στέφανον
1509 828 1612 884 πρὸς

105 903 150 938 10
163 896 357 952 Τέρβελιν
377 894 514 952 κόριον
532 895 629 939 ὄντα
649 901 866 951 τηνικαῦτα
883 901 962 940 τῶν
982 898 1105 940 ἐκεῖσε
1124 894 1392 953 Βουλγάρων,
1425 913 1613 952 παρακα-

158 967 240 1005 λῶν
285 965 566 1016 συλλαβέσθαι
604 964 715 1020 αὐτῷ
750 964 850 1007 ὥστε
882 964 952 1007 τόν
981 969 1055 1019 τῆς
1083 966 1292 1018 βασιλείας
1324 963 1615 1019 ἀπολήψεσθαι

157 1029 333 1088 θρόνον,
360 1031 465 1072 ἄλλα
486 1048 539 1080 Δτε,
566 1035 732 1074 πλεῖστα
763 1034 874 1088 δῶρα
893 1030 1168 1086 ὑποσχόμενος
1188 1034 1253 1074 καὶ
1273 1032 1346 1086 τὴν
1366 1031 1512 1074 ἑαυτοῦ
1531 1036 1614 1074 θυ-

157 1099 306 1154 γατέρα
330 1101 385 1149 εἷς
406 1105 575 1154 γυναῖκα
598 1099 709 1156 αὐτῷ
730 1098 871 1142 δώσειν
892 1099 1236 1155 ἐπαγγειλάμενος.
1283 1098 1304 1141 ὃ
1325 1100 1369 1141 δὲ
1388 1098 1615 1156 προθύμως

159 1167 200 1208 ἓν
229 1171 351 1208 πᾶσιν
379 1164 511 1208 ὑπεῖκε
521 1198 534 1218 ,
562 1169 629 1208 καὶ
644 1166 924 1209 Ἰουστινιανὸν
942 1167 1016 1209 σὺν
1034 1173 1131 1224 τιμῇ
1150 1165 1305 1223 μεγάλῃ
1329 1168 1512 1219 ἐδέξατο,
1546 1169 1614 1210 καὶ
1636 1174 1664 1209 Ρ
1687 1175 1732 1211 28

104 1244 147 1280 15
161 1233 320 1276 ἅπαντα
349 1233 418 1276 τὸν
446 1232 519 1276 ὕπ’
541 1234 653 1291 αὐτῷ
674 1234 773 1276 λαὸν
793 1233 960 1284 ὁπλίσας
976 1235 1050 1278 σὺν
1070 1236 1179 1292 αὐτῷ
1201 1236 1262 1276 ἐπὶ
1282 1234 1355 1288 τὴν
1372 1234 1615 1288 βασιλεύου-

158 1318 235 1345 σαν
257 1301 395 1359 ᾤχετο.
462 1300 718 1359 προσεδρεύει
739 1303 784 1344 δὲ
802 1307 861 1360 τῷ
881 1304 996 1356 τείχει
1017 1305 1259 1359 Βλαχερνῶν
1281 1302 1343 1344 ἐπὶ
1366 1305 1494 1357 τρισὶν
1515 1302 1616 1358 ἦμέ-

157 1387 270 1425 ραις,
307 1370 429 1419 ἀξιῶν
458 1370 554 1420 τοὺς
573 1374 647 1425 τῆς
667 1369 821 1420 πόλεως
839 1372 1096 1425 εἰσδεχθῆναι
1119 1370 1242 1413 αὐτὸν
1260 1371 1443 1424 βασιλέα.
1511 1371 1549 1413 οἱ
1570 1372 1616 1414 δὲ

159 1439 338 1494 αἰσχρῶς
364 1435 592 1494 ὑβρίζοντες
618 1437 862 1491 ἀπέπεμπον.
931 1436 953 1481 ὃ
983 1439 1028 1481 δέ
1055 1439 1198 1489 νυκτὸς
1218 1436 1413 1481 εῗσδύεται
1436 1438 1509 1481 σὺν
1529 1439 1615 1481 ὄλί-

156 1522 243 1561 γοις
264 1506 343 1548 τισὶ
366 1505 470 1547 κατὰ
493 1505 562 1547 τὸν
580 1510 652 1560 τῆς
668 1504 822 1556 πόλεως
839 1503 997 1562 ἀγωγόν
1004 1538 1019 1559 ,
1062 1507 1279 1550 κάντεῦθεν
1303 1506 1617 1562 παραλαμβάνει

101 1573 231 1628 Ξοτὴν
253 1571 391 1624 πόλιν,
420 1574 487 1615 καὶ
510 1573 611 1629 πρὸς
630 1573 766 1629 βραχὺ
787 1579 1001 1629 σκηνοῦται
1018 1575 1061 1617 ἓν
1079 1580 1136 1632 τῷ
1156 1576 1338 1631 παλατίῳ
1358 1577 1619 1632 Βλαχερνῶν.

151 1639 391 1698 Ἠράκλειον
428 1641 472 1682 δὲ
503 1640 572 1682 τὸν
597 1640 775 1697 ἀδελφὸν
789 1640 1020 1698 Ἀψιμάρου
1041 1642 1264 1700 στρατηγὸν
1284 1647 1356 1684 τοῦ
1377 1642 1616 1685 ἀνατολικοῦ

157 1713 332 1766 στρατοῦ
360 1707 569 1764 γενόμενον
588 1710 655 1749 καὶ
676 1708 772 1758 τοὺς
794 1708 942 1759 ἄλλους
962 1709 1160 1767 ἄρχοντας
1181 1713 1247 1752 καὶ
1265 1709 1521 1761 ὑπασπιστὰς
1539 1711 1616 1753 αὐ-

156 1781 229 1819 τοῦ
246 1775 348 1833 πρὸς
365 1779 423 1833 τῷ
445 1777 562 1830 τείχει
582 1776 646 1818 ἐπὶ
668 1774 788 1826 ξύλου
808 1775 1042 1835 ἀνήρτησεν.
1061 1828 1065 1830 ,
1091 1778 1321 1836 Ἀψιζιιαρον
1339 1779 1383 1820 δὲ
1400 1779 1615 1833 συλλαβῶν

247 1893 272 1929 3
297 1890 367 1937 τὴν
388 1888 506 1937 ἀκτὴν
526 1892 707 1929 Petavius.

154 1992 282 2030 deinde
304 1993 494 2029 Theodora
522 1995 671 2040 coniuge
694 1995 738 2030 ad
761 1999 894 2041 patrem
922 1996 1069 2032 remissa
1094 1997 1233 2032 solvens
1257 1997 1403 2042 Tomin,
1461 1997 1499 2032 ui
1520 1998 1616 2034 locus

154 2041 202 2076 ad
224 2052 319 2074 mare
341 2040 429 2074 situs
451 2046 523 2084 est,
547 2041 729 2086 pervenit,
752 2042 813 2076 ubi
831 2055 920 2077 nave
938 2055 1129 2078 conscensa
1145 2055 1221 2078 cum
1241 2043 1412 2078 nonnullis
1467 2043 1511 2079 iis
1531 2044 1614 2078 lit-us

154 2086 276 2131 legens
297 2086 342 2120 ad
367 2085 566 2130 Symbolum
592 2098 702 2132 usque
726 2088 769 2122 ad
793 2088 1006 2123 Chersonam
1028 2091 1147 2123 urbem
1165 2088 1322 2135 appellit.
1369 2101 1437 2134 quo
1456 2101 1532 2124 cum
1550 2102 1615 2124 na-

156 2143 235 2166 vem
256 2132 300 2166 ad
326 2137 463 2176 portum
488 2131 732 2178 applicuisset,
765 2139 896 2168 certum
919 2134 1090 2168 hominem
1113 2147 1133 2168 e
1156 2135 1319 2169 comitatu
1342 2135 1386 2168 ad
1409 2137 1528 2169 urbem
1551 2137 1613 2170 de-

156 2177 284 2221 stinat,
312 2189 355 2210 ex
378 2188 447 2221 qua
468 2178 757 2212 Barasbacurium
781 2179 925 2224 eiusque
949 2181 1091 2214 fratrem
1114 2181 1158 2215 ad
1183 2192 1222 2214 se
1245 2192 1313 2214 una
1336 2192 1412 2214 cum
1435 2180 1557 2215 Soliba
1580 2186 1617 2215 et

156 2221 236 2256 aliis
265 2222 469 2266 quibusdam
499 2223 615 2265 elicit;
646 2224 848 2268 quibuscum
869 2225 1026 2269 solvens,
1061 2231 1097 2260 et
1120 2237 1197 2260 eum
1219 2225 1331 2260 locum
1355 2237 1455 2270 quem
1479 2227 1615 2261 Necro-

155 2266 241 2313 pyla
263 2272 391 2301 vocant
413 2274 696 2314 praetervectus,
727 2270 771 2303 ad
794 2271 919 2305 Istrum
942 2272 1117 2316 pervenit.
1164 2271 1246 2306 inde
1273 2272 1318 2306 ad
1339 2271 1508 2306 Terbelin
1529 2271 1614 2306 Bul-

156 2323 319 2357 garorum
350 2312 388 2345 in
419 2324 462 2346 ea
493 2313 636 2358 regione
666 2314 859 2360 principem
891 2318 1061 2361 quendam
1089 2329 1132 2351 ex
1161 2317 1233 2351 suis
1260 2317 1472 2362 Stephanum
1497 2317 1617 2362 mittit,

157 2358 320 2392 auxilium
342 2362 486 2403 petens,
511 2365 550 2392 ut
568 2359 604 2392 in
624 2359 805 2404 imperium
829 2361 904 2396 eius
927 2374 1034 2407 opera
1054 2363 1320 2404 restitueretur3
1344 2363 1389 2397 ad
1411 2363 1518 2408 idque
1541 2375 1618 2399 cum

156 2404 226 2438 alia
252 2403 503 2448 quamplurima
528 2408 598 2437 tum
626 2404 731 2439 filiam
762 2417 858 2440 suam
890 2408 1070 2453 coniugem
1098 2409 1335 2454 promittebat.
1384 2408 1437 2443 his
1463 2408 1618 2455 acceptis

155 2449 326 2484 barbarus
348 2449 542 2483 Iustiniano
566 2450 680 2483 omnia
703 2450 872 2486 cumulate
890 2453 1034 2496 detulit3
1065 2465 1211 2499 eumque
1233 2465 1357 2497 magno
1384 2465 1459 2488 cum
1485 2454 1618 2488 honore

157 2494 332 2540 suscepit,
367 2500 438 2529 tum
468 2494 625 2529 omnibus
656 2495 716 2540 qui
745 2507 863 2530 secum
893 2504 993 2533 erant
1024 2500 1165 2534 armatis
1194 2500 1239 2533 ad
1265 2499 1386 2533 urbem
1418 2500 1617 2541 contendit;

159 2550 261 2584 quam
289 2540 404 2574 triduo
437 2545 512 2574 toto
548 2539 672 2574 castris
696 2541 738 2574 ad
762 2541 1031 2579 Blachernorum
1060 2556 1191 2580 murum
1221 2543 1346 2590 positis
1371 2545 1528 2589 obsedit,
1559 2545 1617 2579 in-

159 2590 275 2618 stante
296 2585 506 2630 imperatore
527 2591 566 2620 ut
583 2597 605 2620 a
623 2586 760 2620 civibus
782 2587 820 2620 in
842 2589 962 2623 urbem
978 2590 1208 2636 reciperetur.
1256 2589 1319 2623 sed
1340 2589 1393 2624 illi
1416 2602 1491 2625 cum
1513 2591 1614 2635 igno-

157 2628 265 2663 minia
294 2630 445 2675 turpiter
472 2632 665 2666 remit-tunt.
712 2632 852 2666 tandem
883 2640 988 2669 noctu
1012 2647 1087 2670 cum
1110 2635 1229 2681 paucis
1251 2645 1318 2680 per
1347 2647 1459 2681 aquae
1479 2637 1618 2671 ductum
1642 2646 1674 2671 a.
1698 2636 1765 2671 702

158 2674 284 2719 irrepit
315 2682 420 2721 atque
447 2678 567 2711 urbem
599 2676 757 2721 invadit,
789 2689 937 2724 moxque
969 2680 1237 2715 Blachernorum
1263 2679 1426 2726 palatium
1454 2688 1614 2728 occupat.

159 2719 360 2755 Heraclium
384 2732 469 2755 vero
495 2722 672 2767 Apsimari
694 2723 857 2767 fratrem,
890 2736 935 2759 ex
960 2728 1141 2771 praefecto
1169 2725 1397 2762 Orientalium
1425 2728 1612 2773 copiarum,

159 2776 235 2799 cum
259 2764 335 2800 aliis
358 2766 504 2801 ducibus
524 2772 559 2802 et
579 2767 787 2803 satellitibus
818 2769 892 2804 eius
922 2781 987 2815 pro
1010 2772 1190 2806 moenibus
1212 2770 1299 2817 ipsis
1325 2783 1346 2806 e
1371 2773 1529 2818 patibulo
1551 2784 1612 2806 su-

158 2810 310 2856 spendit.
365 2811 582 2858 Apsimamm
615 2814 760 2859 deinde,
802 2815 951 2862 septimo
982 2828 1084 2864 quam
1110 2827 1283 2864 unperare
1313 2823 1479 2864 coeperat
1508 2829 1612 2864 auno,
