1890 3224
272 165 335 213 38
583 165 586 168 ’
631 162 986 208 NJCEPHORUS.
1015 160 1354 205 CPOLITANUS

272 282 384 337 δῶρα
411 282 469 336 τῷ
494 281 657 331 βασιλεῖ’
677 277 896 326 στείλαντες
925 272 1080 332 εἰρήνην
1104 271 1327 329 ἐζήτησαν*-
1349 270 1419 330 ἓφ’
1447 270 1508 324 οἷς
1531 272 1711 326 εἷ’ξαντος

272 353 344 392 τοῦ
373 346 571 401 βασιλέως
598 343 732 401 εἲρήνη
763 345 809 387 τὸ
836 343 973 386 λοιπὸν
996 345 1062 385 καὶ
1081 341 1231 398 γαλήνη
1255 340 1295 384 ἕν
1314 358 1355 383 τε
1378 346 1462 387 τοῖς
1483 339 1595 400 ἑῴοις
1613 341 1653 385 ἴν
1667 359 1710 385 τε

273 423 356 465 τοῖς
377 413 570 469 ἑσπερίοις
591 410 842 469 ἓβραβεύετο.
910 412 976 454 καὶ
995 414 1123 453 ταῦτα
1137 410 1209 465 μὲν
1227 408 1354 459 οὕτως
1373 407 1462 463 εἶχε.
1651 451 1654 457 ,
1703 433 1706 438 ·

406 481 586 524 Λεκτέον
607 482 649 523 δὲ
667 480 745 535 ἤδη
769 481 858 537 περὶ
877 484 948 534 τῆς
967 483 1044 521 τῶν
1064 478 1281 534 λεγομένοιν
1304 476 1466 519 Οὕννων
1492 477 1560 517 καὶ
1580 478 1714 518 Βουλ-

271 548 407 607 γάρων
428 549 554 605 ἀρχῆς
575 550 642 591 καὶ
663 546 944 597 καταστάσεως
965 547 1108 589 αὐτῶν.
1168 547 1258 603 περὶ
1278 545 1349 600 τὴν
1368 547 1558 588 Μαιῶτιν
1574 545 1746 598 λίμνηνό

273 617 376 661 κατὰ
403 617 472 660 τὸν
500 614 684 673 Κώφηνα
718 615 899 671 ποταμὸν
931 616 1173 657 καθίσταται
1200 612 1226 668 ἡ
1257 611 1381 655 πάλαι
1401 611 1622 666 καλουμένη
1642 628 1716 665 με-

273 684 375 742 γάλη
397 685 630 741 Βουλγαρία
650 685 718 727 καὶ
739 685 777 726 οἱ
800 682 1000 739 λεγόμενοι
1021 681 1224 739 Κότραγοι
1235 713 1249 733 ,
1280 679 1481 737 ὁμόφυλοι
1503 679 1632 722 αὐτῶν
1649 680 1718 721 καὶ

225 757 258 791 D
282 748 391 796 οὗτοι
408 750 677 808 τυγχάνοντες.
744 752 786 794 ἐν
805 752 848 794 δὲ
868 758 951 802 τοῖς
971 751 1274 793 Κωνσταντίνου
1291 747 1451 807 χρόνοις
1469 746 1513 798 ὃς
1530 746 1630 790 κατὰ
1645 746 1719 802 τὴν

277 820 391 864 δύσιν
419 818 623 872 ἐτελεύτα,
653 817 866 877 Κουράτος
890 837 950 869 τις
967 818 1144 873 τοῦνομα
1162 815 1297 874 κύριος
1315 814 1520 873 γενόμενος
1542 818 1620 859 τῶν
1639 812 1721 872 φύ-

275 893 357 931 λων
389 887 540 931 τούτων
568 887 638 931 τὸν
661 889 752 942 βίον
774 884 1026 942 μεταλλάξας
1043 887 1153 930 πέντε
1174 883 1460 939 καταλιμπάνει
1480 881 1593 933 υἱούς
1599 914 1613 934 ,
1647 882 1716 940 ἐφ’
1730 889 1776 924 10

277 955 339 1007 οἷς
357 958 579 999 διατίθεται
596 958 797 1011 μηδαμῶς
815 960 887 1010 τῆς
906 953 1091 1009 ἀλλήλων
1111 954 1440 1009 ἀναχωρισθῆναι
1461 952 1616 1005 διαίτης
1623 982 1636 1002 ,
1666 948 1723 1000 ὥς

277 1024 327 1067 ἂν
357 1024 426 1066 διὰ
453 1028 525 1078 τῆς
553 1023 654 1081 πρὸς
680 1022 878 1078 ἀλλήλους
908 1022 1061 1072 εὐνοίας
1088 1021 1138 1064 τὰ
1166 1025 1238 1074 τῆς
1266 1020 1392 1076 ἀρχῆς
1415 1019 1546 1061 αὐτῶν
1573 1015 1723 1060 διασώ-

277 1094 395 1145 ζοιτο.
463 1085 573 1133 οὗτοι
601 1091 727 1147 μικρὰ
751 1095 823 1145 τῆς
841 1094 1035 1146 πατρικῆς
1055 1089 1337 1145 φροντίσαντες
1357 1086 1623 1142 παραινέσεως
1639 1086 1724 1128 ὄλί-

275 1176 348 1216 γου
366 1156 654 1215 παρῳχηκότος
668 1156 817 1214 χρόνου
841 1158 1051 1211 διέστησαν
1071 1154 1254 1209 ἀλλήλων
1264 1185 1277 1206 ,
1313 1155 1480 1203 ἕκαστος
1501 1153 1632 1195 αὐτῶν
1651 1156 1726 1195 τοῦ

278 1230 379 1269 λαοῦ
402 1226 502 1268 ἴδιον
517 1225 640 1281 μέρος
657 1222 984 1278 ἀποτεμνόμενος.
1034 1217 1090 1265 ὧν
1111 1221 1132 1264 ὃ
1151 1223 1225 1276 μὲν
1242 1226 1399 1278 πρῶτος
1417 1221 1619 1271 Βασιανὸς
1637 1221 1723 1271 υἱὸς
1736 1229 1779 1264 15

279 1292 487 1349 λεγόμενος
507 1293 610 1335 κατὰ
630 1292 681 1335 τὰ
705 1292 947 1335 ἕνταλθέντα
971 1291 1079 1348 αὐτῷ
1101 1290 1212 1347 παρὰ
1232 1294 1303 1332 τοῦ
1321 1290 1472 1344 πατρὸς
1496 1290 1537 1330 ἓν
1558 1293 1608 1345 τῇ
1626 1306 1728 1345 προ·

279 1366 417 1418 γονικῇ
434 1365 485 1418 γῇ
507 1361 671 1414 διέμεινε
691 1361 807 1416 μέχρι
827 1364 897 1402 τοῦ
919 1361 1062 1416 δεῦρο,
1093 1356 1114 1400 ὃ
1144 1359 1188 1400 δὲ
1209 1355 1390 1413 δεύτερος
1411 1355 1618 1412 λεγόμενος
1639 1355 1728 1399 Κό-

161 1436 190 1470 P
214 1436 261 1473 23
284 1446 429 1486 τραγος
459 1429 527 1470 τὸν
560 1426 713 1470 Τάναϊν
742 1428 982 1485 περαιωθεὶς
1014 1426 1196 1479 ποταμὸν
1221 1424 1348 1482 ᾤκησε
1377 1423 1728 1482 τούτωνᾶντικρυ,

281 1497 302 1539 ὃ
323 1499 366 1539 δὲ
386 1498 573 1552 τέταρτος
593 1495 825 1552 τὸνἿστρον
844 1495 1024 1548 ποταμὸν
1045 1493 1190 1547 διαβὰς
1208 1494 1249 1534 ἕν
1267 1493 1474 1551 Παννονίᾳ
1491 1497 1541 1549 τῇ
1560 1497 1630 1535 νῦν
1650 1491 1729 1535 ὕπὸ

275 1562 463 1621 Ἀβάροις
492 1564 649 1619 κειμένῃ
675 1564 872 1614 αὐλίζεται
893 1561 1144 1610 ὖπόσπονδος
1164 1565 1221 1617 τῷ
1243 1561 1417 1616 ἐγχωρίῳ
1439 1560 1546 1602 ἔθνει
1565 1558 1728 1614 γενόμε-
1738 1566 1784 1601 20

280 1649 372 1684 νος,
404 1630 424 1674 ὃ
446 1632 488 1673 δὲ
509 1631 684 1684 πέμπτος
702 1630 805 1672 κατὰ
826 1629 899 1684 τὴν
915 1627 1194 1683 Ῥαβεννησίαν
1213 1625 1449 1669 πεντάπολιν
1467 1627 1731 1683 ἱδρυσάμενος

281 1698 489 1757 ὖπόφορος
522 1696 734 1751 Ῥωμαίοις
775 1697 938 1752 ἐγένετο.
1004 1693 1156 1738 τούτων
1185 1692 1205 1736 ὅ
1232 1693 1371 1744 λοιπὸς
1396 1695 1528 1751 τρίτος
1555 1695 1731 1753 ἀδελφὸς

283 1767 412 1823 ὄνομα
431 1764 661 1823 Ἀσπαροῦχ
690 1765 759 1808 τὸν
784 1762 996 1822 Δάναπριν
1017 1764 1084 1806 καὶ
1106 1763 1177 1806 τὸν
1196 1759 1431 1820 Δάναστριν
1456 1762 1636 1818 ποταμὸν
1659 1781 1730 1807 m.-

378 1907 421 1942 15
441 1902 525 1946 υἱός
545 1902 759 1945 Baccanae?

284 2029 419 2073 bitant,
440 2039 581 2063 munera
601 2039 678 2062 cum
699 2027 826 2073 legatis
849 2028 894 2063 ad
915 2027 1157 2074 imperatorem
1173 2027 1315 2062 mittunt
1335 2038 1376 2061 ac
1397 2037 1516 2072 pacem
1535 2024 1732 2072 postulant3

285 2075 412 2120 quibus
429 2074 620 2120 imperator
637 2085 800 2109 assensus
823 2077 891 2109 est.
937 2074 988 2108 ita
1009 2073 1172 2120 deinceps
1194 2077 1265 2107 tam
1281 2072 1319 2106 in
1337 2072 1484 2108 Oriente
1503 2082 1605 2116 quam
1624 2072 1734 2106 Occi-

286 2122 391 2156 dente
414 2119 581 2154 altissima
602 2131 671 2165 pax
695 2130 736 2154 ac
757 2118 989 2163 tranquillitas
1007 2119 1088 2154 fuit.

378 2165 481 2200 Nunc
511 2167 557 2200 de
584 2165 808 2210 Hunnorum,
844 2169 883 2199 ut
906 2169 1050 2209 vocant,
1083 2174 1124 2198 ac
1145 2162 1370 2207 Bulgarorum
1392 2161 1590 2208 primordiis
1613 2162 1733 2197 dicen-

288 2210 369 2245 dum
387 2214 442 2244 est
453 2236 463 2254 ‚
487 2221 624 2254 quoque
642 2211 740 2244 modo
758 2210 796 2243 in
817 2209 862 2244 iis
884 2210 1024 2244 sedibus
1048 2209 1227 2243 constituti
1244 2213 1335 2242 sunt.
1382 2209 1426 2242 ad
1443 2208 1654 2242 Maeotidem
1669 2220 1734 2253 pa-

287 2257 402 2291 ludem
423 2256 523 2289 iuxta
545 2255 736 2300 Cophinem
755 2255 899 2288 fluvium
921 2255 990 2288 sita
1013 2260 1065 2288 est
1087 2265 1209 2298 magna
1229 2254 1412 2298 Bulgaria,
1437 2259 1471 2287 et
1495 2264 1584 2297 quae
1608 2254 1735 2287 Cotra-

288 2312 410 2346 gorum
437 2312 523 2345 gens
552 2300 679 2334 dicitur
704 2300 856 2334 eiusdem
886 2311 961 2338 cum
988 2299 1057 2336 illis
1080 2299 1231 2344 generis.
1278 2310 1383 2346 porro
1404 2298 1623 2333 Constantini
1645 2303 1733 2332 tem-

287 2358 395 2392 pore,
426 2346 487 2391 qui
509 2345 546 2380 in
567 2344 758 2379 Occidente
781 2345 887 2388 obiit,
919 2345 1068 2379 Curatus
1090 2345 1226 2389 quidam
1247 2345 1398 2389 gentium
1418 2344 1551 2378 illarum
1572 2344 1735 2388 princeps

289 2404 334 2426 ex
364 2392 430 2426 hac
462 2390 538 2427 vita
567 2390 748 2427 discedens
780 2390 933 2435 quinque
960 2390 1052 2424 filios
1080 2390 1240 2434 reliquit,
1275 2390 1401 2436 quibus
1431 2390 1497 2423 hoc
1526 2394 1734 2424 testamento

290 2436 490 2482 praecepit,
521 2448 566 2471 ne
589 2435 733 2470 seorsim
755 2446 777 2469 a
800 2447 838 2469 se
861 2436 1009 2470 invicem
1037 2436 1250 2479 habitarent,
1279 2447 1348 2480 quo
1371 2434 1549 2480 imperium
1567 2434 1737 2469 communi

291 2483 477 2516 concordia
500 2481 708 2516 stabilirent.
755 2485 792 2514 at
813 2480 864 2514 illi
884 2481 1038 2526 paternis
1064 2481 1234 2515 mandatis
1260 2481 1427 2524 neglectis
1450 2479 1551 2525 paulo
1574 2485 1655 2525 post
1676 2491 1736 2514 se-

289 2526 399 2560 iuncti
430 2532 526 2571 sunt,
560 2528 647 2561 adeo
682 2530 721 2561 ut
752 2537 847 2562 suam
882 2527 1028 2571 quisque
1056 2526 1174 2571 populi
1204 2531 1338 2579 partem
1367 2525 1568 2560 abduceret.
1614 2525 1737 2560 horum

288 2572 419 2618 primus
437 2572 605 2607 Basianus
629 2584 672 2607 ex
691 2572 844 2617 parentis
862 2577 1050 2617 praecepto
1070 2572 1183 2617 patrio
1202 2583 1239 2606 m
1259 2571 1333 2605 solo
1353 2571 1390 2605 in
1412 2571 1499 2606 hanc
1518 2581 1627 2615 usque
1644 2570 1736 2605 diem

290 2617 461 2652 constitit.
508 2619 678 2652 secundus
704 2618 876 2661 Cotragus
896 2617 1095 2652 transmisso
1118 2617 1232 2651 Tanai
1254 2617 1373 2650 horum
1398 2628 1440 2650 ex
1462 2617 1610 2650 adverso
1633 2616 1736 2650 sedes

287 2662 419 2708 posuit.
466 2668 607 2708 quartus
631 2669 729 2698 trans
752 2663 877 2698 Istrum
904 2668 1113 2709 penetrans,
1149 2663 1186 2696 in
1208 2662 1409 2706 Pannonia,
1444 2673 1534 2706 quae
1556 2673 1646 2696 nunc
1669 2662 1735 2695 sub

287 2708 481 2742 Avarorum
501 2712 674 2752 potestate
693 2712 766 2754 est,
788 2708 933 2743 foedere
956 2720 1031 2743 cum
1053 2707 1306 2742 habitatoribus
1328 2708 1416 2742 inito
1438 2707 1645 2742 domicilium
1663 2705 1735 2740 eol-

286 2753 392 2789 locat.
438 2753 578 2798 quintus
596 2754 634 2789 in
652 2755 888 2792 Ravennatem
908 2754 1127 2800 Pentapolim
1149 2754 1281 2788 delatus
1306 2765 1347 2788 ac
1370 2754 1601 2788 Romanorum
1622 2750 1735 2787 vecti-

290 2799 378 2844 galis
409 2799 523 2835 factus
557 2804 624 2836 est.
673 2800 823 2847 denique
852 2799 976 2836 tertius
1002 2799 1182 2848 Asparuch
1205 2798 1341 2835 nomine
1361 2799 1540 2846 Dauaprin
1562 2802 1599 2834 et
1617 2797 1734 2834 Dm-
