1890 3224
706 165 979 231 Acssoism
1011 166 1044 208 1.
1260 168 1265 177 ··
1529 163 1623 210 145

162 288 248 314 rum
288 290 452 328 corpora
484 276 790 329 torquebantur,
846 275 1163 315 extendebantur
1207 274 1622 332 discerpebanturque.

159 332 250 371 vide
270 334 500 374 Gallonium
510 347 560 384 Ρ
584 335 654 375 33-
737 338 739 341 ’

273 410 341 453 46.
400 413 493 450 citat
514 410 621 449 hunc
639 425 800 449 versum
830 425 922 449 cum
946 413 1146 463 superiore
1167 411 1344 451 Suidas'
1331 427 1374 451 m
1392 428 1432 452 v.
1453 430 1623 467 αχειρος,

152 461 376 519 'monetque
402 473 563 520 poetam
593 467 643 505 de
670 466 868 506 Chosroae
898 468 1130 506 crudelitate
1161 482 1292 520 agere.
1349 472 1462 508 nulla
1488 479 1624 510 autem

162 526 331 562 occurrit
353 528 543 573 varietas,
580 526 658 562 nisi
679 524 817 577 quod
805 539 848 562 m
868 524 992 563 Suida
1011 527 1120 562 venit
1138 526 1333 577 legendus
1350 530 1503 579 primus
1515 558 1525 578 ,
1556 528 1626 581 qui

161 582 205 618 iu
224 580 360 619 Pisida
382 589 440 620 est
460 580 671 618 secundus.
718 595 940 647 perperam
961 584 1152 620 Kusterus
1180 596 1252 634 pro
1287 585 1339 623 οὗ
1362 585 1481 636 βαρεῖ
1506 599 1626 637 repo-

163 637 341 675 nendum
370 639 526 689 putavit
555 633 788 690 σοβαρεύει,
828 646 1073 689 repugnante
1100 652 1262 690 prorsus
1283 647 1410 678 metro
1433 648 1472 678 et
1491 655 1626 680 sensu.

162 707 236 731 nec
265 696 394 745 magis
419 694 694 745 probaverim,
740 694 848 747 quod
879 695 1011 733 eidem
1041 697 1208 733 Kustero
1233 696 1469 747 placuisset,
1510 705 1556 735 ut
1583 699 1628 735 in

162 764 280 788 versu
301 752 494 802 superiori
521 764 593 802 pro
626 747 779 806 ἑκάστῳ
808 759 943 790 contra
973 751 1155 790 codicum
1181 751 1302 790 fidem
1323 754 1505 806 legamus
1530 750 1628 795 ἑκά-

162 819 276 848 στων.

276 873 345 915 51.
406 869 617 927 σκάμματα
635 882 726 914 sunt
745 875 888 913 limites
915 890 961 914 ac
979 873 1140 914 termini
1157 876 1276 915 stadii
1295 878 1412 916 fossis
1432 879 1629 932 vallisque

163 937 289 968 terrae
315 930 535 982 designati,
565 934 669 970 intra
692 945 791 984 quos
820 947 956 971 cursus
977 934 1124 970 fiebant
1147 935 1190 970 in
1216 935 1353 972 Circo·
1343 963 1354 982 ,
1394 934 1501 973 unde
1526 934 1629 973 illud

163 986 351 1038 adaoium
371 986 473 1040 ’ὑπὲρ
496 1003 544 1027 τα
568 985 776 1040 σκάμματα
795 991 943 1040 πηδᾶν.
1000 991 1217 1028 maluimus
1245 991 1415 1028 aliorum
1441 993 1628 1043 exemplo

163 1046 356 1081 Graecam
375 1057 515 1081 vocem
538 1047 707 1082 retinere
733 1058 855 1098 quam
875 1047 952 1083 alia
971 1048 1050 1094 uti,
1094 1058 1196 1098 quae
1220 1047 1407 1084 vocabuli
1435 1050 1519 1086 vim
1546 1062 1628 1085 non

163 1102 419 1151 exprimeret.
475 1101 634 1150 Pisida,
677 1109 722 1139 ut
747 1101 926 1151 videtur,
964 1104 1006 1139 in
1033 1103 1279 1154 amplissimo
1302 1102 1459 1141 theatro
1487 1104 1628 1142 mundi

164 1164 359 1194 certantes
378 1155 531 1194 inducit
546 1159 777 1195 Heraclium
797 1165 835 1195 et
857 1158 1088 1207 Chosroam,
1120 1160 1276 1197 coelum
1294 1166 1520 1213 terramque
1537 1175 1631 1213 spe-
1675 1204 1678 1207 ¹

164 1220 333 1251 ctatores
359 1214 478 1261 facit,
519 1213 695 1252 iudicem
726 1221 765 1252 et
793 1215 983 1252 arbitrum
1017 1215 1138 1252 deum
1165 1217 1386 1265 constituit,
1427 1219 1538 1255 cuius
1556 1218 1630 1256 be-

164 1271 360 1321 nignitate
384 1277 424 1307 et
442 1270 579 1308 favore
601 1271 751 1307 factum
778 1278 836 1308 est
863 1278 907 1308 ut
930 1273 1056 1308 nimia
1077 1274 1299 1309 temeritate
1325 1286 1561 1324 procurrens
1591 1282 1630 1313 et

165 1327 355 1363 terminos
378 1326 603 1376 transgredi
621 1325 862 1364 contendens
886 1325 1079 1365 Chosroes
1098 1329 1141 1364 iu
1160 1325 1382 1380 σκάμματα,
1412 1331 1455 1366 in
1468 1330 1628 1381 fissas,

163 1395 353 1434 praeceps
375 1385 586 1431 corruerit,
618 1390 656 1420 et
678 1385 797 1420 ceteri
820 1397 957 1420 omnes
979 1385 1138 1432 salutis,
1170 1391 1209 1421 et
1229 1386 1414 1423 victoriae
1440 1400 1627 1424 coronam

165 1441 245 1477 sint
269 1438 417 1490 adepti.
475 1437 582 1477 hunc
613 1453 698 1477 esse
734 1453 896 1477 sensum
925 1441 1182 1491 allegoricum
1213 1441 1329 1479 nobis
1365 1445 1624 1494 propositum,

165 1502 324 1547 praeter
353 1508 398 1532 ea
427 1507 529 1546 quae
558 1503 802 1547 sequuntur,
843 1497 938 1533 facit
964 1503 1007 1533 ut
1005 1471 1240 1535 0credamus
1266 1498 1432 1535 verbum
1457 1504 1626 1551 κροτεῖν,

166 1550 275 1603 quod
292 1558 525 1603 usurpatum
545 1565 702 1603 semper
719 1554 920 1589 iuvenitur
938 1552 988 1590 ad
1006 1554 1170 1603 plausus
1189 1554 1469 1605 exprimendos
1483 1586 1493 1604 ‚
1533 1558 1626 1608 qui-

164 1609 241 1646 bus
259 1609 426 1646 victores
448 1607 620 1646 athletae
639 1621 662 1645 a
682 1610 967 1659 spectatoribus
988 1610 1301 1660 excipiebantur.
1361 1613 1395 1649 si
1412 1619 1544 1649 autem
1565 1613 1625 1649 al-

167 1666 362 1716 legoriam
382 1663 558 1702 dimittas
571 1694 581 1713 ,
622 1663 685 1702 dei
706 1675 922 1702 scammata
939 1673 1049 1702 erant
1071 1666 1205 1703 divina
1226 1669 1389 1705 consilia
1406 1675 1445 1705 et
1463 1668 1625 1718 iudicia,

168 1735 240 1759 seu
264 1722 363 1758 fines
394 1721 442 1757 ab
474 1734 519 1758 eo
542 1723 743 1758 constituti
763 1723 914 1758 ratione
933 1723 1052 1772 plane
1073 1721 1229 1760 diversa
1254 1737 1298 1760 ac
1318 1726 1481 1763 insanus
1503 1724 1631 1763 Chos—

169 1790 258 1815 roes
276 1790 411 1814 secum
432 1783 702 1827 reputaverat:
742 1778 954 1814 consilium
978 1779 1086 1814 euim
1109 1779 1184 1815 fuit
1205 1778 1403 1817 chosroae
1424 1788 1628 1819 ut'omnes

169 1834 339 1871 Romani
355 1834 549 1884 perirent,
587 1833 797 1869 consilium
817 1839 951 1870 autem
971 1832 1035 1870 dei
1055 1834 1131 1870 fuit
1150 1841 1194 1871 ut
1211 1848 1313 1873 unus
1332 1838 1478 1886 periret
1499 1836 1629 1874 Chos-

169 1903 258 1927 roes
280 1896 319 1927 et
341 1902 479 1927 omnes
502 1895 753 1927 servarentur
777 1891 969 1939 Romani,
1014 1887 1100 1938 ἓνὸς
1120 1888 1313 1940 πεσόντος
1335 1891 1403 1932 καὶ
1429 1892 1630 1946 σεσωσμέ-

167 1962 252 1987 νων
269 1942 387 1987 damae.

286 2013 355 2056 54.
411 2001 515 2052 ludit
536 2014 577 2051 in
597 2027 693 2052 voce
715 2009 938 2064 πλανήτας,
972 2026 1074 2066 quae
1096 2027 1119 2051 a
1136 2011 1313 2064 πλανᾰω,
1343 2029 1426 2054 erro
1450 2023 1488 2054 et
1506 2018 1549 2054 in
1569 2031 1630 2054 er-

170 2085 297 2110 rorem
321 2071 466 2108 induco
477 2085 494 2118 ;
537 2069 643 2107 unde
665 2072 760 2108 scite
790 2069 884 2108 dicit
909 2069 1147 2119 chosroam,
1188 2072 1256 2123 qui
1275 2078 1430 2109 tantum
1450 2074 1493 2110 in
1517 2076 1632 2112 astris

171 2128 310 2165 fideret
328 2134 373 2165 ut
393 2140 439 2164 ea
456 2140 526 2178 pro
545 2126 621 2164 diis
637 2125 814 2174 haberet,
844 2140 950 2165 nunc
974 2126 1138 2165 demmn
1155 2129 1302 2165 sentire
1322 2142 1404 2166 non
1430 2142 1453 2166 a
1471 2137 1633 2181 ¹septem

172 2183 294 2222 modo
311 2184 494 2234 planetis,
515 2196 614 2235 quos
632 2197 717 2221 esse
734 2182 863 2221 sidera
884 2185 1048 2221 erratica
1065 2197 1165 2235 vaga
1186 2192 1226 2222 et
1242 2185 1419 2235 palantia
1440 2194 1633 2224 noverant

173 2247 328 2281 veteres
348 2241 583 2287 astronomi,
623 2239 695 2278 sed
712 2242 832 2278 etiam
849 2241 897 2277 ab
917 2241 1004 2278 aliis
1023 2241 1206 2278 omnibus
1226 2241 1372 2290 stellis,
1412 2255 1510 2294 quas
1531 2243 1634 2287 fixas

173 2310 316 2335 vocare
337 2296 478 2344 solent,
508 2309 549 2334 se
568 2297 692 2334 fuisse
713 2295 934 2348 deceptum.
994 2298 1050 2335 sic
1071 2298 1192 2334 etiam
1211 2298 1314 2335 salse
1334 2297 1472 2336 irridet
1488 2301 1632 2337 Persa—

175 2367 264 2391 rum
283 2353 519 2403 religionem
538 2359 576 2389 et
597 2353 801 2390 scientiam
813 2383 824 2401 ,
864 2366 966 2405 quae
983 2354 1237 2405 potissimum
1256 2356 1297 2390 in
1321 2368 1424 2392 vana
1449 2356 1633 2406 planeta-

176 2423 265 2447 rum
293 2410 564 2447 observatione
594 2411 739 2447 versari
764 2410 936 2460 solebat,
976 2423 1066 2448 cum
1087 2410 1135 2447 ab
1160 2424 1298 2448 eorum
1321 2411 1478 2450 influxu
1500 2415 1633 2450 omnia

173 2464 347 2517 pendere
366 2465 658 2502 arbitrarentur.

288 2537 356 2576 60.
414 2530 642 2583 οἷεισφαλεῖς
659 2534 796 2584 Magos
816 2534 990 2584 appellat
1008 2548 1054 2573 eo
1074 2533 1182 2587 quod
1203 2547 1380 2586 semper,
1411 2549 1456 2573 ac
1477 2538 1632 2587 praeci-

177 2604 256 2641 pue
274 2590 448 2628 Heraclii
466 2590 711 2640 temporibus
725 2618 735 2638 ,
779 2590 990 2641 astrologia
1010 2591 1215 2629 iudiciaria
1239 2597 1278 2628 et
1298 2587 1634 2644 ἀποτελεσματικῆ

178 2647 348 2684 facultas
365 2652 474 2684 tanto
492 2647 535 2682 in
552 2644 702 2683 honore
728 2644 837 2697 apud
858 2659 925 2683 eos
942 2654 1068 2697 esset,
1104 2654 1148 2685 ut
1167 2660 1257 2684 cum
1274 2650 1409 2686 omnia
1429 2663 1482 2687 ex
1507 2650 1638 2699 magi-

181 2716 251 2740 cae
273 2701 505 2754 disciplinae
526 2703 678 2739 arcanis
697 2699 867 2753 petenda
889 2705 1052 2741 consilia
1076 2710 1228 2751 essent,
1268 2711 1308 2741 et
1332 2703 1436 2742 nihil
1463 2705 1638 2743 faustum

182 2772 268 2797 esse
289 2771 405 2810 posse
426 2759 721 2796 existimaretur
739 2757 847 2811 quod
868 2758 916 2795 ab
939 2760 996 2797 eis
1014 2773 1094 2798 non
1113 2760 1254 2797 fuisset
1274 2759 1492 2808 definitum,
1520 2760 1639 2812 quid-

186 2814 284 2867 quid
303 2812 503 2866 agendum
523 2820 647 2864 esset,
688 2828 759 2865 per
784 2813 1044 2854 divinationes
1073 2822 1111 2853 et
1139 2816 1382 2855 somniorum
1406 2819 1641 2868 interpreta-
