1838 3210
551 153 889 200 DESCRIPTIO
922 154 966 198 S.
998 155 1248 202 SOPHIAE.
1526 160 1617 206 121

177 262 350 301 carmine
371 260 479 316 quod
507 262 565 311 εἷς
591 260 636 304 τό
662 260 855 318 κιβώριον
878 267 955 306 τοῦ
983 264 1100 320 ἆγίου
1124 261 1355 320 προδρόμου
1377 269 1617 321 conscripsit,

175 317 400 374 καλύπτρας
417 321 577 357 nomine
595 319 846 372 indigitatur:

448 377 565 424 θείας
582 376 770 429 τραπέζης
791 374 1093 431 συγκαλύπτραν
1116 394 1166 431 με
1189 377 1347 433 βλέπων

449 430 700 485 Χερουβικήν
716 431 850 486 νόμιζε
870 435 1096 487 ταξιαρχίαν
1110 446 1120 456 ·

451 488 624 540 Χριστόν
638 487 712 543 yda
732 490 849 531 ἔνδον
870 495 1213 545 μυσταγωγεῖσθαι
1228 489 1328 543 νόει,

445 542 512 585 τὸν
530 548 612 586 τῶν
631 544 716 586 ἅνω
735 562 775 587 τε
795 545 989 599 δεσπότην
1005 547 1072 588 καὶ
1089 551 1168 588 τῶν
1187 545 1309 589 κάτω.

104 619 108 624 ·
173 611 303 651 neque
320 600 407 638 aliis
425 601 549 639 ferme
570 603 699 640 verbis
721 604 913 642 ciborium
933 603 1155 655 designavit
1172 606 1347 657 Symeon
1359 604 1623 644 Thessaloni-

175 658 301 693 censis
319 657 419 694 libro
443 657 491 696 de
502 660 687 711 Templo,
706 659 809 698 illud
827 674 971 699 vocans
981 660 1057 713 τήν
1075 659 1317 712 ἐπουράνιον
1333 661 1424 715 περὶ
1441 659 1506 702 τᾶν
1523 660 1623 703 θεὸν

172 708 338 764 σκηνήν,
370 712 471 754 ἔνθα
493 714 535 755 οἷ
552 718 633 759 τῶν,
652 711 826 769 οἶγγὲλων
847 717 969 769 δῆμοι
986 716 1053 757 καὶ
1070 720 1152 758 ταῖν
1172 717 1297 772 ἁγίων
1316 717 1346 771 ἦ
1364 715 1622 766 κατάπαυσις.

173 782 225 805 ex
244 770 386 820 quibus
402 770 564 809 taudem
585 771 772 810 docemur
793 786 861 811 cur
881 774 1072 812 ciborium
1090 775 1258 826 tegimen
1282 782 1320 813 et
1344 775 1623 812 umbraculum

171 827 392 876 appelletur
407 828 450 863 in
468 827 605 866 ordine
621 830 800 867 Romano
813 858 824 879 ‚
865 830 935 867 ubi
953 832 995 868 in
1016 831 1125 868 illius
1152 833 1442 869 consecratione
1465 830 1623 868 divinae

170 882 293 918 instar
311 895 436 931 arcae,
465 885 500 921 si
519 897 597 922 non
619 885 806 933 effictum,
833 893 936 924 certe
955 887 1163 924 inventum
1180 895 1219 925 et
1237 887 1515 925 adumbratum
1529 901 1624 938 per-

168 936 262 974 inde
286 938 477 976 ciborium
490 969 500 988 ‚
543 940 698 980 disertis
718 943 854 988 verbis
876 944 1066 980 innuitur.
1125 945 1181 981 sic
1202 951 1335 981 autem
1354 945 1423 981 illa
1446 945 1624 995 concipi-

167 999 251 1031 tur:
293 997 534 1046 omnipotens
558 999 788 1049 sempiterne
815 999 928 1046 deus,
971 1001 1042 1051 qui
1055 999 1180 1048 fideli
1194 1000 1362 1051 famulo
1388 1007 1453 1037 tuo
1481 1001 1621 1051 Moysi

159 1052 400 1101 praecepisti
419 1059 466 1099 ut
479 1053 578 1099 duo-5
602 1054 813 1092 Cherubim
839 1069 958 1106 super
981 1070 1120 1093 arcam
1148 1058 1369 1094 testamenti
1392 1056 1618 1102 collocaret,

167 1120 291 1156 quam
315 1110 479 1146 extensis
506 1110 564 1146 ad
585 1111 823 1150 alterutrum
841 1113 920 1149 alis
930 1119 1198 1164 protegerent,
1236 1115 1359 1151 versis
1378 1112 1554 1151 vultibus
1575 1114 1620 1150 in

158 1164 499 1212 propitiatorium,
527 1180 765 1217 quaesumus
780 1167 1036 1221 ineffabiliter
1055 1169 1302 1207 clementiam
1319 1177 1450 1214 tuam,
1478 1170 1522 1206 in
1541 1183 1618 1220 quo

165 1221 340 1270 tegimen
359 1223 575 1260 venerandi
589 1223 732 1261 altaris
750 1225 828 1270 tui,
864 1226 909 1262 in
931 1239 1007 1276 quo
1029 1226 1113 1276 ipse
1128 1227 1356 1277 unigenitus
1365 1226 1489 1274 filius
1507 1233 1618 1271 tuus,

164 1275 347 1315 dominus
376 1285 505 1315 noster
532 1280 643 1317 Iesus
666 1280 844 1318 Christus
848 1309 863 1326 ,
901 1282 972 1332 qui
999 1289 1057 1318 est
1079 1284 1312 1333 propitiatio
1338 1296 1416 1333 pro
1441 1283 1620 1333 peccatis
1641 1281 1670 1316 Ρ
1694 1282 1761 1319 571

163 1333 322 1379 nostris,
352 1334 542 1382 fidelium
561 1336 747 1374 manibus
763 1338 909 1388 iugiter
924 1338 1171 1384 immolatur,
1211 1346 1249 1375 et
1269 1337 1342 1376 sub
1364 1352 1442 1390 quo
1461 1345 1619 1376 sancto-

163 1402 253 1425 rum
271 1396 428 1427 tuorum
444 1405 608 1441 corpora
610 1420 626 1438 ,
655 1406 758 1444 quae
783 1395 974 1433 veraciter
989 1395 1167 1445 suerunt
1186 1408 1283 1432 arca
1303 1396 1524 1432 testamenti
1541 1396 1620 1441 tui,

163 1446 416 1494 receptacula
438 1448 588 1492 seilicet
604 1451 768 1499 spiritus
785 1451 932 1495 sancti,
956 1464 1034 1501 per
1057 1451 1222 1488 eundem
1246 1450 1621 1489 consubstantialem

164 1499 405 1548 tihifilium,
433 1504 666 1555 qui-sactus
695 1512 754 1543 est
775 1505 888 1543 nobis
911 1520 939 1544 a
956 1514 993 1543 te
1012 1508 1274 1556 sanctificata>
1293 1515 1330 1544 et
1343 1508 1556 1558 redemptio
1576 1509 1621 1545 in

162 1558 306 1594 virtute
323 1559 495 1597 eiusdem
513 1561 676 1611 spiritus
696 1563 890 1607 veritatis,
919 1564 1104 1601 universa
1122 1565 1283 1615 antiqui
1297 1564 1418 1602 hostis
1428 1564 1620 1615 salsitate

162 1627 254 1650 cum
279 1614 515 1653 satellitibus
546 1618 630 1654 suis
659 1617 845 1668 depulsa,
891 1632 984 1655 cum
1009 1621 1107 1670 ipsis
1135 1622 1375 1658 ornamentis
1402 1621 1461 1657 ad
1486 1622 1620 1671 ipsum

161 1670 437 1709 umbraculum
460 1673 750 1723 pertinentibus
778 1674 844 1711 vel
866 1674 918 1712 ab
947 1675 1019 1713 illo
1044 1676 1352 1726 dependentibus·
1386 1684 1459 1714 aut
1494 1677 1619 1715 eidem

159 1728 390 1777 suppositis,
419 1735 490 1766 tua
513 1736 654 1766 cancta
681 1730 944 1768 benedictione
965 1733 1206 1784 perfimdere
1227 1740 1264 1769 et
1281 1747 1524 1779 consecrare,
1552 1741 1619 1770 at-

161 1796 237 1833 que
262 1783 320 1820 ad
342 1785 546 1822 tuitionem
566 1787 786 1836 pignorum
811 1794 1040 1825 sanctorum
1061 1802 1112 1825 ac
1131 1788 1355 1826 roboranda
1377 1791 1459 1827 sive
1475 1790 1617 1826 multi-

151 1838 352 1889 plicanda
377 1847 468 1877 vota
485 1841 676 1889 fidelium
695 1849 852 1879 tuorum
869 1843 1022 1880 diutino
1039 1851 1208 1894 tempore
1226 1859 1456 1882 conservare
1473 1846 1617 1896 digne-

158 1895 232 1940 ris,
259 1903 456 1934 annuente
482 1898 614 1935 eodem
644 1897 801 1936 domino
827 1899 920 1936 Iesu
947 1899 1100 1937 Christo
1123 1907 1194 1938 etc.
1254 1902 1448 1952 praefatio
1481 1908 1616 1939 autem

158 1949 210 1988 ad
229 1955 563 1991 consecrationem
575 1955 775 2006 praelatio
795 1954 951 2001 ciborii,
979 1957 1024 1993 id
1043 1963 1098 1993 est
1116 1956 1344 1994 umbraculi
1360 1958 1520 2003 altaris,
1548 1959 1617 1994 in·-

157 2008 352 2046 scribitur.
398 2023 450 2046 ex
469 2008 544 2047 hac
563 2012 686 2061 igitur
705 2012 881 2050 oratione
898 2011 951 2050 ad
969 2015 1304 2051 consecrationem
1325 2014 1475 2062 ciborii,
1503 2020 1614 2065 patet

117 2073 119 2075 ’
153 2076 239 2102 non
260 2064 381 2105 modo
396 2067 522 2108 altare
544 2066 615 2105 sed
634 2073 675 2104 et
692 2075 919 2106 sanctorum
947 2082 1109 2120 corpora
1129 2069 1232 2107 illud
1254 2072 1477 2122 operuisse,
1518 2071 1614 2122 quia

155 2120 358 2160 recondita
390 2130 501 2160 erant
529 2124 601 2162 sub
628 2125 716 2175 ipso
744 2125 872 2162 altari.
931 2126 1144 2177 Gregorius
1171 2127 1271 2164 Tur.
1306 2127 1377 2164 lib.
1404 2125 1453 2164 de
1472 2128 1612 2165 Mirac.

153 2179 271 2215 Mart.
296 2192 329 2216 c.
350 2181 429 2228 28,
471 2178 520 2218 de
549 2180 593 2219 S.
618 2182 726 2218 Petri
745 2182 899 2219 tumulo
922 2194 1063 2233 agens:
1104 2183 1282 2233 sepultus
1313 2190 1369 2220 est
1395 2184 1439 2220 in
1468 2183 1613 2234 templo

157 2234 266 2285 quod
279 2235 495 2273 vocabatur
513 2238 735 2288 antiquitus
750 2237 1010 2284 Vaticanum,
1033 2246 1220 2290 quattuor
1233 2239 1389 2277 ordines
1403 2239 1613 2277 columna-

152 2304 243 2327 rum
267 2291 386 2328 valde
414 2292 676 2339 mirabilium,
716 2308 878 2332 numero
905 2297 1128 2346 nonaginta
1156 2309 1241 2342 sex,
1268 2295 1432 2334 habens.
1494 2296 1615 2334 habet

153 2347 271 2383 etiam
302 2355 489 2399 quattuor
515 2351 560 2387 in
590 2350 731 2396 altari,
781 2358 942 2401 praeter
967 2352 1064 2389 illas
1091 2366 1193 2403 quae
1219 2352 1411 2389 ciborium
1438 2353 1615 2403 sepulcri

153 2410 386 2441 sustentant.
412 2437 413 2440 ,
447 2405 521 2443 hoc
543 2408 646 2443 enim
663 2406 890 2456 sepulcrum
909 2407 983 2445 sub
1002 2409 1129 2446 altari
1149 2408 1384 2446 collocatum
1405 2410 1524 2446 valde
1541 2423 1611 2446 ra-

152 2472 243 2495 rum
265 2459 445 2498 habetur.
507 2469 624 2514 atque
641 2462 736 2500 inde
753 2463 918 2502 fortasse
939 2464 1082 2502 accidit
1103 2472 1148 2502 ut
1169 2464 1371 2503 aediculas
1393 2467 1459 2503 vel
1476 2466 1611 2503 taber-

153 2516 306 2564 nacula,
336 2518 379 2554 in
401 2518 543 2568 quibus
565 2532 611 2556 ea
632 2518 795 2557 recondi
812 2521 953 2569 solent,
975 2520 1135 2573 quando
1156 2535 1238 2559 non
1258 2520 1524 2560 reconduntur
1538 2523 1611 2560 sub

154 2570 291 2618 altari,
335 2573 482 2611 ciboria
512 2576 746 2628 plerumque
780 2578 984 2628 appellent
1016 2580 1239 2629 scriptores.
1309 2579 1543 2617 Anastasius
1569 2580 1611 2615 in

152 2627 326 2665 Honorio
342 2630 432 2666 PP:
461 2633 618 2669 ornavit
646 2639 780 2669 autem
807 2633 1033 2683 sepulcrum
1060 2635 1146 2672 eius
1170 2634 1238 2685 (S.
1260 2634 1456 2686 Agnetis)
1478 2649 1524 2672 ex
1543 2648 1615 2671 ar-

146 2689 285 2733 gento,
318 2706 370 2712 —-
390 2688 527 2734 posuit
554 2694 591 2724 et
620 2687 788 2738 desuper
810 2689 1008 2727 ciburium
1036 2704 1195 2728 aereum
1223 2690 1461 2729 deauratum
1490 2691 1614 2728 mirae

150 2740 454 2788 magnitudinis.
487 2745 603 2794 Hugo
622 2745 934 2784 Flaviniacensis
953 2748 994 2783 in
1019 2745 1111 2784 Chr.
1132 2746 1298 2785 virdun.
1319 2761 1361 2799 p.
1387 2749 1489 2788 166:
1512 2761 1612 2796 prv-

145 2795 396 2844 pitiatorium
428 2811 524 2836 sane
552 2807 782 2841 salictorum
811 2809 1003 2846 exornant
1036 2817 1218 2854 corpora,
1262 2817 1430 2856 quorum
1466 2803 1613 2840 meritis
