1890 3224
266 183 330 228 70
755 183 992 227 GEORGII
1019 183 1231 227 PISIDAE

485 298 709 354 σκίρτησον,
737 295 887 354 αῗθήρ·
918 296 939 339 ὃ
961 302 1118 354 κρατῶν
1137 296 1426 356 Περσοκράτης

486 363 506 406 ὃ
531 363 810 423 πυρσολάτρης
831 363 1019 423 ε’ζοφώθη
1037 365 1243 423 Χοσρόης.
1368 357 1370 360 .

407 431 457 472 15
486 431 605 475 πάλιν
629 432 795 487 κάμινος
815 435 998 490 Περσικὴ
1020 437 1086 476 καὶ
1110 436 1276 492 δευτέρα

488 502 708 556 ὄροσίζεται
730 501 832 558 φλὸξ
851 503 1009 556 Δανιὴλ
1030 507 1088 560 τῷ
1107 504 1298 561 δευτέρῳ,

488 570 698 626 ἀνωφερὴς
722 571 766 612 δὲ
786 572 926 627 καίπερ
945 565 1048 613 οὖσα
1063 571 1136 624 τὴν
1155 569 1277 628 φύσιν

484 643 614 690 χεῖται
636 639 728 680 κατ’
754 638 886 680 αὐτῶν
897 671 910 690 ,
938 641 1005 680 καὶ
1025 637 1155 681 διώκει
1178 643 1245 680 καὶ
1269 638 1400 696 φλέγει

490 705 584 755 τοὺς
604 699 676 761 τὴν
698 707 875 763 πονηρὰν
896 706 1203 764 ἕκπυρώσαντας
1225 705 1369 763 φλόγα.

407 775 463 813 20
487 772 605 815 πάλιν
626 773 793 817 λεόντων
814 775 1069 831 ἠγριωμένων
1088 773 1220 829 στόμα

489 843 545 890 εἷς
564 846 637 897 γῆν
659 843 714 884 δι’
737 841 852 897 ὑμῶν
863 844 1070 900 Περσικὴν
1093 841 1313 900 ἀνεφράγη.

487 907 606 952 πάλιν
629 918 813 967 παροινεῖ
830 913 1036 966 δυσσεβῶς
1056 908 1077 953 ὅ
1098 909 1291 967 Χοσρόης

487 979 554 1018 καὶ
575 982 655 1035 πῦρ
675 983 865 1036 θεουργεῒ
880 981 947 1021 καὶ
971 979 1070 1029 θεὸς
1092 976 1345 1036 φαντάζεται,

488 1045 563 1094 ἕως
584 1046 657 1088 σὺν
678 1047 789 1105 αὐτῷ
808 1049 875 1088 καὶ
890 1047 935 1088 τὸ
955 1051 1036 1103 πῦρ
1054 1044 1314 1102 ὓπερβράσαν

407 1112 462 1153 25
491 1113 564 1154 σὺν
587 1118 646 1171 τῷ
668 1113 962 1170 θεουργήσαντι
984 1111 1316 1168 συγκατεφθάρη.

486 1179 606 1222 πάλιν
628 1187 831 1237 παροινεῖ,
864 1183 931 1222 καὶ
949 1181 1126 1236 μεταίρει
1148 1179 1220 1233 τὴν
1241 1180 1381 1230 κτίσιν,

490 1245 625 1304 Ξέρξῃ
647 1265 688 1290 τε
709 1252 768 1306 τῷ
785 1250 878 1305 πρὶν
897 1248 1104 1304 ἀντερίζει,
1138 1249 1205 1302 καὶ
1223 1247 1336 1288 θέλει

489 1319 546 1370 πῇ
564 1316 638 1369 μὲν
656 1319 859 1373 πετρῶσαι
878 1315 948 1358 τὸν
968 1315 1103 1370 βυθὸν
1123 1321 1207 1365 τοῖς
1228 1311 1448 1368 λειψάνοις,

488 1387 545 1439 πῇ
567 1383 608 1425 ‹5'
634 1378 728 1439 αὗγε
750 1383 824 1438 τὴν
841 1388 915 1439 γῆν
935 1387 1171 1437 κυματῶσαι
1190 1388 1274 1432 τοῖς
1293 1380 1474 1439 λύθροις.

405 1454 460 1492 30
485 1455 667 1511 γιγαντιᾷ
685 1452 729 1493 δὲ
750 1453 818 1494 καὶ
838 1455 1083 1507 τυραννῆσαι
1106 1451 1231 1502 θέλει,

486 1521 553 1560 καὶ
570 1519 639 1561 τὸν
657 1519 735 1576 πρὸ
753 1517 913 1561 πάντων
928 1520 1101 1570 εἲκονίζει
1118 1514 1340 1573 Βαλτάσαρ
1353 1548 1367 1568 ,

483 1588 661 1643 χραίνων
679 1587 731 1631 τὰ
749 1590 845 1628 θεῖα
870 1590 929 1643 τῷ
946 1589 1144 1643 μολυσμῷ
1163 1588 1235 1639 τῆς
1256 1585 1409 1638 μέθης,

487 1655 562 1703 ἕως
579 1654 672 1696 κατ’
697 1654 823 1696 αὐτοῦ
845 1652 1042 1703 δάκτυλος
1060 1650 1259 1709 θεηγόρος

486 1726 537 1778 τῇ
559 1724 669 1782 δεξιᾷ
687 1737 761 1764 σου
782 1719 990 1778 χρώμενος
1008 1718 1271 1777 χειροχράφῳ

405 1794 459 1836 35
485 1788 631 1846 ψήφου
651 1790 843 1843 μελαίνης
861 1786 1083 1845 ἔξεφώνησε
1106 1789 1249 1844 κρίσιν.

489 1855 655 1913 λήγουσι
678 1856 818 1899 λοιπὸν
839 1857 881 1898 αἱ
899 1857 1047 1912 βροχαὶ
1066 1859 1147 1898 τῶν
1171 1851 1365 1909 αἱμάτων,

491 1923 626 1981 φεύγει
646 1924 690 1966 τὸ
712 1924 840 1982 ῥεῦμα
858 1928 938 1966 τῶν
954 1921 1171 1980 ἀειρρύτων
1194 1920 1353 1979 φόνων·

491 1991 519 2046 ἦ
537 1997 588 2048 γῆ
609 1994 758 2046 βιαίοις
776 1992 848 2034 οὒκ
868 1993 1083 2046 ἐνοχλεῖται
1107 1989 1274 2048 τάφοις,

368 2091 411 2124 18
432 2090 550 2124 κεῖται
571 2087 615 2123 ed

277 2178 356 2202 rens
383 2179 426 2201 ex
447 2166 550 2211 impia
573 2166 775 2211 suspicione.
820 2167 955 2209 aether,
985 2167 1135 2200 exsulta:
1173 2165 1342 2209 imperans
1364 2164 1543 2198 Persarum
1564 2164 1727 2206 munus

276 2212 424 2257 ignicola
437 2212 680 2245 obtenebratus
696 2216 750 2246 est
765 2212 947 2246 chosroes.
979 2211 1058 2255 (15)
1070 2221 1187 2245 rursus
1201 2210 1340 2244 Persica
1353 2210 1474 2243 fornax
1488 2212 1592 2252 atque
1604 2206 1727 2241 iterum

275 2258 442 2292 irroratur
464 2256 599 2290 flamma
622 2267 682 2300 pro
698 2256 841 2290 Daniele
862 2257 992 2298 altero,
1024 2267 1114 2301 quae
1134 2255 1285 2300 quamvis
1309 2255 1344 2289 in
1358 2254 1462 2288 altum
1475 2258 1595 2288 natura
1607 2251 1727 2286 tendat

274 2314 338 2337 sua
348 2327 359 2343 ,
391 2306 503 2336 tamen
519 2301 729 2345 procumbit,
750 2301 943 2346 instansque
957 2302 1034 2335 illos
1049 2300 1162 2335 adurit
1175 2301 1234 2346 qui
1247 2300 1412 2335 flammam
1426 2299 1571 2343 iniquam
1584 2307 1727 2332 succen-

275 2348 410 2381 derunt.
457 2347 539 2390 (20)
562 2356 678 2380 rursus
692 2347 827 2380 leonum
845 2358 884 2380 os
901 2346 1021 2380 rabide
1043 2346 1223 2381 furentium
1245 2357 1306 2391 per
1332 2349 1368 2379 te
1389 2348 1508 2379 contra
1529 2347 1656 2377 tertam
1670 2344 1726 2376 est

274 2393 473 2436 adapertum
494 2391 675 2426 Persicam.
720 2402 838 2426 rursus
862 2391 987 2425 insanit
1007 2392 1192 2426 sceleratus
1215 2391 1408 2433 chosroes,
1445 2393 1482 2424 et
1503 2388 1616 2432 ignem
1641 2386 1727 2421 facit

275 2438 395 2481 deum,
435 2447 540 2481 seque
569 2436 668 2470 deum
697 2435 832 2471 simulat
840 2449 851 2478 ;
891 2437 1000 2471 donec
1026 2448 1099 2470 cum
1122 2437 1195 2482 ipso
1222 2437 1322 2471 etiam
1346 2433 1600 2481 superincursus
1624 2431 1726 2476 ignis,

276 2481 357 2527 (25)
381 2492 455 2516 cum
469 2482 545 2526 ipso
562 2482 619 2535 qui
634 2481 716 2516 fecit
729 2481 839 2526 ignem
853 2482 963 2526 deum,
987 2482 1154 2516 extinctus
1169 2486 1232 2517 est.
1278 2492 1413 2524 rursus,
1433 2480 1579 2524 inquam,
1602 2476 1727 2511 insanit

281 2531 318 2561 et
342 2537 398 2561 res
420 2531 550 2560 creatas
570 2526 725 2569 invertit,
764 2527 940 2572 Xerxique
961 2527 1096 2572 antiquo
1121 2528 1307 2562 aemulatus
1329 2529 1469 2560 conatur
1492 2534 1561 2569 qua
1583 2522 1726 2568 pelagus

277 2573 416 2618 opplere
438 2571 678 2614 cadaveribus,
701 2583 769 2617 qua
790 2577 908 2606 contra
930 2578 1056 2607 terram
1070 2573 1232 2607 inundare
1246 2571 1416 2615 sanguine.
1463 2570 1546 2614 (30)
1567 2572 1608 2602 ut
1627 2567 1726 2612 gigas

276 2629 361 2653 vero
387 2617 471 2651 furit
493 2628 598 2662 seque
612 2622 765 2663 praestat
779 2621 793 2652 t
820 2629 956 2652 rannum
972 2623 1007 2652 et
1020 2629 1120 2652 unum
1135 2629 1217 2664 prae
1232 2617 1383 2652 omnibus
1398 2617 1631 2661 repraesentat
1645 2612 1725 2647 Bal-

276 2668 443 2705 tamem,
477 2673 703 2708 conspui-cans
717 2674 773 2697 res
812 2663 918 2698 ivinas
934 2663 1135 2698 ebrietatum
1149 2662 1386 2709 profanatione
1397 2687 1408 2704 ,
1443 2661 1552 2695 donec
1566 2659 1601 2693 in
1616 2658 1725 2703 ipsum

277 2709 404 2751 digitus
420 2708 643 2753 diviniloquus
654 2735 665 2751 ‚
690 2712 782 2743 tuam
797 2709 841 2742 ad
857 2709 1058 2743 exarandum
1073 2712 1244 2743 mutuatus
1259 2708 1453 2751 dexteram,
1475 2704 1556 2750 (35)
1571 2703 1659 2748 nigri
1673 2702 1725 2736 la·-

277 2754 348 2799 pilli
362 2753 502 2808 protulit
515 2754 729 2790 senteutiam.
776 2754 842 2788 iam
864 2754 992 2788 demum
1017 2758 1151 2788 cessant
1171 2753 1341 2798 sanguinis
1364 2752 1447 2795 rivi,
1470 2750 1597 2784 sistitur
1610 2748 1724 2783 fluxus

278 2798 427 2834 caedium
441 2798 653 2845 perennium,
685 2804 777 2835 terra
790 2799 948 2835 violentis
963 2810 1032 2834 non
1047 2799 1239 2845 exagitatur
1252 2797 1416 2845 sepulcris
1426 2823 1439 2840 ,
1460 2806 1554 2832 mare
1567 2804 1634 2830 non
1647 2803 1725 2828 sor-
