1890 3224
265 185 331 235 24
621 186 976 232 NICEPHORUS
1014 183 1325 229 CPOLITANU
1325 184 1356 228 S

266 299 478 355 δεξάμενος
504 298 689 356 μεγάλως
715 299 872 354 ἐτίμησε
881 329 896 351 ,
940 299 1005 341 καὶ
1041 295 1125 340 εἶτα
1157 293 1463 351 τελευτήσαντος
1488 294 1711 355 Ὅρμίσδου

264 370 434 422 βασιλέα
451 370 624 423 Περσῶν
643 369 814 422 ἐτίμησε.

402 434 618 492 Σάρβαρος
651 437 694 478 δὲ
725 434 901 484 ἀκούσας
928 431 988 475 ὅτι
1007 430 1199 488 Χοσρόης
1228 433 1294 474 καὶ
1316 428 1507 487 Σειρόης,
1542 426 1713 484 Καβόης

265 505 332 546 καὶ
350 501 572 559 Ὁρμίσδας
607 503 886 558 ἐτελεύτησαν,
931 503 973 543 ἐκ
1005 506 1074 555 τῆς
1098 498 1304 554 Ῥωμαίων
1333 497 1537 542 ὑπενόστει
1560 497 1711 553 χώρας,

265 570 412 628 γράφει
434 589 475 613 τε
497 572 714 627 ἀπολογίαν
735 571 836 628 πρὸς
850 567 1112 624 ζΗροῖκλειον,
1149 567 1203 618 ὡς
1232 568 1305 622 οὐχ
1332 566 1430 610 ἑκὼν
1451 566 1554 608 ἀλλὰ
1576 563 1747 621 γνώμῃὸ

146 645 176 679 Ρ
201 646 243 681 15
267 644 340 682 τοῦ
360 639 665 689 ἀποστείλαντος
687 639 875 695 ἔπραττεν
901 637 1000 692 ἅπερ
1028 640 1082 686 εἷς
1094 634 1315 690 Ῥωμαίους
1333 636 1538 689 πεποίηκε,
1582 649 1717 689 παρα-

265 707 452 763 γενέσθαι
485 709 528 750 δὲ
560 707 683 749 αὐτὸν
711 706 872 761 ἐζήτησε
895 707 961 747 καὶ
989 702 1042 754 ὡς
1063 705 1206 746 δοῦλον
1227 705 1518 760 παρίστασθαι.
1587 699 1718 756 λόγοις

267 793 310 818 τε
336 777 505 824 πίστεως
536 775 646 830 παρὰ
664 776 863 829 βασιλέως
884 774 1127 826 βεβαιωθεὶς
1146 771 1253 826 ἣκειν
1273 771 1374 829 πρὸς
1390 770 1512 813 αὐτὸν
1529 770 1595 810 καὶ
1613 767 1718 824 χρή-

267 860 379 897 ματα
407 845 450 884 ἐκ
470 844 672 898 Περσίδος
703 841 857 885 διδόναι
877 839 1125 894 ὑπισχνεῖτο,
1174 840 1228 882 δι’
1253 834 1307 882 ὧν
1336 838 1456 881 πάλιν
1487 838 1718 888 καινίζοιντο

269 911 348 953 ὅσα
379 910 429 952 ἂν
461 911 583 961 αὐτὸς
614 911 655 952 ἐν
671 909 790 970 χώρᾳ
816 914 866 967 τῇ
890 907 1105 962 ιΡωμαίων
1125 908 1436 964 κατεστρέψατο.
1504 906 1545 947 ἓν
1564 902 1720 954 τούτοις
1731 912 1773 949 10

269 977 567 1033 ἐπιβουλεύεται
604 980 670 1020 καὶ
701 979 919 1035 ἀναιρεῖται
953 974 973 1017 ὃ
1005 976 1092 1025 υἱὸς
1113 974 1354 1032 Ὅρμίσδου,
1407 975 1474 1016 καὶ
1503 972 1722 1029 Σάρβαρος

269 1046 382 1102 παρὰ
402 1050 567 1099 βασιλεῖ
582 1046 654 1101 τὴν
674 1048 850 1103 Περσῶν
872 1043 998 1100 ἀρχὴν
1018 1044 1172 1093 ἐξαιτεῖ.
1227 1041 1248 1084 ὁ
1271 1043 1314 1084 δὲ
1331 1044 1477 1093 ἐδίδου,
1512 1042 1578 1082 καὶ
1597 1037 1722 1094 ἀλλή-

270 1118 351 1156 λων
376 1114 625 1156 συνετίθεντο
654 1112 785 1155 πάντα
813 1113 864 1155 τὰ
897 1113 939 1152 ἐκ
962 1109 1176 1164 (Ρωμαίων
1207 1108 1285 1152 ὑπὸ
1318 1110 1500 1165 Πέρσαις
1531 1106 1723 1163 γενόμενα

266 1179 487 1235 (Ρωμαίοις
518 1179 812 1231 ἀνασώζεσθαι.
882 1172 1038 1234 εἰρήνης
1057 1195 1098 1220 τε
1121 1178 1419 1233 βραβευθείσης
1438 1174 1511 1230 τήν
1532 1192 1574 1217 τε
1591 1174 1724 1229 Αἴγυ-

272 1266 372 1291 πτον
392 1250 459 1291 καὶ
481 1253 616 1290 πᾶσαν
636 1247 707 1301 τὴν
731 1246 967 1299 ἀνατολικὴν
987 1250 1060 1300 γῆν
1077 1244 1295 1299 εΡωμαίοις
1317 1245 1539 1286 ἀποδίδωσι
1553 1241 1722 1299 Σάρβα-
1734 1251 1776 1288 15

274 1333 367 1372 ρος,
401 1316 497 1365 τοὺς
518 1317 638 1357 ἐκεῖσε
659 1316 825 1371 Πέρσας
848 1311 1002 1364 ἐξελών,
1037 1310 1088 1354 τά
1106 1330 1147 1354 τε
1167 1311 1338 1369 ζῳοποιὰ
1363 1311 1463 1361 ξύλα
1484 1310 1584 1367 πρὸς
1603 1314 1726 1363 βασι-

226 1393 257 1428 Β
276 1384 347 1426 Ma
377 1385 543 1427 στέλλει.
605 1381 844 1439 (Ηράκλειος
877 1382 919 1423 δὲ
949 1379 1130 1434 Νικήταν
1158 1380 1246 1422 υἱὸν
1267 1378 1488 1436 Σαρβάρου
1516 1380 1724 1435 πατρικίου

275 1453 369 1511 ἀξίᾳ
398 1453 581 1506 ἐτίμησε,
627 1452 758 1504 Νίκην
788 1468 829 1492 τε
861 1449 934 1504 τὴν
964 1449 1171 1504 θυγατέρα
1205 1448 1328 1490 αὐτοῦ
1356 1447 1559 1503 Θεοδοσίῳ
1591 1450 1647 1503 τῷ
1681 1448 1726 1488 ἐκ

274 1521 493 1576 Μαρτίνης
515 1519 589 1576 υἱῷ
612 1518 737 1560 αὐτοῦ
758 1517 933 1573 γαμετὴν
954 1518 1152 1570 πεποίηκε.
1196 1517 1238 1557 Γ
1235 1517 1423 1572 ρηγορίαν
1443 1532 1485 1557 τε
1505 1514 1577 1568 τὴν
1594 1517 1728 1570 θυγα-

274 1587 372 1644 τέρα
394 1586 553 1641 Νικήτα
589 1588 632 1628 ἐκ
662 1584 954 1633 Πενταπόλεως
986 1584 1143 1638 ἐνέγκας
1162 1585 1451 1639 Κωνσταντίνῳ
1483 1586 1540 1638 τῷ
1568 1586 1780 1635 βασιλεῖ20

270 1653 487 1709 “Ρωμαίων
508 1652 728 1708 ζεύγνυσιν·
777 1653 826 1708 ἢν
846 1652 895 1706 δὴ
919 1652 986 1694 καὶ
1008 1649 1432 1707 προμνηστευσάμενος
1454 1643 1503 1705 ἦν
1522 1647 1727 1706 περιόντος

278 1720 336 1765 ἴτι
356 1727 428 1765 τοῦ
447 1722 571 1777 αἰτῆς
585 1719 750 1778 πατρός.

368 1852 392 1885 2
416 1847 563 1893 ἐποίησε
585 1849 767 1885 petavius.
913 1848 956 1882 12
974 1847 1056 1894 τὴν]
1079 1848 1154 1883 τῶν
1175 1847 1205 1882 P
1372 1845 1434 1882 καὶ
1456 1842 1541 1890 μετ’
1565 1841 1731 1891 ἀλλήλων

367 1896 549 1931 Petavius.
690 1895 731 1931 15
757 1891 951 1938 Βάρβαρος
970 1894 1000 1927 P
1151 1895 1196 1930 17
1222 1889 1368 1938 Νικήτα
1389 1891 1576 1938 Petavius‚
1603 1892 1730 1927 omisso

370 1940 587 1987 Σαρβοὲρου.
725 1941 771 1975 20
789 1937 924 1984 ἐνέγκει
943 1938 973 1973 Ρ

279 2059 337 2089 tor
352 2054 531 2099 excipiens
545 2065 669 2098 magno
684 2053 721 2087 in
738 2052 870 2087 honore
892 2052 1024 2099 habuit,
1049 2056 1086 2087 et
1103 2057 1185 2098 post
1200 2051 1408 2087 Hormisdae
1422 2054 1566 2085 mortem
1583 2050 1627 2085 ad
1641 2049 1731 2084 Per-

280 2111 397 2135 sarum
419 2100 600 2144 imperium
623 2099 753 2133 evexit.

370 2146 515 2180 Interim
536 2146 709 2179 Sal-barus
733 2145 853 2179 audita
876 2144 1043 2179 Chosrois
1066 2146 1101 2176 et
1118 2141 1231 2176 Sirois
1255 2145 1292 2175 et
1314 2141 1442 2175 Cabois
1467 2146 1504 2175 et
1525 2141 1734 2176 Hormisdae

279 2195 391 2225 morte
415 2204 435 2225 e
457 2192 689 2225 Romanorum
709 2190 836 2224 finibus
859 2191 1021 2234 recedit5
1050 2199 1090 2222 ac
1113 2198 1176 2232 per
1200 2187 1319 2221 literas
1350 2199 1388 2221 se
1420 2187 1511 2231 apud
1534 2186 1734 2221 Heraclium

282 2241 444 2271 excusat:
467 2247 537 2270 non
556 2240 681 2279 sponte
704 2246 743 2268 se
766 2247 856 2279 quae
880 2241 1000 2269 contra
1022 2235 1202 2268 Romanos*
1221 2237 1352 2276 egerat,
1377 2233 1439 2266 sed
1467 2244 1510 2266 ex
1529 2232 1603 2266 eius
1623 2244 1643 2267 a
1664 2244 1732 2277 quo

280 2282 407 2316 missus
429 2287 506 2315 erat
522 2280 700 2315 voluntate
725 2281 865 2314 fecisse.
891 2293 992 2314 orare
1015 2278 1161 2324 proinde
1185 2282 1223 2312 ut
1244 2279 1289 2311 ad
1311 2289 1386 2311 eum
1408 2282 1482 2312 tuto
1505 2278 1626 2312 venire
1649 2289 1734 2323 pos-

282 2332 338 2361 set
358 2332 463 2372 atque
485 2326 523 2359 in
547 2326 621 2359 eius
644 2325 814 2359 servitute
837 2331 873 2360 et
895 2326 1061 2369 obsequio
1090 2325 1231 2368 degere.
1279 2323 1403 2368 quodsi
1422 2324 1525 2369 fidem
1547 2324 1734 2369 imperator

284 2372 353 2407 sibi
374 2374 459 2406 dare
478 2370 607 2414 vellet,
631 2376 812 2404 venturum
837 2383 876 2404 se
897 2371 1033 2413 aiebat,
1069 2380 1293 2414 magnamque
1322 2380 1422 2414 opum
1451 2368 1520 2402 vim
1552 2380 1666 2403 secum
1690 2380 1735 2403 ex

284 2417 431 2452 Perside
459 2417 649 2451 delaturum
683 2416 726 2450 ad
758 2427 800 2449 ea
822 2415 1046 2450 instauranda
1069 2426 1158 2459 quae
1188 2414 1223 2448 in
1250 2416 1480 2449 Romanorum
1502 2413 1646 2459 imperio
1669 2426 1734 2448 va-

284 2468 425 2497 stasset.
473 2464 552 2497 dum
570 2462 656 2496 haec
677 2466 836 2505 aguntur,
858 2462 1067 2495 Hormisdae
1086 2460 1177 2494 filius
1196 2471 1334 2494 suorum
1354 2459 1491 2494 insidiis
1515 2459 1735 2505 opprimitur.

284 2508 457 2541 sarbarus
484 2509 528 2542 ab
552 2507 761 2551 imperatore
784 2506 967 2541 Persarum
989 2518 1133 2551 regnum
1152 2506 1326 2550 impetrat,
1350 2518 1392 2539 ea
1413 2505 1491 2549 lege
1512 2510 1550 2538 ut
1567 2505 1736 2550 quidquid

285 2553 330 2587 de
361 2554 592 2587 Romanorum
614 2551 760 2597 imperio
786 2563 808 2585 a
837 2552 956 2586 Persis
982 2557 1228 2597 occuparetur,
1262 2551 1434 2595 integrum
1462 2551 1638 2585 redderet.
1685 2551 1737 2586 ita

284 2610 372 2643 pace
396 2598 584 2632 constituta
606 2599 774 2632 barbarus
798 2596 995 2643 Aegyptum
1023 2603 1127 2642 atque
1148 2597 1328 2631 Orientem
1352 2596 1548 2630 universum
1570 2597 1736 2631 Romanis

285 2643 465 2686 restituit,
502 2644 668 2677 detractis
690 2642 874 2677 Persarum
909 2643 1092 2689 praesidiis
1125 2642 1266 2676 vivifica
1294 2641 1388 2686 ligna
1417 2643 1461 2676 ad
1493 2642 1736 2687 imperatorem

287 2688 406 2723 mittit.
434 2687 616 2722 Heraclius
627 2689 776 2723 Nicetae
783 2687 889 2722 filium
901 2690 945 2723 ad
957 2688 1175 2734 patriciatum
1187 2692 1386 2733 promovet3
1403 2688 1623 2732 eiusdemque
1631 2687 1737 2722 filiam

287 2734 401 2769 Nicen
424 2733 646 2778 Theodosio,
678 2745 779 2787 quem
808 2745 852 2768 ex
879 2734 1030 2769 Martina
1050 2745 1150 2768 susce
1177 2738 1270 2776 erat,
1302 2733 1518 2768 matrimonio
1543 2732 1734 2777 coniungit.

287 2779 494 2824 Gregoriam
518 2790 623 2825 porro
650 2780 798 2814 Nmetae
821 2779 926 2814 filiam
957 2792 977 2814 e
999 2779 1182 2824 Pentapoi
1206 2780 1388 2813 adductam
1413 2778 1640 2813 Constantino
1661 2779 1734 2812 Ro-

280 2837 460 2860 manorum
470 2824 669 2871 imperatori
677 2825 833 2871 copulat3
846 2837 947 2872 quam
959 2826 1071 2861 adhuc
1084 2825 1164 2860 vivo
1179 2830 1324 2870 parente
1338 2824 1430 2859 illius
1445 2825 1690 2873 desponderat.
