<?xml version="1.0" encoding="UTF-8"?>
<!DOCTYPE html PUBLIC "-//W3C//DTD XHTML 1.0 Transitional//EN"
    "http://www.w3.org/TR/xhtml1/DTD/xhtml1-transitional.dtd">
<html xmlns="http://www.w3.org/1999/xhtml" xml:lang="en" lang="en">
 <head>
  <title>
</title>
<meta http-equiv="Content-Type" content="text/html;charset=utf-8" />
  <meta name='ocr-system' content='tesseract 3.04.00' />
  <meta name='ocr-capabilities' content='ocr_page ocr_carea ocr_par ocr_line ocrx_word'/>
</head>
<body>
  <div class='ocr_page' id='page_1' title='image "./corpusscriptorum42niebuoft/corpusscriptorum42niebuoft_0305.png"; bbox 0 0 1890 3224; ppageno 0'>
   <div class='ocr_carea' id='block_1_1' title="bbox 0 235 13 308">
    <p class='ocr_par' dir='ltr' id='par_1_1' title="bbox 0 235 13 308">
     <span class='ocr_line' id='line_1_1' title="bbox 0 235 13 308; textangle 90"><span class='ocrx_word' id='word_1_1' title='bbox 0 235 13 308; x_wconf 38' lang='grc' dir='ltr'><strong>-κὶ</strong></span> 
     </span>
    </p>
   </div>
   <div class='ocr_carea' id='block_1_2' title="bbox 649 169 1660 229">
    <p class='ocr_par' dir='ltr' id='par_1_2' title="bbox 649 169 1660 229">
     <span class='ocr_line' id='line_1_2' title="bbox 649 169 1660 229; baseline 0.005 -17"><span class='ocrx_word' id='word_1_2' title='bbox 649 170 876 214; x_wconf 80' lang='lat' dir='ltr'><strong>BELLUM</strong></span> <span class='ocrx_word' id='word_1_3' title='bbox 909 169 1212 216; x_wconf 74' lang='lat' dir='ltr'><strong>AVARICUM.</strong></span> <span class='ocrx_word' id='word_1_4' title='bbox 1597 182 1660 229; x_wconf 88' lang='lat'><strong>57</strong></span> 
     </span>
    </p>
   </div>
   <div class='ocr_carea' id='block_1_3' title="bbox 192 279 1658 2248">
    <p class='ocr_par' dir='ltr' id='par_1_3' title="bbox 422 279 1284 341">
     <span class='ocr_line' id='line_1_3' title="bbox 422 279 1284 341; baseline 0.008 -19"><span class='ocrx_word' id='word_1_5' title='bbox 422 279 517 336; x_wconf 85' lang='grc' dir='ltr'><strong><em>γόνυ</em></strong></span> <span class='ocrx_word' id='word_1_6' title='bbox 539 283 755 338; x_wconf 85' lang='grc' dir='ltr'><strong><em>προκλίνας</em></strong></span> <span class='ocrx_word' id='word_1_7' title='bbox 773 286 840 326; x_wconf 80' lang='grc' dir='ltr'><strong><em>καὶ</em></strong></span> <span class='ocrx_word' id='word_1_8' title='bbox 862 287 1005 335; x_wconf 81' lang='grc' dir='ltr'><strong><em>καθεὶς</em></strong></span> <span class='ocrx_word' id='word_1_9' title='bbox 1022 285 1091 328; x_wconf 84' lang='grc' dir='ltr'><strong>τὸν</strong></span> <span class='ocrx_word' id='word_1_10' title='bbox 1114 285 1284 341; x_wconf 78' lang='grc' dir='ltr'><strong><em>αῧχένα·</em></strong></span> 
     </span>
    </p>

    <p class='ocr_par' dir='ltr' id='par_1_4' title="bbox 423 349 1384 408">
     <span class='ocr_line' id='line_1_4' title="bbox 423 349 1384 408; baseline 0.007 -16"><span class='ocrx_word' id='word_1_11' title='bbox 423 351 491 392; x_wconf 81' lang='grc' dir='ltr'><strong><em>καὶ</em></strong></span> <span class='ocrx_word' id='word_1_12' title='bbox 509 349 605 400; x_wconf 74' lang='grc' dir='ltr'><strong><em>τοὺς</em></strong></span> <span class='ocrx_word' id='word_1_13' title='bbox 622 353 868 407; x_wconf 78' lang='grc' dir='ltr'><strong><em>στεναγμοὺς</em></strong></span> <span class='ocrx_word' id='word_1_14' title='bbox 889 353 1143 407; x_wconf 74' lang='grc' dir='ltr'><strong><em>ἀναπέμπων</em></strong></span> <span class='ocrx_word' id='word_1_15' title='bbox 1165 352 1222 405; x_wconf 81' lang='grc' dir='ltr'><strong><em>ὥς</em></strong></span> <span class='ocrx_word' id='word_1_16' title='bbox 1239 356 1384 408; x_wconf 85' lang='grc' dir='ltr'><strong><em>λίθους</em></strong></span> 
     </span>
    </p>

    <p class='ocr_par' dir='ltr' id='par_1_5' title="bbox 422 417 1400 548">
     <span class='ocr_line' id='line_1_5' title="bbox 422 417 1400 482; baseline 0.009 -23"><span class='ocrx_word' id='word_1_17' title='bbox 422 417 516 468; x_wconf 75' lang='grc' dir='ltr'><strong><em>τοὺς</em></strong></span> <span class='ocrx_word' id='word_1_18' title='bbox 530 418 838 475; x_wconf 78' lang='grc' dir='ltr'><strong><em>πετροπομποῦς</em></strong></span> <span class='ocrx_word' id='word_1_19' title='bbox 857 420 1045 478; x_wconf 69' lang='grc' dir='ltr'><strong><em>ἴστρεφες</em></strong></span> <span class='ocrx_word' id='word_1_20' title='bbox 1063 426 1145 464; x_wconf 78' lang='grc' dir='ltr'><strong>τῶν</strong></span> <span class='ocrx_word' id='word_1_21' title='bbox 1163 423 1400 482; x_wconf 82' lang='grc' dir='ltr'><strong><em>βαρβάρων.</em></strong></span> 
     </span>
     <span class='ocr_line' id='line_1_6' title="bbox 476 487 1374 548; baseline 0.009 -20"><span class='ocrx_word' id='word_1_22' title='bbox 476 487 560 528; x_wconf 81' lang='grc' dir='ltr'><strong>Καὶ</strong></span> <span class='ocrx_word' id='word_1_23' title='bbox 582 491 712 529; x_wconf 88' lang='grc' dir='ltr'><strong><em>ταῦτα</em></strong></span> <span class='ocrx_word' id='word_1_24' title='bbox 730 489 804 541; x_wconf 74' lang='grc' dir='ltr'><strong>μὲν</strong></span> <span class='ocrx_word' id='word_1_25' title='bbox 827 489 878 543; x_wconf 89' lang='grc' dir='ltr'><strong>δὴ</strong></span> <span class='ocrx_word' id='word_1_26' title='bbox 899 489 1044 546; x_wconf 85' lang='grc' dir='ltr'><strong><em>μικρὸν</em></strong></span> <span class='ocrx_word' id='word_1_27' title='bbox 1063 488 1232 548; x_wconf 72' lang='grc' dir='ltr'><strong><em>’ὕστερον</em></strong></span> <span class='ocrx_word' id='word_1_28' title='bbox 1254 492 1374 536; x_wconf 84' lang='grc' dir='ltr'><strong><em>πάλιν</em></strong></span> 
     </span>
    </p>

    <p class='ocr_par' dir='ltr' id='par_1_6' title="bbox 303 550 1359 887">
     <span class='ocr_line' id='line_1_7' title="bbox 303 550 1267 617; baseline 0.009 -24"><span class='ocrx_word' id='word_1_29' title='bbox 303 551 386 594; x_wconf 81' lang='grc'><strong>245</strong></span> <span class='ocrx_word' id='word_1_30' title='bbox 420 550 497 607; x_wconf 78' lang='grc' dir='ltr'><strong><em>εἶχε</em></strong></span> <span class='ocrx_word' id='word_1_31' title='bbox 519 554 610 596; x_wconf 76' lang='grc' dir='ltr'><strong><em>κατ’</em></strong></span> <span class='ocrx_word' id='word_1_32' title='bbox 637 553 798 613; x_wconf 70' lang='grc' dir='ltr'><strong><em>ἓχθρῶν</em></strong></span> <span class='ocrx_word' id='word_1_33' title='bbox 817 558 1111 615; x_wconf 71' lang='grc' dir='ltr'><strong><em>ἐμφανέστερον</em></strong></span> <span class='ocrx_word' id='word_1_34' title='bbox 1129 560 1267 617; x_wconf 78' lang='grc' dir='ltr'><strong><em>πέρας.</em></strong></span> 
     </span>
     <span class='ocr_line' id='line_1_8' title="bbox 419 622 1190 684; baseline 0.009 -22"><span class='ocrx_word' id='word_1_35' title='bbox 419 622 467 662; x_wconf 81' lang='grc' dir='ltr'><strong>οὗ</strong></span> <span class='ocrx_word' id='word_1_36' title='bbox 486 622 568 677; x_wconf 82' lang='grc' dir='ltr'><strong>μὴν</strong></span> <span class='ocrx_word' id='word_1_37' title='bbox 584 625 771 680; x_wconf 74' lang='grc' dir='ltr'><em>παρεῖδεν</em></span> <span class='ocrx_word' id='word_1_38' title='bbox 788 623 816 679; x_wconf 78' lang='grc' dir='ltr'><strong><em>ἦ</em></strong></span> <span class='ocrx_word' id='word_1_39' title='bbox 833 624 1047 681; x_wconf 88' lang='grc' dir='ltr'><strong><em>τομωτάτη</em></strong></span> <span class='ocrx_word' id='word_1_40' title='bbox 1068 625 1190 684; x_wconf 79' lang='grc' dir='ltr'><strong><em>φύσις</em></strong></span> 
     </span>
     <span class='ocr_line' id='line_1_9' title="bbox 418 689 1275 750; baseline 0.009 -20"><span class='ocrx_word' id='word_1_41' title='bbox 418 689 533 732; x_wconf 80' lang='grc' dir='ltr'><strong><em>ἀπὼν</em></strong></span> <span class='ocrx_word' id='word_1_42' title='bbox 554 697 736 748; x_wconf 85' lang='grc' dir='ltr'><strong><em>παρεῖναι</em></strong></span> <span class='ocrx_word' id='word_1_43' title='bbox 757 699 842 744; x_wconf 89' lang='grc' dir='ltr'><strong><em>τοῖς</em></strong></span> <span class='ocrx_word' id='word_1_44' title='bbox 859 692 997 744; x_wconf 80' lang='grc' dir='ltr'><strong><em>πόνοις</em></strong></span> <span class='ocrx_word' id='word_1_45' title='bbox 1019 693 1040 737; x_wconf 84' lang='grc' dir='ltr'><em>ὃ</em></span> <span class='ocrx_word' id='word_1_46' title='bbox 1067 694 1275 750; x_wconf 78' lang='grc' dir='ltr'><em>δεσπότης,</em></span> 
     </span>
     <span class='ocr_line' id='line_1_10' title="bbox 418 757 1359 820; baseline 0.009 -22"><span class='ocrx_word' id='word_1_47' title='bbox 418 757 513 799; x_wconf 74' lang='grc' dir='ltr'><strong><em>ἀλλ’</em></strong></span> <span class='ocrx_word' id='word_1_48' title='bbox 541 761 598 808; x_wconf 79' lang='grc' dir='ltr'><strong><em>εἷς</em></strong></span> <span class='ocrx_word' id='word_1_49' title='bbox 615 765 808 803; x_wconf 87' lang='grc' dir='ltr'><strong><em>τοσοῦτον</em></strong></span> <span class='ocrx_word' id='word_1_50' title='bbox 828 762 943 817; x_wconf 80' lang='grc' dir='ltr'><strong><em>ε’γγῦς</em></strong></span> <span class='ocrx_word' id='word_1_51' title='bbox 962 757 1013 817; x_wconf 74' lang='grc' dir='ltr'><strong>ἦν</strong></span> <span class='ocrx_word' id='word_1_52' title='bbox 1030 767 1111 804; x_wconf 81' lang='grc' dir='ltr'><strong>τῶν</strong></span> <span class='ocrx_word' id='word_1_53' title='bbox 1134 765 1359 820; x_wconf 81' lang='grc' dir='ltr'><strong><em>φροντίδων</em></strong></span> 
     </span>
     <span class='ocr_line' id='line_1_11' title="bbox 418 823 1184 887; baseline 0.009 -21"><span class='ocrx_word' id='word_1_54' title='bbox 418 823 514 867; x_wconf 83' lang='grc' dir='ltr'><strong><em>ὅσον</em></strong></span> <span class='ocrx_word' id='word_1_55' title='bbox 536 827 689 879; x_wconf 73' lang='grc' dir='ltr'><strong><em>μεταξὺ</em></strong></span> <span class='ocrx_word' id='word_1_56' title='bbox 710 832 791 870; x_wconf 82' lang='grc' dir='ltr'><strong>τῶν</strong></span> <span class='ocrx_word' id='word_1_57' title='bbox 812 827 947 871; x_wconf 86' lang='grc' dir='ltr'><strong><em>τόπων</em></strong></span> <span class='ocrx_word' id='word_1_58' title='bbox 969 829 1184 887; x_wconf 86' lang='grc' dir='ltr'><strong><em>ἀφίστατο.</em></strong></span> 
     </span>
    </p>

    <p class='ocr_par' dir='ltr' id='par_1_7' title="bbox 301 891 1326 1225">
     <span class='ocr_line' id='line_1_12' title="bbox 301 891 1227 954; baseline 0.006 -20"><span class='ocrx_word' id='word_1_59' title='bbox 301 891 384 935; x_wconf 83' lang='grc'><strong>250</strong></span> <span class='ocrx_word' id='word_1_60' title='bbox 417 891 495 947; x_wconf 72' lang='grc' dir='ltr'><strong>ἤδη</strong></span> <span class='ocrx_word' id='word_1_61' title='bbox 515 893 593 950; x_wconf 82' lang='grc' dir='ltr'><strong>γὰρ</strong></span> <span class='ocrx_word' id='word_1_62' title='bbox 615 892 692 948; x_wconf 76' lang='grc' dir='ltr'><strong><em>εἶχε</em></strong></span> <span class='ocrx_word' id='word_1_63' title='bbox 709 902 816 951; x_wconf 88' lang='grc' dir='ltr'><strong><em>τρεῖς</em></strong></span> <span class='ocrx_word' id='word_1_64' title='bbox 835 897 935 939; x_wconf 74' lang='grc' dir='ltr'><strong><em>ἐτῶν</em></strong></span> <span class='ocrx_word' id='word_1_65' title='bbox 957 896 1227 954; x_wconf 82' lang='grc' dir='ltr'><strong><em>περιδρόμους</em></strong></span> 
     </span>
     <span class='ocr_line' id='line_1_13' title="bbox 415 965 1282 1023; baseline 0.007 -21"><span class='ocrx_word' id='word_1_66' title='bbox 415 967 754 1018; x_wconf 77' lang='grc' dir='ltr'><strong><em>καταστρατηγῶν</em></strong></span> <span class='ocrx_word' id='word_1_67' title='bbox 774 968 847 1018; x_wconf 84' lang='grc' dir='ltr'><strong>τῆς</strong></span> <span class='ocrx_word' id='word_1_68' title='bbox 867 965 1053 1018; x_wconf 76' lang='grc' dir='ltr'><strong><em>ἀθέσμου</em></strong></span> <span class='ocrx_word' id='word_1_69' title='bbox 1076 968 1282 1023; x_wconf 82' lang='grc' dir='ltr'><strong><em>Περσίδος</em></strong></span> 
     </span>
     <span class='ocr_line' id='line_1_14' title="bbox 416 1027 1326 1087; baseline 0.009 -18"><span class='ocrx_word' id='word_1_70' title='bbox 416 1027 559 1079; x_wconf 74' lang='grc' dir='ltr'><strong><em>ἐκδούς</em></strong></span> <span class='ocrx_word' id='word_1_71' title='bbox 573 1046 615 1071; x_wconf 77' lang='grc' dir='ltr'><strong>τε</strong></span> <span class='ocrx_word' id='word_1_72' title='bbox 632 1030 703 1072; x_wconf 81' lang='grc' dir='ltr'><strong>τὸν</strong></span> <span class='ocrx_word' id='word_1_73' title='bbox 723 1035 819 1073; x_wconf 84' lang='grc' dir='ltr'><strong><em>νοῦν</em></strong></span> <span class='ocrx_word' id='word_1_74' title='bbox 837 1034 893 1081; x_wconf 81' lang='grc' dir='ltr'><strong><em>εἲς</em></strong></span> <span class='ocrx_word' id='word_1_75' title='bbox 911 1031 1145 1087; x_wconf 79' lang='grc' dir='ltr'><strong><em>ἀμηχάνους</em></strong></span> <span class='ocrx_word' id='word_1_76' title='bbox 1163 1033 1326 1082; x_wconf 87' lang='grc' dir='ltr'><strong><em>τόνους·</em></strong></span> 
     </span>
     <span class='ocr_line' id='line_1_15' title="bbox 417 1094 1234 1154; baseline 0.01 -17"><span class='ocrx_word' id='word_1_77' title='bbox 417 1094 463 1138; x_wconf 80' lang='grc' dir='ltr'><strong>ὃν</strong></span> <span class='ocrx_word' id='word_1_78' title='bbox 486 1096 576 1139; x_wconf 69' lang='grc' dir='ltr'><strong><em>οὕτε</em></strong></span> <span class='ocrx_word' id='word_1_79' title='bbox 591 1098 746 1151; x_wconf 80' lang='grc' dir='ltr'><strong><em>χειμών</em></strong></span> <span class='ocrx_word' id='word_1_80' title='bbox 768 1100 987 1154; x_wconf 78' lang='grc' dir='ltr'><strong><em>καυστικὴν</em></strong></span> <span class='ocrx_word' id='word_1_81' title='bbox 1007 1100 1111 1154; x_wconf 63' lang='grc' dir='ltr'><strong><em>ἔχων</em></strong></span> <span class='ocrx_word' id='word_1_82' title='bbox 1131 1101 1234 1153; x_wconf 79' lang='grc' dir='ltr'><strong><em>ζέσιν</em></strong></span> 
     </span>
     <span class='ocr_line' id='line_1_16' title="bbox 417 1162 1162 1225; baseline 0.007 -19"><span class='ocrx_word' id='word_1_83' title='bbox 417 1162 543 1207; x_wconf 65' lang='grc' dir='ltr'><strong><em>ἴπεισε</em></strong></span> <span class='ocrx_word' id='word_1_84' title='bbox 570 1167 711 1208; x_wconf 89' lang='grc' dir='ltr'><strong><em>δοῦναι</em></strong></span> <span class='ocrx_word' id='word_1_85' title='bbox 726 1173 812 1217; x_wconf 87' lang='grc' dir='ltr'><strong><em>τοῖς</em></strong></span> <span class='ocrx_word' id='word_1_86' title='bbox 833 1167 983 1223; x_wconf 82' lang='grc' dir='ltr'><strong><em>ἀγῶσιν</em></strong></span> <span class='ocrx_word' id='word_1_87' title='bbox 1004 1168 1162 1225; x_wconf 83' lang='grc' dir='ltr'><strong><em>ἀργίαν,</em></strong></span> 
     </span>
    </p>

    <p class='ocr_par' dir='ltr' id='par_1_8' title="bbox 298 1227 1373 1562">
     <span class='ocr_line' id='line_1_17' title="bbox 298 1227 1224 1292; baseline 0.008 -20"><span class='ocrx_word' id='word_1_88' title='bbox 298 1234 381 1278; x_wconf 81' lang='grc'><strong>255</strong></span> <span class='ocrx_word' id='word_1_89' title='bbox 417 1232 508 1274; x_wconf 75' lang='grc' dir='ltr'><strong><em>οὐδ’</em></strong></span> <span class='ocrx_word' id='word_1_90' title='bbox 533 1227 629 1288; x_wconf 73' lang='grc' dir='ltr'><strong><em>αῧγε</em></strong></span> <span class='ocrx_word' id='word_1_91' title='bbox 651 1234 807 1291; x_wconf 84' lang='grc' dir='ltr'><strong><em>μητρὸς</em></strong></span> <span class='ocrx_word' id='word_1_92' title='bbox 829 1234 1065 1292; x_wconf 74' lang='grc' dir='ltr'><strong><em>ἐξενεύρωσε</em></strong></span> <span class='ocrx_word' id='word_1_93' title='bbox 1089 1234 1224 1286; x_wconf 87' lang='grc' dir='ltr'><strong><em>πόθος</em></strong></span> 
     </span>
     <span class='ocr_line' id='line_1_18' title="bbox 413 1300 1373 1362; baseline 0.005 -21"><span class='ocrx_word' id='word_1_94' title='bbox 413 1300 563 1357; x_wconf 79' lang='grc' dir='ltr'><strong><em>μικρὰν</em></strong></span> <span class='ocrx_word' id='word_1_95' title='bbox 584 1308 808 1358; x_wconf 81' lang='grc' dir='ltr'><strong><em>παρασχεῖν</em></strong></span> <span class='ocrx_word' id='word_1_96' title='bbox 828 1307 904 1344; x_wconf 90' lang='grc' dir='ltr'><strong>τοῦ</strong></span> <span class='ocrx_word' id='word_1_97' title='bbox 918 1301 1071 1360; x_wconf 72' lang='grc' dir='ltr'><strong><em>χρόνου</em></strong></span> <span class='ocrx_word' id='word_1_98' title='bbox 1091 1305 1373 1362; x_wconf 77' lang='grc' dir='ltr'><strong><em>προθεσμίαν·</em></strong></span> 
     </span>
     <span class='ocr_line' id='line_1_19' title="bbox 416 1367 1204 1429; baseline 0.008 -20"><span class='ocrx_word' id='word_1_99' title='bbox 416 1367 508 1410; x_wconf 66' lang='grc' dir='ltr'><strong>οὐδ’</strong></span> <span class='ocrx_word' id='word_1_100' title='bbox 537 1368 765 1412; x_wconf 84' lang='grc' dir='ltr'><strong><em>ἀντανεῖλεν</em></strong></span> <span class='ocrx_word' id='word_1_101' title='bbox 786 1370 911 1413; x_wconf 75' lang='grc' dir='ltr'><strong><em>αὐτὸν</em></strong></span> <span class='ocrx_word' id='word_1_102' title='bbox 930 1371 1111 1429; x_wconf 67' lang='grc' dir='ltr'><strong><em>ἔμφυτος</em></strong></span> <span class='ocrx_word' id='word_1_103' title='bbox 1129 1373 1204 1426; x_wconf 83' lang='grc' dir='ltr'><strong>βία</strong></span> 
     </span>
     <span class='ocr_line' id='line_1_20' title="bbox 414 1435 1289 1495; baseline 0.007 -17"><span class='ocrx_word' id='word_1_104' title='bbox 414 1435 562 1479; x_wconf 77' lang='grc' dir='ltr'><strong><em>τέκνων</em></strong></span> <span class='ocrx_word' id='word_1_105' title='bbox 580 1435 808 1490; x_wconf 75' lang='grc' dir='ltr'><strong><em>τοσούτων,</em></strong></span> <span class='ocrx_word' id='word_1_106' title='bbox 844 1438 939 1481; x_wconf 78' lang='grc' dir='ltr'><strong><em>οὗδὲ</em></strong></span> <span class='ocrx_word' id='word_1_107' title='bbox 963 1437 1153 1494; x_wconf 82' lang='grc' dir='ltr'><strong><em>σώματος</em></strong></span> <span class='ocrx_word' id='word_1_108' title='bbox 1174 1438 1289 1495; x_wconf 86' lang='grc' dir='ltr'><strong><em>μάχη</em></strong></span> 
     </span>
     <span class='ocr_line' id='line_1_21' title="bbox 414 1504 1260 1562; baseline 0.007 -17"><span class='ocrx_word' id='word_1_109' title='bbox 414 1504 643 1561; x_wconf 80' lang='grc' dir='ltr'><strong><em>κουφισμὸν</em></strong></span> <span class='ocrx_word' id='word_1_110' title='bbox 666 1504 794 1562; x_wconf 80' lang='grc' dir='ltr'><strong><em>εὗρεῖν</em></strong></span> <span class='ocrx_word' id='word_1_111' title='bbox 816 1506 988 1556; x_wconf 79' lang='grc' dir='ltr'><strong><em>ἀξιοῦσα</em></strong></span> <span class='ocrx_word' id='word_1_112' title='bbox 1009 1511 1092 1550; x_wconf 80' lang='grc' dir='ltr'><strong>τῶν</strong></span> <span class='ocrx_word' id='word_1_113' title='bbox 1111 1506 1260 1551; x_wconf 88' lang='grc' dir='ltr'><strong><em>πόνων.</em></strong></span> 
     </span>
    </p>

    <p class='ocr_par' dir='ltr' id='par_1_9' title="bbox 297 1571 1383 1904">
     <span class='ocr_line' id='line_1_22' title="bbox 297 1571 1360 1634; baseline 0.007 -21"><span class='ocrx_word' id='word_1_114' title='bbox 297 1581 383 1622; x_wconf 82' lang='lat'><strong>260</strong></span> <span class='ocrx_word' id='word_1_115' title='bbox 417 1571 511 1614; x_wconf 72' lang='grc' dir='ltr'><strong><em>ἀλλ’</em></strong></span> <span class='ocrx_word' id='word_1_116' title='bbox 537 1571 808 1624; x_wconf 77' lang='grc' dir='ltr'><strong><em>ἀναπαύστως</em></strong></span> <span class='ocrx_word' id='word_1_117' title='bbox 826 1575 869 1617; x_wconf 75' lang='grc' dir='ltr'><strong>ἓν</strong></span> <span class='ocrx_word' id='word_1_118' title='bbox 887 1575 1001 1633; x_wconf 78' lang='grc' dir='ltr'><strong><em>μέσῳ</em></strong></span> <span class='ocrx_word' id='word_1_119' title='bbox 1019 1579 1100 1618; x_wconf 81' lang='grc' dir='ltr'><strong>τῶν</strong></span> <span class='ocrx_word' id='word_1_120' title='bbox 1122 1574 1360 1634; x_wconf 81' lang='grc' dir='ltr'><strong><em>βαρβάρων,</em></strong></span> 
     </span>
     <span class='ocr_line' id='line_1_23' title="bbox 414 1638 1262 1701; baseline 0.006 -19"><span class='ocrx_word' id='word_1_121' title='bbox 414 1638 472 1690; x_wconf 83' lang='grc' dir='ltr'><strong><em>ὦς</em></strong></span> <span class='ocrx_word' id='word_1_122' title='bbox 495 1642 552 1691; x_wconf 77' lang='grc' dir='ltr'><strong><em>εἷς</em></strong></span> <span class='ocrx_word' id='word_1_123' title='bbox 577 1639 765 1692; x_wconf 78' lang='grc' dir='ltr'><strong><em>ἀκάνθας</em></strong></span> <span class='ocrx_word' id='word_1_124' title='bbox 787 1643 1105 1699; x_wconf 70' lang='grc' dir='ltr'><strong><em>ἐμπεπλεγμένον</em></strong></span> <span class='ocrx_word' id='word_1_125' title='bbox 1127 1642 1262 1701; x_wconf 80' lang='grc' dir='ltr'><strong><em>ῥόδον,</em></strong></span> 
     </span>
     <span class='ocr_line' id='line_1_24' title="bbox 412 1708 1342 1768; baseline 0.008 -19"><span class='ocrx_word' id='word_1_126' title='bbox 412 1709 480 1750; x_wconf 78' lang='grc' dir='ltr'><strong><em>καὶ</em></strong></span> <span class='ocrx_word' id='word_1_127' title='bbox 496 1710 590 1766; x_wconf 80' lang='grc' dir='ltr'><strong><em>πρὶν</em></strong></span> <span class='ocrx_word' id='word_1_128' title='bbox 611 1709 675 1751; x_wconf 71' lang='grc' dir='ltr'><strong>δι&gt;</strong></span> <span class='ocrx_word' id='word_1_129' title='bbox 694 1708 805 1765; x_wconf 73' lang='grc' dir='ltr'><strong><em>ἡμᾶς</em></strong></span> <span class='ocrx_word' id='word_1_130' title='bbox 822 1711 1031 1768; x_wconf 80' lang='grc' dir='ltr'><strong><em>Περσικὴν</em></strong></span> <span class='ocrx_word' id='word_1_131' title='bbox 1053 1716 1173 1755; x_wconf 81' lang='grc' dir='ltr'><strong><em>κινῶν</em></strong></span> <span class='ocrx_word' id='word_1_132' title='bbox 1192 1712 1342 1768; x_wconf 83' lang='grc' dir='ltr'><strong><em>μάχην,</em></strong></span> 
     </span>
     <span class='ocr_line' id='line_1_25' title="bbox 413 1773 1226 1833; baseline 0.005 -16"><span class='ocrx_word' id='word_1_133' title='bbox 413 1773 535 1819; x_wconf 83' lang='grc' dir='ltr'><strong><em>πάλιν</em></strong></span> <span class='ocrx_word' id='word_1_134' title='bbox 558 1776 615 1818; x_wconf 78' lang='grc' dir='ltr'><strong>δι’</strong></span> <span class='ocrx_word' id='word_1_135' title='bbox 637 1775 749 1832; x_wconf 74' lang='grc' dir='ltr'><strong><em>ἡμᾶς</em></strong></span> <span class='ocrx_word' id='word_1_136' title='bbox 765 1778 948 1832; x_wconf 81' lang='grc' dir='ltr'><strong><em>ψυχικὴν</em></strong></span> <span class='ocrx_word' id='word_1_137' title='bbox 969 1776 1047 1832; x_wconf 77' lang='grc' dir='ltr'><strong><em>εἶχε</em></strong></span> <span class='ocrx_word' id='word_1_138' title='bbox 1066 1777 1226 1833; x_wconf 82' lang='grc' dir='ltr'><strong><em>μάχην·</em></strong></span> 
     </span>
     <span class='ocr_line' id='line_1_26' title="bbox 413 1844 1383 1904; baseline 0.005 -19"><span class='ocrx_word' id='word_1_139' title='bbox 413 1845 481 1885; x_wconf 86' lang='grc' dir='ltr'><strong><em>καὶ</em></strong></span> <span class='ocrx_word' id='word_1_140' title='bbox 503 1850 594 1894; x_wconf 87' lang='grc' dir='ltr'><strong><em>ταῖς</em></strong></span> <span class='ocrx_word' id='word_1_141' title='bbox 616 1845 683 1886; x_wconf 69' lang='grc' dir='ltr'><strong><em>ἐπ’</em></strong></span> <span class='ocrx_word' id='word_1_142' title='bbox 710 1844 838 1902; x_wconf 75' lang='grc' dir='ltr'><strong><em>ἄμφω</em></strong></span> <span class='ocrx_word' id='word_1_143' title='bbox 861 1849 1111 1902; x_wconf 83' lang='grc' dir='ltr'><strong><em>προσβολαῖς</em></strong></span> <span class='ocrx_word' id='word_1_144' title='bbox 1133 1849 1383 1904; x_wconf 71' lang='grc' dir='ltr'><strong><em>ἐσφιγμένος,</em></strong></span> 
     </span>
    </p>

    <p class='ocr_par' dir='ltr' id='par_1_10' title="bbox 295 1911 1335 2108">
     <span class='ocr_line' id='line_1_27' title="bbox 295 1911 1335 1971; baseline 0.002 -15"><span class='ocrx_word' id='word_1_145' title='bbox 295 1914 380 1956; x_wconf 79' lang='grc'><strong>265</strong></span> <span class='ocrx_word' id='word_1_146' title='bbox 414 1911 533 1968; x_wconf 83' lang='grc' dir='ltr'><strong><em>ἀφεὶς</em></strong></span> <span class='ocrx_word' id='word_1_147' title='bbox 556 1912 627 1955; x_wconf 86' lang='grc' dir='ltr'><strong>τὸν</strong></span> <span class='ocrx_word' id='word_1_148' title='bbox 651 1911 791 1969; x_wconf 70' lang='grc' dir='ltr'><strong><em>ἐγγύς,</em></strong></span> <span class='ocrx_word' id='word_1_149' title='bbox 827 1912 905 1968; x_wconf 80' lang='grc' dir='ltr'><strong><em>εἶχε</em></strong></span> <span class='ocrx_word' id='word_1_150' title='bbox 926 1913 997 1956; x_wconf 82' lang='grc' dir='ltr'><strong>τὸν</strong></span> <span class='ocrx_word' id='word_1_151' title='bbox 1016 1914 1180 1971; x_wconf 80' lang='grc' dir='ltr'><strong><em>μακρὰν</em></strong></span> <span class='ocrx_word' id='word_1_152' title='bbox 1200 1914 1335 1959; x_wconf 86' lang='grc' dir='ltr'><strong><em>πόνον.</em></strong></span> 
     </span>
     <span class='ocr_line' id='line_1_28' title="bbox 412 1979 1314 2042; baseline 0.006 -20"><span class='ocrx_word' id='word_1_153' title='bbox 412 1979 598 2023; x_wconf 70' lang='grc' dir='ltr'><strong><em>ἐντεῦθεν</em></strong></span> <span class='ocrx_word' id='word_1_154' title='bbox 621 1979 732 2036; x_wconf 73' lang='grc' dir='ltr'><strong><em>ἡμᾶς</em></strong></span> <span class='ocrx_word' id='word_1_155' title='bbox 753 1985 805 2038; x_wconf 86' lang='grc' dir='ltr'><strong>τῇ</strong></span> <span class='ocrx_word' id='word_1_156' title='bbox 827 1986 940 2042; x_wconf 76' lang='grc' dir='ltr'><strong><em>φορᾷ</em></strong></span> <span class='ocrx_word' id='word_1_157' title='bbox 961 1986 1044 2025; x_wconf 80' lang='grc' dir='ltr'><strong>τῶν</strong></span> <span class='ocrx_word' id='word_1_158' title='bbox 1063 1982 1314 2040; x_wconf 84' lang='grc' dir='ltr'><strong><em>γραμμάτων</em></strong></span> 
     </span>
     <span class='ocr_line' id='line_1_29' title="bbox 410 2045 1289 2108; baseline 0.005 -18"><span class='ocrx_word' id='word_1_159' title='bbox 410 2045 702 2104; x_wconf 77' lang='grc' dir='ltr'><strong><em>ῦπεξανῆπτεν,</em></strong></span> <span class='ocrx_word' id='word_1_160' title='bbox 739 2047 807 2091; x_wconf 77' lang='grc' dir='ltr'><strong>οἷα</strong></span> <span class='ocrx_word' id='word_1_161' title='bbox 830 2054 911 2108; x_wconf 90' lang='grc' dir='ltr'><strong><em>πῦρ</em></strong></span> <span class='ocrx_word' id='word_1_162' title='bbox 935 2050 1168 2106; x_wconf 78' lang='grc' dir='ltr'><strong><em>ἀναγκάσας</em></strong></span> <span class='ocrx_word' id='word_1_163' title='bbox 1285 2057 1289 2063; x_wconf 80' lang='lat'><em>&#39;</em></span> 
     </span>
    </p>

    <p class='ocr_par' dir='ltr' id='par_1_11' title="bbox 192 2152 1658 2248">
     <span class='ocr_line' id='line_1_30' title="bbox 193 2152 1657 2203; baseline 0.004 -17"><span class='ocrx_word' id='word_1_164' title='bbox 193 2152 352 2199; x_wconf 76' lang='lat' dir='ltr'><strong>spirims3</strong></span> <span class='ocrx_word' id='word_1_165' title='bbox 373 2154 561 2189; x_wconf 85' lang='lat' dir='ltr'><strong>testudines</strong></span> <span class='ocrx_word' id='word_1_166' title='bbox 583 2167 666 2190; x_wconf 82' lang='lat' dir='ltr'><strong>vero</strong></span> <span class='ocrx_word' id='word_1_167' title='bbox 690 2155 805 2190; x_wconf 78' lang='lat' dir='ltr'><strong>fecisti</strong></span> <span class='ocrx_word' id='word_1_168' title='bbox 826 2156 988 2191; x_wconf 86' lang='lat' dir='ltr'><strong>inclinans</strong></span> <span class='ocrx_word' id='word_1_169' title='bbox 1004 2167 1118 2201; x_wconf 86' lang='lat' dir='ltr'><strong>genua</strong></span> <span class='ocrx_word' id='word_1_170' title='bbox 1133 2159 1169 2191; x_wconf 82' lang='lat' dir='ltr'><strong>et</strong></span> <span class='ocrx_word' id='word_1_171' title='bbox 1185 2156 1376 2203; x_wconf 75' lang='lat' dir='ltr'><strong>deprimens</strong></span> <span class='ocrx_word' id='word_1_172' title='bbox 1391 2157 1577 2200; x_wconf 80' lang='lat' dir='ltr'><strong>cervicem3</strong></span> <span class='ocrx_word' id='word_1_173' title='bbox 1601 2169 1657 2193; x_wconf 88' lang='lat' dir='ltr'><strong>su-</strong></span> 
     </span>
     <span class='ocr_line' id='line_1_31' title="bbox 192 2199 1658 2248; baseline 0.003 -15"><span class='ocrx_word' id='word_1_174' title='bbox 192 2199 298 2245; x_wconf 84' lang='lat' dir='ltr'><strong>spiria</strong></span> <span class='ocrx_word' id='word_1_175' title='bbox 310 2210 396 2234; x_wconf 84' lang='lat' dir='ltr'><strong>vero</strong></span> <span class='ocrx_word' id='word_1_176' title='bbox 412 2200 580 2244; x_wconf 84' lang='lat' dir='ltr'><strong>emittens,</strong></span> <span class='ocrx_word' id='word_1_177' title='bbox 602 2201 711 2235; x_wconf 80' lang='lat' dir='ltr'><strong>veluti</strong></span> <span class='ocrx_word' id='word_1_178' title='bbox 724 2201 860 2246; x_wconf 80' lang='lat' dir='ltr'><strong>fundas,</strong></span> <span class='ocrx_word' id='word_1_179' title='bbox 884 2213 970 2237; x_wconf 83' lang='lat' dir='ltr'><strong>saxa</strong></span> <span class='ocrx_word' id='word_1_180' title='bbox 982 2203 1144 2237; x_wconf 82' lang='lat' dir='ltr'><strong>iacientes</strong></span> <span class='ocrx_word' id='word_1_181' title='bbox 1159 2203 1324 2237; x_wconf 83' lang='lat' dir='ltr'><strong>barbaros</strong></span> <span class='ocrx_word' id='word_1_182' title='bbox 1340 2202 1506 2237; x_wconf 76' lang='lat' dir='ltr'>evertisti.</span> <span class='ocrx_word' id='word_1_183' title='bbox 1553 2208 1658 2248; x_wconf 79' lang='lat' dir='ltr'><strong>atque</strong></span> 
     </span>
    </p>
   </div>
   <div class='ocr_carea' id='block_1_4' title="bbox 192 2245 1660 2340">
    <p class='ocr_par' dir='ltr' id='par_1_12' title="bbox 192 2245 1660 2340">
     <span class='ocr_line' id='line_1_32' title="bbox 192 2245 1660 2294; baseline 0.003 -15"><span class='ocrx_word' id='word_1_184' title='bbox 192 2245 278 2279; x_wconf 82' lang='lat' dir='ltr'><strong>haec</strong></span> <span class='ocrx_word' id='word_1_185' title='bbox 304 2245 438 2290; x_wconf 87' lang='lat' dir='ltr'><strong>quidem</strong></span> <span class='ocrx_word' id='word_1_186' title='bbox 464 2257 531 2280; x_wconf 94' lang='lat' dir='ltr'><strong>non</strong></span> <span class='ocrx_word' id='word_1_187' title='bbox 557 2247 663 2281; x_wconf 87' lang='lat' dir='ltr'><strong>multo</strong></span> <span class='ocrx_word' id='word_1_188' title='bbox 689 2251 768 2293; x_wconf 84' lang='lat' dir='ltr'><strong>post</strong></span> <span class='ocrx_word' id='word_1_189' title='bbox 780 2247 925 2291; x_wconf 75' lang='lat' dir='ltr'><strong>iterum,</strong></span> <span class='ocrx_word' id='word_1_190' title='bbox 950 2249 1055 2294; x_wconf 75' lang='lat'>(245)</span> <span class='ocrx_word' id='word_1_191' title='bbox 1078 2248 1158 2294; x_wconf 90' lang='lat' dir='ltr'><strong>quid</strong></span> <span class='ocrx_word' id='word_1_192' title='bbox 1173 2249 1208 2282; x_wconf 90' lang='lat' dir='ltr'><strong>in</strong></span> <span class='ocrx_word' id='word_1_193' title='bbox 1223 2249 1341 2283; x_wconf 88' lang='lat' dir='ltr'><strong>hostes</strong></span> <span class='ocrx_word' id='word_1_194' title='bbox 1357 2248 1511 2294; x_wconf 80' lang='lat' dir='ltr'><strong>possint,</strong></span> <span class='ocrx_word' id='word_1_195' title='bbox 1535 2249 1660 2283; x_wconf 82' lang='lat' dir='ltr'><strong>clarius</strong></span> 
     </span>
     <span class='ocr_line' id='line_1_33' title="bbox 192 2291 1659 2340; baseline 0.003 -16"><span class='ocrx_word' id='word_1_196' title='bbox 192 2291 444 2336; x_wconf 82' lang='lat' dir='ltr'><strong>comprobatum</strong></span> <span class='ocrx_word' id='word_1_197' title='bbox 469 2291 573 2326; x_wconf 78' lang='lat' dir='ltr'><strong>exitu.</strong></span> <span class='ocrx_word' id='word_1_198' title='bbox 620 2296 659 2326; x_wconf 82' lang='lat' dir='ltr'><strong>at</strong></span> <span class='ocrx_word' id='word_1_199' title='bbox 684 2304 753 2327; x_wconf 91' lang='lat' dir='ltr'><strong>non</strong></span> <span class='ocrx_word' id='word_1_200' title='bbox 774 2305 860 2329; x_wconf 87' lang='lat' dir='ltr'><strong>sane</strong></span> <span class='ocrx_word' id='word_1_201' title='bbox 882 2294 1035 2339; x_wconf 73' lang='lat' dir='ltr'>neglexit</span> <span class='ocrx_word' id='word_1_202' title='bbox 1058 2294 1223 2329; x_wconf 78' lang='lat' dir='ltr'><strong>acerrimo</strong></span> <span class='ocrx_word' id='word_1_203' title='bbox 1237 2305 1300 2329; x_wconf 88' lang='lat' dir='ltr'><strong>suo</strong></span> <span class='ocrx_word' id='word_1_204' title='bbox 1315 2294 1450 2340; x_wconf 87' lang='lat' dir='ltr'><strong>ingenio</strong></span> <span class='ocrx_word' id='word_1_205' title='bbox 1465 2295 1522 2329; x_wconf 85' lang='lat' dir='ltr'><strong>vel</strong></span> <span class='ocrx_word' id='word_1_206' title='bbox 1537 2295 1659 2330; x_wconf 80' lang='lat' dir='ltr'>absens</span> 
     </span>
    </p>
   </div>
   <div class='ocr_carea' id='block_1_5' title="bbox 164 2336 1659 2386">
    <p class='ocr_par' dir='ltr' id='par_1_13' title="bbox 164 2336 1659 2386">
     <span class='ocr_line' id='line_1_34' title="bbox 164 2336 1659 2386; baseline 0.003 -16"><span class='ocrx_word' id='word_1_207' title='bbox 164 2352 166 2355; x_wconf 55' lang='lat'>&gt;</span> <span class='ocrx_word' id='word_1_208' title='bbox 192 2336 314 2370; x_wconf 85' lang='lat' dir='ltr'><strong>adesse</strong></span> <span class='ocrx_word' id='word_1_209' title='bbox 338 2337 511 2372; x_wconf 78' lang='lat' dir='ltr'><strong>laboribus</strong></span> <span class='ocrx_word' id='word_1_210' title='bbox 537 2338 694 2383; x_wconf 78' lang='lat' dir='ltr'><strong>despota.</strong></span> <span class='ocrx_word' id='word_1_211' title='bbox 738 2339 801 2374; x_wconf 83' lang='lat' dir='ltr'><strong>sed</strong></span> <span class='ocrx_word' id='word_1_212' title='bbox 821 2343 950 2374; x_wconf 76' lang='lat' dir='ltr'><strong>tantum</strong></span> <span class='ocrx_word' id='word_1_213' title='bbox 971 2351 1081 2386; x_wconf 85' lang='lat' dir='ltr'><strong>prope</strong></span> <span class='ocrx_word' id='word_1_214' title='bbox 1096 2340 1219 2375; x_wconf 83' lang='lat' dir='ltr'><strong>aderat</strong></span> <span class='ocrx_word' id='word_1_215' title='bbox 1232 2340 1387 2375; x_wconf 79' lang='lat' dir='ltr'><strong>sollicitis</strong></span> <span class='ocrx_word' id='word_1_216' title='bbox 1400 2341 1525 2384; x_wconf 85' lang='lat' dir='ltr'><strong>rebus,</strong></span> <span class='ocrx_word' id='word_1_217' title='bbox 1549 2352 1659 2386; x_wconf 88' lang='lat' dir='ltr'><strong>quan-</strong></span> 
     </span>
    </p>
   </div>
   <div class='ocr_carea' id='block_1_6' title="bbox 191 2382 1659 2857">
    <p class='ocr_par' dir='ltr' id='par_1_14' title="bbox 191 2382 1659 2857">
     <span class='ocr_line' id='line_1_35' title="bbox 192 2382 1659 2430; baseline 0.003 -14"><span class='ocrx_word' id='word_1_218' title='bbox 192 2384 266 2416; x_wconf 83' lang='lat' dir='ltr'><strong>tum</strong></span> <span class='ocrx_word' id='word_1_219' title='bbox 279 2382 460 2417; x_wconf 76' lang='lat' dir='ltr'><strong>intervallo</strong></span> <span class='ocrx_word' id='word_1_220' title='bbox 476 2383 598 2417; x_wconf 85' lang='lat' dir='ltr'><strong>aberat</strong></span> <span class='ocrx_word' id='word_1_221' title='bbox 612 2395 633 2418; x_wconf 82' lang='lat' dir='ltr'><strong>a</strong></span> <span class='ocrx_word' id='word_1_222' title='bbox 647 2383 743 2429; x_wconf 84' lang='lat' dir='ltr'><strong>locis.</strong></span> <span class='ocrx_word' id='word_1_223' title='bbox 789 2385 890 2430; x_wconf 75' lang='lat'>(250)</span> <span class='ocrx_word' id='word_1_224' title='bbox 912 2386 979 2420; x_wconf 87' lang='lat' dir='ltr'><strong>iam</strong></span> <span class='ocrx_word' id='word_1_225' title='bbox 995 2387 1082 2420; x_wconf 86' lang='lat' dir='ltr'><strong>enim</strong></span> <span class='ocrx_word' id='word_1_226' title='bbox 1096 2386 1196 2421; x_wconf 85' lang='lat' dir='ltr'><strong>trium</strong></span> <span class='ocrx_word' id='word_1_227' title='bbox 1213 2397 1375 2420; x_wconf 88' lang='lat' dir='ltr'><strong>annorum</strong></span> <span class='ocrx_word' id='word_1_228' title='bbox 1390 2386 1551 2421; x_wconf 87' lang='lat' dir='ltr'><strong>circulum</strong></span> <span class='ocrx_word' id='word_1_229' title='bbox 1566 2397 1659 2420; x_wconf 91' lang='lat' dir='ltr'><strong>com-</strong></span> 
     </span>
     <span class='ocr_line' id='line_1_36' title="bbox 193 2427 1658 2475; baseline 0.003 -14"><span class='ocrx_word' id='word_1_230' title='bbox 193 2427 350 2473; x_wconf 66' lang='lat' dir='ltr'><strong>plevmt</strong></span> <span class='ocrx_word' id='word_1_231' title='bbox 369 2429 407 2463; x_wconf 87' lang='lat' dir='ltr'><strong>in</strong></span> <span class='ocrx_word' id='word_1_232' title='bbox 433 2429 605 2464; x_wconf 81' lang='lat' dir='ltr'><strong>militando</strong></span> <span class='ocrx_word' id='word_1_233' title='bbox 631 2432 753 2465; x_wconf 82' lang='lat' dir='ltr'><strong>contra</strong></span> <span class='ocrx_word' id='word_1_234' title='bbox 775 2431 956 2466; x_wconf 80' lang='lat' dir='ltr'><strong>nefandam</strong></span> <span class='ocrx_word' id='word_1_235' title='bbox 977 2432 1174 2475; x_wconf 83' lang='lat' dir='ltr'><strong>Persidem,</strong></span> <span class='ocrx_word' id='word_1_236' title='bbox 1197 2432 1235 2466; x_wconf 88' lang='lat' dir='ltr'><strong>in</strong></span> <span class='ocrx_word' id='word_1_237' title='bbox 1256 2432 1291 2466; x_wconf 91' lang='lat' dir='ltr'><strong>id</strong></span> <span class='ocrx_word' id='word_1_238' title='bbox 1314 2431 1510 2467; x_wconf 84' lang='lat' dir='ltr'><strong>incumbens</strong></span> <span class='ocrx_word' id='word_1_239' title='bbox 1527 2432 1658 2466; x_wconf 86' lang='lat' dir='ltr'><strong>invicta</strong></span> 
     </span>
     <span class='ocr_line' id='line_1_37' title="bbox 191 2472 1657 2523; baseline 0.003 -16"><span class='ocrx_word' id='word_1_240' title='bbox 191 2472 294 2507; x_wconf 78' lang='lat' dir='ltr'><strong>animi</strong></span> <span class='ocrx_word' id='word_1_241' title='bbox 307 2475 538 2510; x_wconf 79' lang='lat' dir='ltr'><strong>contentione.</strong></span> <span class='ocrx_word' id='word_1_242' title='bbox 574 2475 663 2510; x_wconf 85' lang='lat' dir='ltr'><strong>illum</strong></span> <span class='ocrx_word' id='word_1_243' title='bbox 677 2486 789 2521; x_wconf 86' lang='lat' dir='ltr'><strong>neque</strong></span> <span class='ocrx_word' id='word_1_244' title='bbox 803 2476 909 2511; x_wconf 87' lang='lat' dir='ltr'><strong>hiems</strong></span> <span class='ocrx_word' id='word_1_245' title='bbox 922 2480 1078 2512; x_wconf 79' lang='lat' dir='ltr'><strong>urentem</strong></span> <span class='ocrx_word' id='word_1_246' title='bbox 1091 2478 1206 2512; x_wconf 85' lang='lat' dir='ltr'><strong>ferens</strong></span> <span class='ocrx_word' id='word_1_247' title='bbox 1220 2477 1374 2523; x_wconf 83' lang='lat' dir='ltr'><strong>spiritum</strong></span> <span class='ocrx_word' id='word_1_248' title='bbox 1389 2478 1498 2512; x_wconf 81' lang='lat' dir='ltr'><strong>suasit</strong></span> <span class='ocrx_word' id='word_1_249' title='bbox 1510 2488 1657 2522; x_wconf 87' lang='lat' dir='ltr'><strong>unquam</strong></span> 
     </span>
     <span class='ocr_line' id='line_1_38' title="bbox 194 2520 1657 2575; baseline 0.004 -24"><span class='ocrx_word' id='word_1_250' title='bbox 194 2520 234 2551; x_wconf 84' lang='lat' dir='ltr'><strong>nt</strong></span> <span class='ocrx_word' id='word_1_251' title='bbox 247 2524 400 2555; x_wconf 76' lang='lat' dir='ltr'><strong>cessaret</strong></span> <span class='ocrx_word' id='word_1_252' title='bbox 413 2532 436 2556; x_wconf 84' lang='lat' dir='ltr'><strong>a</strong></span> <span class='ocrx_word' id='word_1_253' title='bbox 447 2520 588 2575; x_wconf 82' lang='lat' dir='ltr'><strong>praeliis</strong></span> <span class='ocrx_word' id='word_1_254' title='bbox 598 2547 610 2564; x_wconf 83' lang='lat'>‚</span> <span class='ocrx_word' id='word_1_255' title='bbox 644 2522 747 2566; x_wconf 76' lang='lat'>(255)</span> <span class='ocrx_word' id='word_1_256' title='bbox 770 2533 833 2556; x_wconf 85' lang='lat' dir='ltr'><strong>nec</strong></span> <span class='ocrx_word' id='word_1_257' title='bbox 847 2523 965 2558; x_wconf 77' lang='lat' dir='ltr'><strong>matris</strong></span> <span class='ocrx_word' id='word_1_258' title='bbox 979 2535 1127 2569; x_wconf 82' lang='lat' dir='ltr'><strong>unquam</strong></span> <span class='ocrx_word' id='word_1_259' title='bbox 1141 2523 1247 2568; x_wconf 83' lang='lat' dir='ltr'><strong>fregit</strong></span> <span class='ocrx_word' id='word_1_260' title='bbox 1259 2522 1460 2557; x_wconf 84' lang='lat' dir='ltr'><strong>desiderium</strong></span> <span class='ocrx_word' id='word_1_261' title='bbox 1469 2551 1479 2567; x_wconf 84' lang='lat'>‚</span> <span class='ocrx_word' id='word_1_262' title='bbox 1501 2526 1541 2557; x_wconf 85' lang='lat' dir='ltr'><strong>ut</strong></span> <span class='ocrx_word' id='word_1_263' title='bbox 1556 2523 1657 2557; x_wconf 85' lang='lat' dir='ltr'><strong>citius</strong></span> 
     </span>
     <span class='ocr_line' id='line_1_39' title="bbox 193 2564 1657 2613; baseline 0.003 -15"><span class='ocrx_word' id='word_1_264' title='bbox 193 2564 399 2609; x_wconf 77' lang='lat' dir='ltr'><strong>praestituto</strong></span> <span class='ocrx_word' id='word_1_265' title='bbox 422 2567 480 2601; x_wconf 75' lang='lat' dir='ltr'><strong>dle</strong></span> <span class='ocrx_word' id='word_1_266' title='bbox 498 2567 639 2602; x_wconf 77' lang='lat' dir='ltr'><strong>rediret.</strong></span> <span class='ocrx_word' id='word_1_267' title='bbox 686 2579 754 2602; x_wconf 92' lang='lat' dir='ltr'><strong>non</strong></span> <span class='ocrx_word' id='word_1_268' title='bbox 767 2568 860 2602; x_wconf 86' lang='lat' dir='ltr'><strong>illum</strong></span> <span class='ocrx_word' id='word_1_269' title='bbox 875 2568 1019 2603; x_wconf 79' lang='lat' dir='ltr'><strong>dimovit</strong></span> <span class='ocrx_word' id='word_1_270' title='bbox 1032 2570 1135 2604; x_wconf 84' lang='lat' dir='ltr'><strong>insita</strong></span> <span class='ocrx_word' id='word_1_271' title='bbox 1150 2569 1206 2604; x_wconf 86' lang='lat' dir='ltr'><strong>vis</strong></span> <span class='ocrx_word' id='word_1_272' title='bbox 1220 2568 1343 2602; x_wconf 86' lang='lat' dir='ltr'><strong>amoris</strong></span> <span class='ocrx_word' id='word_1_273' title='bbox 1358 2580 1442 2613; x_wconf 81' lang='lat' dir='ltr'><strong>erga</strong></span> <span class='ocrx_word' id='word_1_274' title='bbox 1454 2569 1543 2603; x_wconf 84' lang='lat' dir='ltr'><strong>tales</strong></span> <span class='ocrx_word' id='word_1_275' title='bbox 1556 2568 1657 2610; x_wconf 85' lang='lat' dir='ltr'><strong>filios,</strong></span> 
     </span>
     <span class='ocr_line' id='line_1_40' title="bbox 195 2612 1659 2659; baseline 0.003 -16"><span class='ocrx_word' id='word_1_276' title='bbox 195 2620 306 2654; x_wconf 84' lang='lat' dir='ltr'><strong>neque</strong></span> <span class='ocrx_word' id='word_1_277' title='bbox 332 2612 483 2658; x_wconf 79' lang='lat' dir='ltr'><strong>eorporis</strong></span> <span class='ocrx_word' id='word_1_278' title='bbox 506 2612 713 2648; x_wconf 77' lang='lat' dir='ltr'><strong>conflictatio</strong></span> <span class='ocrx_word' id='word_1_279' title='bbox 738 2614 894 2648; x_wconf 86' lang='lat' dir='ltr'><strong>levamen</strong></span> <span class='ocrx_word' id='word_1_280' title='bbox 915 2614 999 2650; x_wconf 85' lang='lat' dir='ltr'><strong>dare</strong></span> <span class='ocrx_word' id='word_1_281' title='bbox 1021 2616 1200 2650; x_wconf 89' lang='lat' dir='ltr'><strong>consulens</strong></span> <span class='ocrx_word' id='word_1_282' title='bbox 1222 2614 1411 2648; x_wconf 85' lang='lat' dir='ltr'><strong>laboribus.</strong></span> <span class='ocrx_word' id='word_1_283' title='bbox 1467 2614 1574 2659; x_wconf 82' lang='lat'>(260)</span> <span class='ocrx_word' id='word_1_284' title='bbox 1597 2613 1659 2648; x_wconf 91' lang='lat' dir='ltr'><strong>sed</strong></span> 
     </span>
     <span class='ocr_line' id='line_1_41' title="bbox 193 2655 1658 2706; baseline 0.003 -18"><span class='ocrx_word' id='word_1_285' title='bbox 193 2655 326 2690; x_wconf 85' lang='lat' dir='ltr'><strong>medios</strong></span> <span class='ocrx_word' id='word_1_286' title='bbox 339 2657 427 2691; x_wconf 75' lang='lat' dir='ltr'><strong>inter</strong></span> <span class='ocrx_word' id='word_1_287' title='bbox 439 2658 659 2703; x_wconf 83' lang='lat' dir='ltr'><strong>requiescens</strong></span> <span class='ocrx_word' id='word_1_288' title='bbox 673 2660 851 2703; x_wconf 87' lang='lat' dir='ltr'><strong>barbaros,</strong></span> <span class='ocrx_word' id='word_1_289' title='bbox 873 2660 979 2695; x_wconf 79' lang='lat' dir='ltr'><strong>veluti</strong></span> <span class='ocrx_word' id='word_1_290' title='bbox 994 2671 1073 2696; x_wconf 86' lang='lat' dir='ltr'><strong>rosa</strong></span> <span class='ocrx_word' id='word_1_291' title='bbox 1088 2660 1359 2706; x_wconf 82' lang='lat' dir='ltr'><strong>circumimplexa</strong></span> <span class='ocrx_word' id='word_1_292' title='bbox 1376 2659 1493 2706; x_wconf 85' lang='lat' dir='ltr'><strong>spinis,</strong></span> <span class='ocrx_word' id='word_1_293' title='bbox 1516 2659 1575 2704; x_wconf 88' lang='lat' dir='ltr'><strong>qui</strong></span> <span class='ocrx_word' id='word_1_294' title='bbox 1592 2659 1658 2692; x_wconf 83' lang='lat' dir='ltr'><strong>iam</strong></span> 
     </span>
     <span class='ocr_line' id='line_1_42' title="bbox 194 2701 1657 2753; baseline 0.003 -19"><span class='ocrx_word' id='word_1_295' title='bbox 194 2711 258 2746; x_wconf 86' lang='lat' dir='ltr'><strong>pro</strong></span> <span class='ocrx_word' id='word_1_296' title='bbox 274 2701 373 2737; x_wconf 90' lang='lat' dir='ltr'><strong>nobis</strong></span> <span class='ocrx_word' id='word_1_297' title='bbox 385 2702 559 2738; x_wconf 87' lang='lat' dir='ltr'><strong>Persicum</strong></span> <span class='ocrx_word' id='word_1_298' title='bbox 573 2709 729 2740; x_wconf 77' lang='lat' dir='ltr'><strong>moverat</strong></span> <span class='ocrx_word' id='word_1_299' title='bbox 741 2705 867 2740; x_wconf 88' lang='lat' dir='ltr'><strong>bellum</strong></span> <span class='ocrx_word' id='word_1_300' title='bbox 880 2731 888 2747; x_wconf 94' lang='lat'>,</span> <span class='ocrx_word' id='word_1_301' title='bbox 913 2706 1056 2741; x_wconf 81' lang='lat' dir='ltr'><strong>alterum</strong></span> <span class='ocrx_word' id='word_1_302' title='bbox 1070 2718 1133 2753; x_wconf 85' lang='lat' dir='ltr'><strong>pro</strong></span> <span class='ocrx_word' id='word_1_303' title='bbox 1148 2705 1246 2740; x_wconf 85' lang='lat' dir='ltr'><strong>nobis</strong></span> <span class='ocrx_word' id='word_1_304' title='bbox 1262 2705 1386 2751; x_wconf 85' lang='lat' dir='ltr'><strong>spiritu</strong></span> <span class='ocrx_word' id='word_1_305' title='bbox 1401 2705 1508 2751; x_wconf 84' lang='lat' dir='ltr'><strong>gessit</strong></span> <span class='ocrx_word' id='word_1_306' title='bbox 1522 2704 1657 2745; x_wconf 86' lang='lat' dir='ltr'><strong>bellum,</strong></span> 
     </span>
     <span class='ocr_line' id='line_1_43' title="bbox 195 2746 1659 2798; baseline 0.002 -18"><span class='ocrx_word' id='word_1_307' title='bbox 195 2749 232 2780; x_wconf 81' lang='lat' dir='ltr'><strong>et</strong></span> <span class='ocrx_word' id='word_1_308' title='bbox 253 2746 298 2780; x_wconf 88' lang='lat' dir='ltr'><strong>du</strong></span> <span class='ocrx_word' id='word_1_309' title='bbox 320 2747 377 2782; x_wconf 88' lang='lat' dir='ltr'><strong>lici</strong></span> <span class='ocrx_word' id='word_1_310' title='bbox 397 2749 558 2796; x_wconf 79' lang='lat' dir='ltr'><strong>utrinque</strong></span> <span class='ocrx_word' id='word_1_311' title='bbox 580 2751 782 2786; x_wconf 78' lang='lat' dir='ltr'><strong>constrictus</strong></span> <span class='ocrx_word' id='word_1_312' title='bbox 829 2752 955 2787; x_wconf 87' lang='lat' dir='ltr'><strong>ericulo</strong></span> <span class='ocrx_word' id='word_1_313' title='bbox 981 2753 1083 2798; x_wconf 79' lang='lat'>(265)</span> <span class='ocrx_word' id='word_1_314' title='bbox 1106 2762 1269 2798; x_wconf 86' lang='lat' dir='ltr'><strong>praesens</strong></span> <span class='ocrx_word' id='word_1_315' title='bbox 1295 2751 1438 2793; x_wconf 80' lang='lat' dir='ltr'><strong>dimisit,</strong></span> <span class='ocrx_word' id='word_1_316' title='bbox 1464 2761 1578 2785; x_wconf 86' lang='lat' dir='ltr'><strong>curam</strong></span> <span class='ocrx_word' id='word_1_317' title='bbox 1595 2749 1659 2783; x_wconf 87' lang='lat' dir='ltr'><strong>ha-</strong></span> 
     </span>
     <span class='ocr_line' id='line_1_44' title="bbox 194 2763 1659 2857; baseline 0.003 -31"><span class='ocrx_word' id='word_1_318' title='bbox 194 2791 270 2827; x_wconf 79' lang='lat' dir='ltr'><strong>buit</strong></span> <span class='ocrx_word' id='word_1_319' title='bbox 319 2805 339 2828; x_wconf 85' lang='lat' dir='ltr'><strong>e</strong></span> <span class='ocrx_word' id='word_1_320' title='bbox 362 2797 504 2831; x_wconf 80' lang='lat' dir='ltr'><strong>remoto.</strong></span> <span class='ocrx_word' id='word_1_321' title='bbox 551 2796 675 2832; x_wconf 82' lang='lat' dir='ltr'><strong>exinde</strong></span> <span class='ocrx_word' id='word_1_322' title='bbox 696 2797 766 2832; x_wconf 87' lang='lat' dir='ltr'><strong>suis</strong></span> <span class='ocrx_word' id='word_1_323' title='bbox 789 2763 847 2833; x_wconf 67' lang='lat' dir='ltr'><strong>ifle</strong></span> <span class='ocrx_word' id='word_1_324' title='bbox 860 2797 970 2846; x_wconf 71' lang='lat' dir='ltr'><strong>misus</strong></span> <span class='ocrx_word' id='word_1_325' title='bbox 985 2798 1107 2834; x_wconf 82' lang='lat' dir='ltr'><strong>litteris</strong></span> <span class='ocrx_word' id='word_1_326' title='bbox 1119 2809 1183 2833; x_wconf 90' lang='lat' dir='ltr'><strong>nos</strong></span> <span class='ocrx_word' id='word_1_327' title='bbox 1197 2798 1390 2841; x_wconf 70' lang='lat' dir='ltr'><strong>succendit,</strong></span> <span class='ocrx_word' id='word_1_328' title='bbox 1414 2795 1576 2857; x_wconf 39' lang='lat' dir='ltr'><strong>ut-ignis,</strong></span> <span class='ocrx_word' id='word_1_329' title='bbox 1599 2793 1659 2840; x_wconf 74' lang='lat' dir='ltr'><strong>qui</strong></span> 
     </span>
    </p>
   </div>
  </div>
 </body>
</html>
