1838 3210
213 189 309 237 128
780 191 859 234 DU
893 189 1077 234 CANGII

65 308 96 343 P
119 308 188 345 576
210 307 297 338 tum
313 306 493 339 sanctum
510 297 615 351 apud
632 296 873 337 Christianos
897 297 1122 336 adumbrari
1142 304 1304 338 constat.
1346 297 1542 338 eiusmodi
1560 313 1653 338 vero

209 370 418 395 aurearum
441 364 478 393 et
497 362 770 406 argentearum
792 356 1062 393 columbarum
1079 355 1266 393 altaribus
1284 369 1354 394 seu
1370 358 1490 394 sacris
1507 358 1654 394 mensis

210 421 251 451 et
270 415 366 465 ipsis
387 414 505 450 etiam
523 412 839 463 baptisteriorum
857 412 1032 450 fontibus
1051 413 1344 450 imminentium
1361 414 1543 450 meminit
1557 426 1655 465 syu-

209 469 308 508 odus
337 469 361 509 5
401 469 607 519 Cpolitana
634 469 721 505 Act.
752 469 798 517 5,
849 469 891 505 in
930 481 1007 521 qua
1036 470 1291 507 continentur
1320 470 1654 520 expostulationes

210 527 305 563 cleri
328 523 513 562 adversus
532 524 745 573 Severum,
785 525 855 577 qui
885 525 1084 563 columbas
1114 525 1247 562 altaris
1275 531 1314 562 et
1336 525 1554 576 baptisterii
1581 526 1655 563 ab-

208 582 393 620 stulerat·
426 577 497 628 τοὶς
523 596 597 634 γαρ
625 580 680 628 εἰς
712 576 840 621 τύπον
864 583 939 621 τοῦ
968 580 1086 634 ἁγίου
1111 577 1334 632 πνεύματος
1355 583 1501 634 χρυσᾶς
1524 596 1564 621 τε
1586 581 1655 622 καὶ

209 633 386 690 ἀργυροῖς
403 635 648 689 κρεμαμένας
668 634 857 691 ’ὑπεράνω
876 639 958 678 τοῖν
975 637 1100 677 θείων
1114 638 1408 689 κολυμβηθρῶν
1426 653 1494 677 και
1512 642 1656 678 θυσια-

210 695 380 761 στηρίων
399 690 495 744 μετὰ
515 695 594 733 τῶν
613 693 899 745 ἐσφετερίσατο,
929 691 1052 747 λέγων
1073 690 1123 734 ου’
1139 696 1282 745 χρῆναι
1301 693 1342 734 ἔν
1363 693 1458 733 εἷ’ὃει
1477 706 1656 746 περιστε-

210 752 286 803 ρᾶς
305 745 570 801 ὀνομάζεσθαι
589 747 633 790 τὸ
654 746 770 802 ἅγιον
786 764 956 801 πνευμα.
1013 762 1115 801 quae
1143 748 1304 801 quidem
1325 751 1442 787 verba
1462 748 1657 788 habentur

212 808 332 843 etlam
350 807 392 842 iu
409 809 434 847 7
455 804 616 857 Synodo
635 807 720 843 Act.
739 804 778 845 5.
826 818 964 843 verum
985 807 1058 843 etsi
1077 806 1277 844 columbas
1295 806 1510 843 altaribus
1498 819 1658 859 lmpen-

211 861 316 900 disse
336 874 388 899 ex
406 859 481 899 hoc
498 863 586 900 loco
603 875 683 899 non
703 862 863 899 omnino
883 868 1045 911 constet,
1077 863 1112 899 is
1132 869 1268 899 tamen
1287 863 1540 900 ecclesiarum
1561 875 1657 900 usus

211 932 235 955 e
252 920 390 955 ceter1s
410 919 672 969 scriptoribus,
702 919 853 955 Latinis
873 919 1143 969 potissimum,
1175 919 1392 969 colligitur,
1426 921 1658 970 praesertim

210 988 266 1012 ex
286 974 452 1012 Paulino
473 975 586 1026 epist.
608 976 660 1015 12
691 973 742 1011 ad
758 974 950 1012 Severum
963 1003 974 1024 ,
1018 975 1087 1012 ubi
1108 981 1237 1013 totum
1268 975 1400 1013 altaris
1425 982 1658 1027 apparatum

211 1029 420 1068 describit:

429 1093 466 1123 et
481 1098 558 1136 per
578 1084 799 1123 columbam
819 1087 980 1136 spiritu-s
1002 1094 1163 1124 sanctus
1171 1088 1288 1137 fluit.

210 1149 412 1194 praeterea
434 1155 486 1179 ex
505 1148 737 1179 testamento
757 1144 943 1193 Perpetui
963 1144 1157 1194 episcopi,
1189 1145 1297 1180 cuius
1319 1142 1586 1191 meminimus,
1614 1141 1657 1179 in

210 1211 291 1251 quo
311 1198 432 1235 donat
459 1205 497 1235 et
517 1199 624 1248 legat
641 1197 855 1235 Amalario
866 1198 1091 1250 presbytero
1111 1199 1319 1249 capsulam
1339 1212 1462 1236 unam
1482 1212 1659 1236 commu-

209 1269 300 1292 nem
320 1255 368 1291 de
388 1255 525 1301 serico;
554 1256 646 1290 item
659 1255 910 1304 peristerium
931 1261 968 1291 et
985 1254 1209 1292 columbam
1224 1262 1450 1306 argenteam
1471 1255 1528 1292 ad
1544 1268 1658 1305 repo-

208 1312 401 1348 sitorium,
463 1322 541 1362 quo
563 1311 649 1347 loco
665 1311 912 1360 peristerium
935 1324 1202 1364 synonymum
1218 1311 1374 1349 videtur
1395 1324 1485 1349 cnm
1503 1312 1659 1349 colum-

206 1368 281 1405 ba:
313 1373 371 1404 est
401 1367 507 1403 enim
537 1367 695 1404 Graecis
723 1365 989 1418 περιστέριον,
1028 1375 1072 1404 ut
1095 1375 1133 1405 et
1154 1369 1458 1420 περιστερίδιον,
1494 1367 1658 1418 parvula

207 1437 280 1462 seu
298 1425 427 1460 minor
447 1423 652 1471 columba3
692 1424 770 1460 nisi
787 1423 940 1461 loculus
958 1423 1098 1472 fuerit,
1129 1425 1170 1460 in
1188 1437 1266 1475 quo
1287 1425 1373 1475 ipsa
1389 1424 1659 1461 continebatur

208 1480 405 1518 columba.
435 1481 514 1517 scio
526 1477 747 1531 περιστέρια
760 1478 954 1530 quaedam
972 1476 1170 1533 κοσμάρια
1189 1479 1266 1517 dici
1283 1479 1389 1532 apud
1399 1479 1658 1532 Hesychium‘.

205 1535 315 1575 hunc
338 1542 539 1586 praeterea
562 1548 714 1572 morem
739 1537 877 1572 astruit
894 1534 1099 1574 Udalricus
1121 1537 1304 1574 Consuet.
1327 1537 1502 1574 Cluniac.
1525 1539 1552 1577 2
1580 1538 1657 1576 30:

201 1592 453 1643 praedictam
470 1598 603 1627 autem
617 1591 806 1640 pyxidem
818 1613 872 1618 —
884 1591 1075 1628 diaeonus
1091 1605 1183 1628 cum
1200 1592 1383 1629 columba
1402 1594 1658 1643 izcglterpen-

207 1649 322 1685 dente
345 1661 462 1697 super
484 1646 612 1683 altare
638 1669 694 1675 --
722 1646 928 1683 abstrahit.
991 1654 1029 1684 et
1054 1648 1075 1686 1
1107 1649 1155 1686 9:
1197 1648 1307 1697 ipsae
1334 1655 1466 1685 autem
1489 1648 1657 1691 hostiae,

209 1718 301 1741 cnm
316 1704 478 1754 fixerint
503 1709 750 1739 consecratae
763 1731 777 1748 ,
822 1709 1029 1739 mutantur
1053 1710 1240 1753 quattuor
1269 1717 1359 1740 cum
1386 1704 1468 1741 illis
1495 1717 1596 1755 qaae
1615 1704 1658 1740 in

202 1760 352 1811 pyxide
379 1766 416 1796 et
440 1772 562 1795 aurea
582 1758 765 1796 columba
782 1772 899 1808 super
915 1758 1044 1795 altare
1056 1759 1251 1808 pendente
1268 1761 1413 1810 iugiter
1429 1767 1657 1804 servan-tar,

208 1817 380 1854 maxime
393 1822 553 1865 propter
573 1815 766 1862 infirmos,
796 1822 841 1851 ut
858 1815 1050 1866 quiequid
1065 1815 1112 1851 de
1130 1816 1184 1852 eis
1201 1817 1370 1861 eveniat,
1401 1818 1590 1854 viaticum
1607 1816 1661 1851 sit

209 1874 255 1909 in
271 1878 474 1922 promptu.
535 1873 716 1908 meminit
737 1870 906 1922 deniqne
928 1872 1159 1909 Anastasius
1176 1872 1219 1908 in
1239 1872 1388 1910 Hilario
1414 1879 1452 1910 et
1470 1873 1512 1911 S.
1534 1875 1658 1910 Inno-

211 1930 339 1966 centio
367 1929 432 1965 PP
467 1927 662 1965 eiusmodi
693 1927 965 1965 columbarum
997 1928 1184 1965 altaribus
1219 1927 1546 1978 impendentium.
1605 1940 1658 1965 ex

211 1985 355 2037 quibus
387 1997 477 2021 eum
501 1985 712 2022 invaluisse
738 1985 779 2020 in
802 1984 965 2021 ecclesia
986 1984 1166 2021 orientali
1188 1990 1226 2020 et
1245 1983 1477 2022 occidentali
1505 1998 1656 2023 morem

212 2040 368 2078 abunde
393 2041 611 2090 colligitur,
641 2038 885 2091 proindeque
903 2038 1118 2076 admodum
1136 2052 1227 2077 vero
1246 2053 1330 2077 esse
1352 2041 1481 2078 simile
1503 2043 1657 2080 colum-

209 2098 304 2134 bam
321 2108 434 2133 suam
451 2103 489 2132 et
486 2070 704 2146 Opyxidem
725 2094 909 2132 habuisse
929 2095 1118 2132 ciborium
1140 2093 1399 2146 Sophianum.

324 2152 391 2192 65.
448 2153 595 2189 Verum
621 2165 711 2188 cum
732 2164 754 2188 a
776 2153 895 2188 sacris
913 2150 1041 2201 adytis
1062 2157 1267 2188 arceantur
1284 2153 1453 2202 profani,
1482 2155 1656 2206 solisque
1676 2182 1678 2184 »

211 2208 282 2245 illa
302 2205 568 2244 sacerdotibus
588 2209 721 2257 pervia
740 2209 841 2255 sint,
885 2206 1052 2257 gradum
1078 2207 1263 2244 referenti
1293 2210 1410 2247 liceat
1444 2224 1534 2248 cum
1568 2213 1654 2262 ipso

211 2264 437 2302 Silentiario
463 2269 563 2313 part.
583 2266 609 2303 2
632 2277 670 2300 v.
692 2265 800 2303 338·
790 2277 831 2299 1n
850 2261 949 2300 haec
967 2263 1085 2300 verba
1103 2276 1382 2331 prorumpere:

375 2321 435 2374 πῇ
455 2318 644 2371 φέρομαις
672 2321 731 2372 πῇ
750 2321 882 2369 μῦθος
900 2316 972 2358 ίων
995 2314 1182 2370 οἷχᾶλινος
1193 2314 1355 2385 ὅδεύειξ

378 2375 483 2425 ῗσχεο
505 2372 724 2440 τολμήεσσα
746 2370 930 2425 μεμυκὸτι
949 2376 1068 2426 χείλει·
1083 2372 1202 2426 φωνή
1214 2405 1224 2424 ,

377 2427 472 2483 μηδ’
493 2430 549 2470 ἔτι
568 2426 814 2499 γυμνώσειας
831 2427 858 2469 ἃ
876 2428 932 2482 μή
946 2430 1071 2498 θέμις
1091 2430 1236 2482 όμμασι
1258 2434 1372 2471 λαᾶν.

377 2481 607 2540 μυστιπόλοι
633 2483 674 2526 δ’
691 2483 773 2526 ὑπο
794 2487 926 2537 χερσὶν
946 2482 1055 2534 όσοις
1069 2485 1154 2527 τόδε
1173 2487 1305 2539 θέσμα
1324 2483 1484 2537 κελεύει,

380 2544 569 2593 Σιδονίης
594 2544 752 2583 Φοίνικι
772 2542 1019 2594 βεβαμμένον
1041 2540 1166 2583 α’νθεϊ
1185 2542 1327 2594 κόχλου

377 2601 509 2651 φᾶρος
528 2595 827 2649 ἐφαπλωσαντες
846 2598 1012 2650 ἐρέψατε
1031 2602 1138 2639 νῶτα
1153 2599 1354 2651 τραπέζης,

376 2653 528 2705 τέτρασι
547 2651 587 2695 δ’
612 2651 845 2709 ἀργυρέῃσιν
865 2654 929 2695 ἐπὶ
936 2658 1140 2723 πλευρῇσι
1159 2652 1384 2704 καλύπτρας

378 2706 559 2763 σ’ρθὸθεν
577 2710 891 2761 εἰσπετάσαντες,
921 2706 1101 2763 απείρονι
1123 2712 1270 2759 δείξατε
1290 2707 1402 2766 δήμῳ

376 2764 523 2819 χρυσον
545 2764 652 2815 αλις,
682 2775 755 2805 etc.

210 2823 319 2872 solis,
348 2822 524 2876 inquam,
554 2823 820 2862 sacerdotibus
836 2829 971 2873 patent
993 2828 1032 2860 et
1052 2822 1187 2859 altaria
1206 2829 1244 2859 et
1265 2835 1535 2874 quaecumque
1553 2823 1654 2859 intra
