1838 3210
131 2556 246 2592 [³529

254 202 319 250 66
829 198 909 241 DU
943 195 1126 240 CANGII

255 312 471 360 cationem,
501 321 602 362 quae
616 308 720 345 facta
740 313 798 345 est
813 310 867 349 26
886 307 1113 345 Decembris
1134 318 1236 344 auno
1257 302 1348 342 chr.
1365 306 1467 353 637,
1494 309 1584 355 post
1605 316 1701 340 cou-

257 369 431 408 sulatum
451 366 633 405 Belisarii
653 377 707 412 11,
735 365 942 402 Iustiniani
957 377 1025 413 xl,
1053 361 1135 400 ind.
1158 362 1233 410 15,
1261 362 1454 399 intersunt
1473 367 1531 398 tot
1549 361 1643 396 anni
1662 366 1701 398 et

257 425 343 463 dies
363 429 458 476 quot
476 436 499 459 a
513 419 760 471 Theophane
780 428 819 458 et
836 419 1012 459 Cedreno
1030 424 1320 471 computantur.
1377 416 1482 454 unde
1499 415 1706 454 evidenter·

256 487 366 533 patet
386 491 543 530 prorsus
564 475 799 514 hallucinari
818 478 1030 514 Graeculos
1050 483 1089 514 et
1107 477 1313 527 scriptores
1334 473 1484 525 aliquot
1503 473 1701 510 inferioris

257 538 367 584 aevi,
398 537 466 587 qui
495 533 691 584 templum
716 532 964 585 Sophianum
992 534 1095 570 intra
1113 534 1164 573 17
1185 544 1308 569 annos
1332 530 1555 567 confectum
1575 527 1702 566 tradi-

258 592 371 640 dere,
400 592 459 628 uti
476 602 523 627 eo
541 591 685 640 pariter
701 590 786 627 loco
808 589 1028 627 docuimus.

369 647 408 689 5.
465 646 663 683 Encaenia
679 659 795 696 porro
817 646 859 683 S.
873 644 1046 697 Sophiae
1066 657 1111 682 eo
1129 656 1208 696 quo
1227 641 1402 680 diximus
1425 639 1488 678 die
1507 641 1703 678 celebrata

258 704 393 743 scribit
430 702 681 739 Marcellinus
715 703 855 740 Comes
888 700 939 739 ad
967 699 1137 739 eundem
1172 710 1339 736 annum.
1383 697 1545 734 ecclesia
1578 698 1704 734 maior

263 759 379 810 cpoli
402 758 454 795 ab
476 760 706 808 imperatore
732 758 954 797 lastiniam
978 756 1234 808 singulariter
1252 757 1294 792 in
1315 755 1461 792 mundo
1481 760 1705 792 constructa

258 817 464 854 dedicatur
494 814 557 852 die
584 817 609 855 6
635 814 717 851 kal.
752 815 979 856 lanuarias.
1040 810 1333 863 Theophanes.
1375 807 1503 876 τούτῳ
1541 825 1594 849 τω
1629 808 1705 849 ἔτει

260 887 359 925 μηνι
382 870 607 938 Δεκεμβρίῳ
630 867 687 917 κζ
707 869 956 917 ἰνδικτιωνος
978 865 1137 921 πρώτης
1156 867 1293 921 γέγονε
1312 864 1360 906 τοὶ
1381 863 1550 935 πρότερα
1567 852 1706 918 §ynul-

261 944 330 968 νια
355 930 425 979 τῆς
452 923 619 979 μεγάλης
644 925 868 977 ἐκκλησίας·
908 925 975 965 καὶ
1006 925 1175 977 ἐξῆλθεν
1201 922 1229 975 ἦ
1258 920 1345 975 λιτη
1379 919 1458 963 dud
1488 925 1560 973 τῆς
1590 920 1706 976 ἁγίας

260 980 534 1030 ἶΑναστασίας,
562 981 795 1034 καθημένου
831 984 960 1033 Μηνᾶ
987 997 1058 1022 του
1089 976 1330 1033 πατριάρχου
1360 978 1404 1019 ἐν
1432 981 1488 1034 τῷ
1517 978 1706 1031 βασιλικῷ

262 1035 453 1092 ὀχήματι,
490 1037 557 1078 καὶ
589 1040 661 1077 τοῦ
695 1036 883 1090 βασιλέως
919 1034 1210 1084 συλλιτευοντος
1244 1038 1300 1090 τῷ
1332 1037 1423 1090 λαῷ.
1483 1047 1534 1072 ex
1562 1035 1705 1085 quibus

262 1093 532 1134 emendandus
561 1092 716 1131 videtur
745 1093 938 1141 Codinus,
986 1095 1053 1146 qui
1086 1100 1290 1144 peractum
1317 1105 1414 1142 opus
1444 1093 1498 1131 22
1528 1089 1707 1128 eiusdem

260 1153 409 1190 mensis
438 1151 580 1198 refert,
617 1152 696 1187 nisi
719 1151 823 1187 inter
847 1151 1067 1188 confectum
1094 1150 1288 1200 templum
1319 1155 1357 1185 et
1383 1148 1491 1184 illius
1519 1147 1708 1184 encaenia.

260 1208 486 1246 interfuisse
506 1212 689 1258 quattuor
710 1205 794 1244 dies
816 1207 997 1244 voluerit.
1056 1205 1312 1243 dedicationis
1329 1209 1564 1255 apparatum
1583 1209 1622 1239 et
1640 1215 1707 1239 ce-

261 1265 483 1302 lebritatem
510 1262 687 1313 pluribus
714 1269 1021 1300 commemorant
1050 1261 1159 1299 idem
1189 1260 1361 1300 Codinus
1395 1266 1434 1296 et
1459 1261 1706 1310 Anonymus,

262 1321 333 1372 qui
351 1318 510 1357 tradunt
527 1320 790 1356 Iustinianum
812 1320 966 1356 solenni
981 1332 1126 1370 pompa
1144 1333 1166 1355 e
1186 1318 1332 1369 palatio
1353 1329 1422 1367 per
1437 1317 1709 1366 Augustaemn

261 1389 342 1413 una
359 1388 454 1412 oum
475 1373 724 1425 patriarcha
713 1388 756 1411 m
780 1375 986 1412 ecclesiam
1007 1388 1030 1411 a
1050 1388 1091 1412 se
1114 1381 1352 1411 exstructam
1371 1374 1615 1423 pervenisse,
1645 1376 1708 1407 at-

262 1444 342 1484 que
365 1433 407 1468 iu
428 1429 526 1467 haec
543 1430 662 1467 verba
680 1432 928 1481 prorupisse,
960 1428 1147 1482 νενίκηκα
1169 1443 1211 1469 σε
1230 1425 1438 1480 Σολομων.

375 1490 415 1529 6.
470 1487 524 1523 At
544 1499 635 1523 cum
651 1499 732 1523 non
749 1488 874 1524 multo
895 1493 984 1537 post
1001 1487 1223 1524 confectum
1240 1498 1337 1536 opus
1357 1482 1464 1521 aedis
1485 1481 1708 1534 Sophianae

264 1544 384 1581 trulla
410 1540 662 1589 concidisset,
691 1542 795 1578 facta
822 1555 978 1579 rursum
997 1555 1100 1579 nova
1122 1543 1320 1579 encaenia.
1379 1538 1548 1577 concidit
1577 1546 1710 1576 autem

264 1612 357 1651 pars
394 1598 594 1635 orientalis
634 1599 797 1644 trullae,
842 1610 894 1634 ex
922 1599 1117 1634 continuis
1149 1605 1274 1634 terrae
1303 1597 1475 1633 motibus
1509 1601 1708 1646 perrupta,

263 1668 303 1692 a.
321 1658 374 1695 32
392 1654 618 1701 Iustiniani,
647 1666 803 1705 unaque
822 1660 863 1690 et
881 1666 1030 1690 sacram
1051 1665 1231 1690 mensam
1250 1659 1287 1689 et
1306 1653 1495 1689 ciborium
1515 1658 1553 1688 et
1571 1652 1709 1688 ambo-

206 1722 210 1726 ·
264 1723 359 1748 nem
388 1710 582 1747 contrivit.
639 1708 711 1746 sed
737 1722 827 1746 cum
853 1722 941 1746 eam
970 1711 1102 1749 statim
1123 1708 1171 1747 de
1190 1722 1291 1746 novo
1311 1710 1565 1746 instaurasset
1589 1708 1709 1744 Iusti-

265 1767 426 1813 niauus,
455 1765 695 1815 trullamque
724 1766 843 1815 longe
872 1778 990 1816 quam
1016 1773 1132 1802 antea
1157 1764 1363 1802 editiorem
1385 1763 1609 1812 eduxisset,
1638 1776 1709 1800 ae-

266 1821 360 1859 dem
383 1824 527 1860 iteruin
546 1821 594 1857 ab
618 1820 814 1871 Eutychio
836 1820 1053 1871 patriarcha
1076 1820 1247 1858 dedicari
1273 1821 1444 1868 curavit,
1474 1827 1517 1856 ut
1545 1821 1599 1856 ait
1627 1821 1710 1856 Zo-

266 1890 406 1926 naras,
435 1875 502 1917 καὶ
526 1879 834 1928 καθιερωθῆναι
853 1892 960 1929 παρα
981 1873 1181 1928 Ευτυχίου
1201 1879 1273 1917 τοῦ
1288 1891 1531 1928 πατριαρχου
1551 1871 1594 1914 τὸ
1619 1870 1711 1914 δεύ-

266 1949 393 1986 τερον.
449 1934 553 1969 facta
571 1939 705 1969 autem
721 1934 795 1970 ista
813 1935 996 1970 encaenia
1015 1946 1116 1970 anno
1134 1940 1222 1983 post
1237 1933 1378 1970 trullae
1398 1945 1532 1969 casum
1550 1932 1708 1983 quinto:

267 2003 315 2028 eo
335 1992 441 2027 enim
461 1988 656 2026 referendi
675 2002 810 2026 versus
833 1990 948 2026 Pauli
967 1990 1180 2027 Silentiarii
1196 1995 1295 2039 part.
1319 1991 1338 2028 1
1361 2001 1398 2025 v.
1417 1990 1494 2027 37:

486 2044 611 2096 δάκρυ
634 2042 676 2084 δὲ
694 2044 954 2096 πενταέτηρον
975 2041 1258 2095 ἆποψήσαντες
1277 2040 1456 2094 ὀπωπῆς,

483 2098 687 2150 μέλψομεν
709 2096 906 2151 εὐφήμοις
925 2098 1004 2140 15πὸ
1027 2101 1191 2151 χείλεσιν
1217 2097 1387 2146 εὕποδας
1405 2096 1570 2150 ὕμνους.

269 2154 376 2193 diem
395 2162 433 2192 et
454 2167 605 2191 annum
624 2154 841 2193 distinctius
862 2162 1020 2193 annotat
1039 2154 1257 2193 Chronicon
1278 2154 1611 2204 Alexandrinum,
1640 2157 1710 2192 Iu-

267 2212 429 2249 stiniani
461 2211 609 2247 scilicet
635 2223 671 2247 a.
696 2213 770 2258 36,
798 2210 934 2248 indict.
960 2213 1032 2259 12,
1062 2212 1268 2249 Decembr.
1290 2211 1363 2252 24:
1393 2209 1520 2265 τούτῳ
1550 2215 1604 2265 τῷ
1636 2211 1710 2251 ἔτει

267 2263 322 2312 λς’
350 2270 421 2317 τῆς
451 2262 728 2306 Ἰουστινιανοῦ
752 2241 970 2318 βασιλείας,
1011 2267 1107 2319 μηνὶ
1132 2264 1341 2321 Ἀπελλέῳ,
1371 2266 1470 2307 κατὰ
1493 2253 1711 2319 Ῥωμαίους

267 2323 519 2374 Δεκεμβρίῳ,
548 2318 608 2361 κδ’
631 2320 759 2376 ημέρα
776 2338 931 2389 πρωτῃ,
961 2325 1032 2374 τῆς
1052 2320 1102 2375 ιβ’
1123 2324 1389 2372 ἰνδικτιωνος,
1420 2341 1446 2375 η
1475 2327 1557 2363 τῶν
1578 2323 1710 2392 ἐγκαι-

269 2379 368 2418 νίων
388 2380 460 2429 τῆς
479 2375 594 2444 αγίας
612 2380 685 2418 τοῦ
701 2380 806 2417 θεοῦ
828 2375 998 2431 μεγάλης
1022 2378 1228 2430 ἐκκλησίας
1247 2381 1333 2418 ΚΠ
1345 2377 1387 2419 τὸ
1405 2376 1589 2431 δεύτερον
1608 2376 1710 2419 οἷπε-

268 2433 432 2485 τελέσθη
454 2430 582 2485 ἕορτή.
642 2433 704 2470 die
732 2435 853 2471 etiam
881 2436 948 2486 qui
973 2432 1116 2472 Christi
1140 2436 1331 2473 Natalicia
1353 2435 1572 2486 praecedit,
1603 2436 1709 2473 cele-—

267 2490 377 2528 brata
397 2503 445 2527 ea
467 2491 653 2526 encaenia
677 2491 804 2526 innuit
827 2489 934 2527 idem
954 2491 1199 2530 silentiarius
1221 2498 1320 2543 part.
1343 2495 1361 2532 1
1388 2505 1427 2530 v.
1447 2492 1551 2533 196:

485 2543 651 2597 ἔπρεπεν
670 2544 795 2596 ἑξείης
816 2561 912 2597 μετα
930 2546 1121 2588 θέσκελον
1136 2563 1247 2605 ημαρ
1267 2547 1392 2587 ἐκεῖνο

485 2598 676 2648 ζωοτὸκου
697 2604 881 2653 Χριστοῒο
899 2602 1104 2655 γενέθλιον
1124 2605 1232 2656 ἦμαρ
1254 2603 1422 2643 ἱκέσθαι.

269 2669 323 2694 ex
348 2656 489 2707 quibus
518 2656 786 2695 emendandus
814 2657 942 2696 codex
968 2657 1225 2711 Theophanis
1254 2658 1403 2707 editus,
1444 2660 1514 2711 qui
1542 2662 1596 2701 20
1627 2659 1710 2696 De-

269 2713 434 2750 cembris
466 2711 528 2749 die
553 2720 709 2763 peracta
739 2713 924 2755 encaenia
952 2713 1085 2753 habet.
1151 2714 1294 2754 horum
1322 2729 1414 2753 vero
1444 2716 1709 2752 ceremoniam

268 2770 325 2806 sic
346 2768 529 2807 describit
551 2768 658 2807 idem
676 2767 966 2836 Theophanes:
996 2770 1025 2823 ἦ
1049 2770 1092 2812 δὲ
1112 2774 1303 2822 παννυχὶς
1322 2787 1402 2811 των
1425 2768 1557 2811 αὐτῶν
1577 2770 1709 2822 ἐγκαμ-

267 2826 366 2866 νίων
384 2824 542 2878 γέγονεν
565 2825 621 2875 εἰς
643 2822 712 2867 το“ν
733 2841 849 2880 αγιον
869 2823 1082 2879 Πλάτωνα,
1111 2827 1178 2869 καὶ
1202 2827 1369 2882 ἐξῆλθεν
1395 2827 1551 2870 ἐκεῖθεν
1577 2843 1599 2869 ο
1628 2841 1707 2867 πα-

1833 2631 1838 2638 1
1830 2578 1833 2579 ¹
1824 2355 1838 2557 .-.un‹*=»·.‘..a.-·
1826 2307 1827 2311 Α

1820 2994 1838 3210 ἶ-νῒὶἶᾞμῖΙἎ-κ-Ἀ
1831 2943 1838 2965 <.
1825 2903 1838 2917 “..
1825 2706 1838 2878 ‘.¹**=³.⁴.·.v2⁴2
