1838 3210
195 184 298 231 138·
778 188 859 232 DU
893 188 1081 234 CANGII

302 299 370 339 72.
426 298 567 335 Portae
587 309 679 335 vero
699 304 878 345 sanctae,
920 311 1010 335 cum
1035 298 1274 336 cancellatae
1294 307 1444 348 essent,
1485 301 1583 339 velis
1605 309 1659 339 ut·

189 353 406 405 plurimum
427 353 735 401 obducebantur,
765 368 815 391 ne
839 367 940 407 quae
957 356 1247 406 peragebantur
1270 369 1375 394 sacra
1397 359 1436 394 in
1460 358 1648 396 altaribus

192 423 215 446 a
237 411 440 462 quibusvis
465 411 794 461 conspicerentur.
853 411 1036 449 dicuutur
1059 419 1194 449 autem
1217 412 1412 450 eiusmodi
1434 414 1539 451 fores
1566 415 1649 451 cla-

189 473 314 503 tratae
349 473 387 503 et
413 467 651 503 cancellatae
684 469 1018 519 καγκελοθυρίᾶες
1041 471 1275 520 Anonymo:
1321 471 1410 507 vela
1435 483 1528 508 vero
1556 475 1650 510 θεῖα

189 519 527 573 παραπετάσματα
550 523 591 560 S.
616 524 839 575 Dionysio
828 537 870 561 1n
887 525 1014 575 Epist.
1039 524 1090 562 ad
1109 523 1405 575 Demophilum,
1436 523 1652 577 αμφίθυρα

192 577 472 630 Chrysostomo
495 579 622 616 Serm.
643 579 669 619 3
691 582 731 616 in
753 582 865 631 epist.
888 580 939 617 ad
956 580 1165 631 Ephesios,
1194 580 1498 634 Theophylacto
1516 583 1652 620 Simo-

192 641 317 671 eattae
338 635 362 675 5
394 634 468 683 14,
500 642 537 672 et
552 637 723 686 Euagrio
744 638 769 676 6
798 638 874 685 20,
907 639 1021 688 quasi
1044 635 1175 690 ἶίμφια
1198 640 1352 687 θυρων.
1414 639 1553 676 Graeci
1573 652 1651 690 po-

47 696 76 729 P
101 694 167 731 584
190 693 372 728 steriores
393 686 622 742 βηλόθυρα,
642 664 817 730 Οὺοτῦενο
839 693 1056 740 vocabulo,
1087 695 1192 732 fores
1214 695 1310 732 istas
1335 695 1647 745 appellaverunt,

191 761 269 800 quo
290 754 454 784 utuntur
471 746 702 786 scholiastes
714 747 989 800 Aristophanis
1007 723 1058 786 ad
1077 752 1207 788 Ranas
1226 757 1264 788 et
1282 750 1456 788 Codinus
1477 750 1525 788 de
1538 751 1650 789 Offie.

189 803 296 841 unde
319 801 556 856 βημόθυρον
585 805 761 842 effictum
785 807 827 842 in
848 804 1095 857 Euchologio
1118 813 1156 843 et
1176 805 1281 857 apud
1299 808 1532 855 Malaxum,
1577 810 1650 845 etsi

191 862 306 911 quasi
339 859 516 912 βήματος
553 862 700 913 θυρίον
741 861 844 900 diota
879 861 1060 900 videatur
1093 865 1287 914 posterior
1322 862 1419 900 haec
1456 877 1562 901 vox-
1610 870 1651 901 at

192 917 430 954 Guillelmus
452 916 634 955 biblioth.
653 919 694 954 iu
717 917 919 969 Stephano
940 930 986 957 vt
1007 917 1109 956 hanc
1127 932 1267 956 vocem
1285 933 1474 970 usurpare
1496 919 1653 958 videtur

190 986 262 1025 pro
283 975 422 1025 quovis
440 974 528 1011 velo
541 1003 551 1022 ,
595 975 715 1011 etiam
737 976 893 1012 altaris:
925 975 1031 1026 jecit
1050 977 1169 1012 etiam
1186 976 1228 1012 in
1249 975 1383 1012 eadem
1403 975 1571 1013 basilica
1595 998 1652 1004 —-

194 1029 392 1066 belothera
413 1037 616 1080 quattuor,
646 1044 692 1067 ex
711 1030 857 1081 quibus
875 1045 1000 1068 unum
1017 1045 1116 1069 auro
1135 1039 1294 1069 textum.
1339 1038 1378 1069 et
1400 1032 1524 1069 infra:
1557 1046 1652 1069 con-

192 1086 287 1122 tulit
300 1108 356 1114 —
377 1086 575 1124 vetotlzera
588 1088 714 1124 serica
733 1089 809 1125 ινιά
826 1089 869 1125 in
890 1088 1058 1126 circuita
1077 1088 1231 1126 altaris.
1295 1086 1344 1126 de
1363 1087 1580 1141 velothyris
1595 1089 1652 1127 sic

190 1143 383 1180 Paulinus
407 1145 496 1180 Nat.
519 1145 566 1183 6:

409 1206 475 1236 ast
493 1199 570 1236 alii
579 1201 754 1249 pretiosa
765 1201 912 1251 ferant
929 1201 1097 1238 donaria
1108 1229 1125 1246 ,
1155 1213 1293 1252 meque

410 1255 531 1305 ‹fficii
545 1263 707 1306 sumptu
725 1264 924 1306 superent,
955 1259 1027 1309 qui
1036 1257 1214 1308 pulchra
1231 1256 1408 1309 tegendis

412 1311 502 1348 vela
511 1312 827 1363 j‘erantjbribzt.5·
847 1320 922 1350 etc.

195 1372 235 1404 et
260 1365 510 1418 Epiphanius
538 1370 651 1419 epist.
677 1368 729 1405 ad
757 1371 948 1406 Ioannem
977 1369 1404 1420 Hierosolymitanum:
1444 1368 1581 1406 inveni
1597 1367 1656 1404 ihc·

193 1423 328 1461 velam
347 1424 522 1474 pendens
545 1426 588 1462 in
598 1424 764 1476 sbribas
782 1426 979 1462 ecelesiae.
1042 1425 1213 1477 denique
1244 1426 1287 1462 iu
1316 1425 1481 1463 concilio
1500 1425 1655 1462 Narbo-

193 1481 310 1517 nensi
330 1493 366 1516 a.
391 1481 471 1521 589
494 1493 578 1519 can.
599 1483 650 1523 13
679 1482 849 1519 iuniores
875 1482 1010 1519 clerici
1035 1482 1222 1519 iubentur
1246 1481 1464 1519 senioribus
1486 1481 1576 1519 vela
1599 1480 1659 1518 ad

194 1537 296 1572 ostia
312 1536 532 1574 sublevare.
593 1536 664 1575 sed
691 1545 904 1589 antequam
925 1551 977 1575 ex
998 1538 1166 1575 bematis
1188 1539 1372 1575 cancellis
1398 1537 1654 1586 excedamus,

194 1591 487 1629 observandum
503 1592 596 1630 inde
616 1600 740 1631 totam
759 1592 861 1631 hanc
879 1593 989 1631 aedis
1011 1607 1143 1631 sacrae
1161 1601 1314 1643 partem
1335 1595 1521 1631 cancellis
1542 1594 1654 1630 clau-

195 1661 282 1685 sam
302 1650 422 1699 vulgo
452 1648 558 1699 apud
586 1656 739 1687 nostros
760 1650 982 1686 cancellum
1002 1650 1211 1700 appellari,
1244 1649 1280 1685 le
1299 1649 1476 1686 chancel.
1538 1651 1655 1700 Hugo

194 1706 350 1755 Plagon
379 1707 422 1742 111
448 1707 628 1743 versione
660 1707 810 1742 Gallica
829 1707 899 1743 W.
930 1707 1045 1756 Tyrii
1073 1717 1157 1743 ms:
1204 1705 1237 1741 la·
1255 1705 1486 1755 patriarche
1508 1707 1595 1755 prit
1620 1705 1656 1742 le

197 1761 370 1813 calzffie,
400 1768 437 1797 et
450 1762 644 1799 l'enmena
662 1762 702 1799 el
717 1775 809 1799 cuer
827 1769 863 1799 et
883 1762 921 1799 el
939 1762 1137 1808 clzancc'el,
1158 1774 1267 1811 pour
1287 1761 1376 1798 bien
1397 1763 1482 1800 νοὶν
1500 1769 1655 1812 aperte-

195 1825 302 1854 ment
320 1818 356 1854 le
373 1825 600 1855 sac-rement.
1667 1848 1669 1852 .

307 1876 375 1914 73.
433 1876 498 1911 Ex
513 1875 672 1912 bemate
700 1888 771 1926 per
800 1875 968 1912 tabulati
997 1882 1130 1926 portas
1156 1873 1450 1926 egredientibus
1481 1875 1658 1926 primum

197 1931 364 1968 occurrit
391 1931 510 1968 solea.
573 1932 747 1983 Symeon
774 1930 1012 1970 Thessalon.
1034 1933 1138 1969 Dial.
1163 1931 1212 1968 de
1230 1932 1520 1980 Sacramentis:
1549 1932 1658 1983 γίνε-

196 2002 262 2027 ται
281 1986 434 2035 εἴσοδος
456 1988 511 2035 εἰς
525 1984 593 2028 τὸν
614 1988 754 2027 σολὲαν
773 1987 816 2028 ἐκ
833 1991 906 2028 τοῦ
925 1985 1113 2040 βήματος.
1171 1987 1464 2037 Euchologium
1484 1989 1526 2024 111
1548 1985 1657 2025 ordi-

196 2045 357 2080 natione
378 2043 555 2082 diaconi:
595 2040 825 2092 ἐξελθόντες
854 2041 928 2083 δύο
959 2040 1145 2084 διάκονοι
1171 2043 1214 2084 ἐκ
1238 2046 1311 2083 τοῦ
1336 2042 1452 2096 ἁγίου
1481 2040 1659 2095 βήματος

197 2096 472 2150 λαμβάνονται
491 2097 559 2140 τόν
580 2100 769 2151 μέλλοντα
789 2104 1101 2151 χειροτονεῖσθαι
1127 2097 1339 2146 διάκονον,
1370 2099 1515 2139 ἑστῶτα
1541 2099 1585 2139 ἐν
1604 2101 1658 2155 τῇ

156 2196 159 2199 ,
199 2155 326 2195 σολὲοε.
383 2157 565 2206 proxima
587 2158 692 2192 enim
713 2158 832 2193 sacris
859 2157 1041 2193 cancellis
1059 2156 1136 2192 fuit
1152 2156 1283 2204 solea,
1322 2163 1366 2192 ut
1387 2170 1440 2193 ex
1462 2157 1658 2194 Cantacu-

199 2224 298 2248 zeno
323 2213 344 2251 1
374 2213 423 2253 41
459 2213 678 2262 colligitur,
709 2213 900 2249 scribente
924 2213 1203 2262 imperatorem
1226 2208 1481 2264 διερχόμενον
1500 2209 1567 2252 τὸν
1587 2223 1658 2251 σο-

199 2267 293 2307 λέαν
317 2265 513 2318 εὑρίσκειν
536 2266 606 2308 τόν
633 2265 878 2319 πατριάρχην
910 2268 967 2315 εἰς
989 2283 1036 2307 τα
1059 2265 1152 2320 ἅγια
1173 2269 1322 2319 θυρία,
1365 2275 1404 2305 et
1422 2267 1602 2306 Codino’
1590 2281 1658 2305 m-

198 2330 346 2360 nuente
369 2324 518 2361 soleam
538 2325 642 2361 inter
664 2324 875 2360 ambonem
897 2330 935 2361 et
953 2324 1070 2361 bema
1093 2326 1304 2372 exstitisse,
1336 2323 1432 2362 dum
1451 2326 1505 2361 ait
1525 2326 1656 2375 impe-

199 2387 372 2417 ratorem
403 2393 455 2417 ex
488 2380 654 2417 ambone
686 2379 948 2428 descendere,
987 2393 1067 2417 non
1098 2394 1150 2418 ex
1181 2394 1227 2418 ea
1253 2387 1363 2432 parte
1385 2393 1489 2432 quae
1509 2379 1658 2431 ὦραίας

198 2433 352 2485 πύλας,
393 2435 464 2474 sed
490 2449 543 2473 ex
569 2437 691 2473 altera
715 2448 816 2488 quae
836 2432 938 2488 πρός
956 2433 1027 2476 τὸν
1046 2436 1186 2477 σολέαν
1209 2443 1247 2474 et
1265 2434 1308 2478 τὸ
1327 2433 1443 2489 ἅγιον
1463 2438 1574 2488 βῆμα
1594 2450 1659 2474 re-

202 2494 351 2543 spicit.'
389 2492 496 2530 unde
519 2491 681 2530 evidens
700 2500 758 2530 est
777 2493 927 2530 soleam
945 2495 1065 2531 sacris
1084 2495 1270 2530 cancellis
1290 2494 1518 2544 proximam
1535 2493 1659 2531 fuisse

203 2556 323 2600 atque
344 2549 421 2599 ipsi
444 2550 615 2598 bemati,
657 2562 746 2589 cum
775 2555 814 2585 et
842 2549 949 2586 solea
977 2556 1015 2586 et
1044 2551 1210 2586 cancelli
1235 2549 1352 2586 bema
1381 2550 1513 2599 ipsum
1542 2561 1564 2585 a
1582 2562 1659 2587 nao

204 2604 442 2643 dividerent.
498 2605 542 2643 id
566 2607 672 2643 enim
693 2604 849 2642 videtur
874 2605 1044 2642 scribere
1065 2604 1300 2643 Theodorus
1330 2604 1510 2642 Studita:
1556 2604 1600 2645 οἵ
1617 2620 1660 2646 τε

203 2665 314 2703 θεῖοι
335 2663 466 2709 κίονες
487 2661 556 2702 καὶ
584 2662 627 2702 οἱ
658 2658 784 2702 σόλιοι
811 2658 1072 2711 καλούμενοι,
1111 2659 1138 2701 ἃ
1169 2657 1212 2701 τὸ
1234 2656 1466 2713 σεβάσμιον
1475 2661 1659 2712 διατειχί-

207 2720 318 2766 ζουσι
340 2718 643 2771 θυσιαστηρίου.
701 2719 756 2755 ita
786 2719 904 2754 etiam
923 2716 1168 2769 Nicephorus
1192 2715 1414 2768 patriarcha
1437 2718 1499 2755 CP
1521 2719 1660 2754 Antir-

208 2773 357 2812 rhetico
381 2778 407 2816 2
427 2788 460 2812 c.
481 2773 557 2823 45,
594 2775 664 2811 ubi
684 2775 834 2812 soleam
857 2787 948 2811 cum
966 2774 1151 2811 cancellis
1172 2774 1323 2824 iungit:
1353 2773 1392 2813 τί
1414 2788 1490 2813 ουν
1511 2768 1662 2814 εἴποιεν

208 2830 300 2886 περι
324 2833 408 2872 ταῖν
432 2829 476 2873 ἐν
500 2834 592 2880 ταῖς
605 2830 729 2885 ἱεραῖς
747 2831 914 2884 κιγκλίσι
933 2829 1000 2871 καὶ
1019 2834 1105 2879 ταῖς
1122 2829 1384 2883 καλουμέναις
1403 2829 1561 2881 σωλίαις
1583 2825 1661 2882 πρό
