1890 3224
258 196 323 242 60
739 195 974 240 GEORGII
1007 195 1223 239 PISIDAE

476 310 613 360 ὅπλοις
632 313 857 365 λογισμῶν,
893 314 1098 359 τακτικαῖς
1123 307 1369 366 ἀγρυπνίαις,

360 381 443 421 320
476 380 647 434 καίτοιγε
668 381 798 421 ταῦτα
820 377 878 431 μὴ
900 381 1110 427 πονοῦντες
1134 377 1175 427 ἐξ
1201 375 1336 428 ἔθους,

477 445 573 503 ὅπερ
593 444 771 500 μάλιστα
788 445 884 495 τοὺς
900 443 1046 495 πόνους
1068 451 1176 487 ποιεῖ
1191 442 1338 494 πόνους

477 513 578 570 παρ’
602 511 662 564 οἷς
684 514 730 556 τὸ
748 518 919 569 μοχθεῖν
943 515 998 563 εἷς
1017 511 1152 568 μάχην
1173 512 1221 554 οὗ
1244 513 1418 568 γίνεται)
1457 539 1505 546 -

479 580 589 635 ὅμως
613 581 744 632 ἔδοξεν
770 580 871 625 ὥστε
893 581 994 638 πρὸς
1018 581 1112 630 τοὺς
1135 578 1372 637 βαρβάρους

479 648 631 706 ἄνδρας
652 654 847 705 σταλῆναι
868 649 1018 699 παντὸς
1041 648 1156 706 ἔργου
1181 650 1248 690 καὶ
1272 646 1390 703 λόγου

361 716 442 758 325
477 717 629 772 πολλὴν
649 716 947 770 ἀποστάζοντας
973 717 1254 773 εὐαρμοστίαν,

475 789 846 843 προσαγγελοῦντας
869 785 970 829 ὥστε
992 789 1112 828 λῦσαι
1134 784 1206 839 τὴν
1226 781 1360 838 μάχην

474 854 599 911 πέρας
620 871 661 896 τε
680 858 822 897 κοινῶν
840 857 1081 908 συντεθῆναι
1104 854 1343 909 φροντίδων.

535 908 703 964 Τούτων
726 923 826 979 παρ’
850 920 946 976 ῆμῖν
965 923 1161 970 τακτικῶς
1180 918 1432 973 κινουμένων,
1495 974 1499 981 ὁ

474 989 520 1031 τὸ
540 990 744 1046 Περσικὸν
766 987 962 1047 φρύαγμα
981 988 1055 1032 σὺν
1074 986 1181 1045 δόλῳ
1204 985 1324 1029 πάλιν

363 1059 446 1099 330
479 1056 686 1100 στέλλουσι
710 1058 882 1107 κλεπτὰς
904 1061 978 1111 τῆς
998 1054 1215 1109 θαλάσσης
1238 1054 1439 1110 ἀγγέλους,

476 1123 721 1175 σπεύδοντας
743 1123 876 1181 ὥσπερ
895 1124 1138 1178 ἠκονημένον
1156 1124 1272 1178 ξίφος

473 1191 616 1247 θήγειν
642 1193 744 1234 καθ’
771 1190 886 1246 ῆμῶν
906 1191 952 1233 τὸ
977 1192 1094 1247 ’ξίφος
1114 1189 1161 1231 τὸ
1184 1187 1408 1245 βάρβαρον.

475 1260 557 1301 ἐπεὶ
579 1260 622 1301 δὲ
642 1257 938 1316 συνδραμόντες
958 1259 1000 1308 ἐξ
1024 1258 1192 1311 ἀδηλιάς

476 1327 629 1369 ἐκεῖθεν
652 1327 767 1370 ἔνθεν
792 1326 830 1368 οἳ
853 1325 1060 1375 σταλέντες
1085 1324 1243 1380 ἄγγελοι

363 1395 444 1436 335
480 1397 535 1445 εἷς
554 1392 597 1436 (ἐν
617 1395 740 1452 μέρος
759 1398 964 1448 συνῆλθον
985 1395 1028 1435 ἔκ
1044 1390 1178 1435 τόπων
1201 1389 1288 1442 δύο,

476 1461 497 1504 ὃ
517 1461 730 1520 βάρβαρος
751 1463 847 1517 μέν,
883 1460 938 1512 ὡς
956 1460 1060 1516 ὃμοῦ
1081 1459 1311 1515 δεδεγμένος
1367 1480 1373 1490 1

475 1531 661 1588 πρέσβεις
678 1529 895 1579 τοσούτους
913 1532 981 1572 καὶ
999 1529 1101 1585 πρὸς
1122 1527 1240 1582 ὄγκον
1259 1525 1444 1582 ᾗρμένος,

479 1602 659 1652 συνῆψεν
681 1597 828 1655 ἄμφω·
862 1601 981 1639 τοῦτο
1008 1596 1052 1638 δὲ
1079 1593 1197 1649 δόξης
1214 1591 1350 1651 χάριν,

479 1665 525 1707 τὸ
550 1666 591 1707 δ’
617 1660 711 1721 αὗγε
733 1669 917 1708 πλεῖστον
935 1665 1120 1721 ἐκφοβεῖν
1139 1661 1248 1717 ἡμᾶς
1267 1662 1414 1704 θέλων.

365 1731 449 1774 340
482 1731 503 1774 ὅ
525 1733 729 1789 Περσικὸς
747 1733 825 1789 γὰρ
849 1734 1063 1786 ἐξανῆπτεν
1090 1731 1244 1784 οῗκέτης

478 1800 548 1842 τὸν
567 1799 729 1854 θυμόν,
758 1799 814 1850 ὡς
835 1804 915 1856 πῦρ
937 1801 981 1841 ἐκ
1001 1797 1148 1856 πυρός,
1173 1801 1248 1840 τοῦ
1269 1793 1498 1853 βαρβάρου,

480 1870 547 1910 καὶ
564 1870 721 1923 χιλίους
740 1868 814 1922 μὲν
835 1866 1075 1922 συμμάχους
1094 1865 1300 1920 ὑπέσχετο,

479 1934 588 1989 ῆμᾶς
612 1938 656 1979 δὲ
677 1939 819 1987 δεινοῖς
835 1934 1069 1993 ἓξεφαύλισε
1093 1933 1238 1990 λόγοις,

483 2003 725 2062 συνέστρεφέ
742 2022 785 2047 τε
809 2004 1023 2058 συλλαβῶν
1046 2007 1105 2061 τῷ
1125 1999 1326 2058 βαρβάρῳ

357 2116 427 2153 344
449 2118 653 2167 συνέςρεψε
676 2121 812 2156 codices
835 2123 872 2155 et
895 2120 936 2154 ed

267 2216 347 2296 Εἰσί
372 2218 462 2253 bello
490 2221 590 2255 armis
617 2221 829 2255 consiliorum
852 2223 888 2254 et
909 2218 1108 2253 militaribus
1129 2218 1269 2262 vigiliis3
1299 2217 1404 2261 (320)
1425 2226 1487 2250 nec
1502 2217 1613 2248 tamen
1627 2214 1728 2249 fracti

305 2263 393 2296 boris
421 2266 618 2300 assiduitate
641 2276 729 2311 quae
753 2266 896 2300 maxime
910 2265 994 2299 facit
1010 2267 1048 2297 ut
1063 2264 1198 2298 labores
1213 2263 1280 2297 sint
1294 2263 1335 2296 iis
1349 2261 1505 2303 labores,
1529 2260 1650 2305 quibus
1665 2261 1728 2294 ob-

268 2308 451 2343 durescere
465 2311 499 2345 in
514 2311 603 2345 bello
619 2322 685 2345 non
702 2311 853 2355 obtigit)
879 2321 988 2355 aeque
1007 2309 1116 2343 visum
1131 2313 1184 2343 est
1200 2308 1352 2342 omnibus
1366 2311 1406 2341 ut
1419 2306 1463 2342 ad
1478 2307 1643 2341 barbaros
1664 2305 1729 2339 viri

269 2354 483 2389 mitterentur
507 2359 721 2401 praestantes
745 2368 868 2402 opere,
893 2361 928 2390 et
952 2366 1130 2397 sermone,
1157 2354 1261 2398 (325)
1285 2353 1342 2398 qui
1363 2353 1501 2387 multam
1515 2350 1732 2386 effundentes

270 2410 331 2433 ore
355 2400 558 2435 suavitatem
586 2402 737 2436 nuntium
765 2402 931 2435 afferrent
957 2401 999 2434 de
1023 2400 1110 2434 bello
1139 2399 1356 2434 dissolvendo
1381 2402 1416 2446 et
1439 2398 1507 2431 fine
1526 2396 1729 2442 imponendo

271 2445 498 2480 communibus
524 2447 626 2482 curis.
670 2448 723 2481 his
737 2446 803 2481 rite
818 2447 908 2492 apud
923 2457 985 2481 nos
1001 2446 1196 2480 deliberatis
1211 2446 1338 2479 Persae
1353 2444 1484 2478 feroces
1498 2442 1731 2476 fraudulenter

273 2494 392 2524 contra
415 2492 517 2536 (330)
541 2493 677 2527 mittunt
692 2492 838 2526 furtivos
855 2504 916 2538 per
932 2503 1022 2526 mare
1037 2492 1173 2525 nuntios
1187 2491 1222 2524 in
1235 2490 1271 2524 id
1285 2490 1434 2523 intentos
1449 2492 1488 2522 ut
1507 2492 1642 2522 acutum
1656 2487 1730 2521 fer-

271 2545 345 2569 rum
359 2535 395 2569 in
411 2548 472 2571 nos
488 2542 648 2572 acuerent
658 2563 668 2581 ,
692 2539 818 2573 ferrum
834 2538 1057 2572 barbaricum.
1105 2537 1171 2570 iam
1186 2547 1267 2571 vero
1283 2537 1523 2569 concurrentes
1539 2545 1582 2567 ex
1596 2532 1730 2567 occulto

272 2580 352 2614 hinc
367 2584 402 2615 et
413 2581 492 2617 inde
507 2584 599 2618 missi
612 2583 721 2617 nuntii
743 2583 845 2627 (335)
868 2583 902 2617 in
926 2595 1023 2616 uuam
1038 2586 1170 2628 partem
1186 2582 1416 2615 convenerunt
1431 2591 1474 2613 ex
1487 2579 1570 2613 locis
1585 2578 1730 2612 duobus.

274 2626 440 2662 barbarus
463 2629 598 2673 quidem
610 2655 620 2672 ‚
645 2641 685 2664 eo
706 2629 798 2674 quod
812 2629 907 2663 simul
923 2628 1112 2673 excepisset
1127 2628 1212 2661 tales
1225 2627 1380 2670 legatos,
1402 2626 1439 2659 in
1454 2624 1643 2670 superbiam
1657 2623 1730 2658 ela-

271 2674 327 2706 tus
351 2673 525 2708 coniunxit
550 2679 712 2729 utrosque
736 2674 970 2709 ostentationis
994 2685 1118 2716 causa,
1149 2676 1221 2707 tum
1241 2671 1320 2717 quia
1342 2681 1405 2705 nos
1427 2671 1534 2715 magis
1557 2673 1731 2704 exterrere

271 2717 388 2753 vellet.
437 2719 541 2764 (340)
573 2721 732 2755 Persicus
759 2720 845 2754 enim
868 2719 1016 2754 incendit
1043 2729 1163 2754 servus
1184 2717 1347 2759 animum,
1385 2716 1479 2751 velut
1500 2715 1586 2760 ignis
1606 2715 1732 2759 ignem,

270 2762 427 2807 barbari,
451 2764 615 2810 siquidem
636 2766 726 2800 mille
750 2765 967 2800 auxiliatores
983 2765 1116 2800 obtulit.
1163 2774 1226 2798 nos
1241 2774 1323 2798 vero
1339 2760 1517 2796 horrendis
1531 2759 1733 2804 contempsit

272 2807 370 2844 dictis
382 2835 392 2853 ,
414 2809 516 2855 inque
541 2823 603 2846 nos
629 2811 796 2848 contorsit
822 2811 964 2856 syllabis
983 2809 1167 2846 barbaricis
1191 2808 1290 2854 (345)
1310 2819 1416 2843 voces
1431 2809 1579 2843 armatas
1593 2809 1630 2842 et
1643 2815 1732 2851 pun-
