1890 3224
303 180 371 227 58
661 178 1017 226 NICEPHORUS
1049 181 1394 228 GPOLITANUS

302 292 588 350 ἐπιλαβόμενος
608 293 949 352 διαπορθμεῦεται
965 294 1067 353 πρὸς
1082 295 1134 338 τὰ
1156 296 1357 356 Θρᾳκῷα,
1388 294 1618 340 καὶτούτων
1633 294 1755 355 ἐκρά-

300 381 430 418 τησεν.
499 365 561 404 ἐπὶ
591 364 788 422 προδοσίᾳ
811 364 858 406 δέ
874 381 986 414 τινας
1007 362 1326 423 ὖποφθείραντες
1352 366 1419 407 διὰ
1437 370 1510 420 τῆς
1531 364 1658 421 πύλης
1681 372 1754 421 τῆς

299 430 546 485 καλουμένης
575 434 816 488 Βλαχερνῶν
844 432 918 487 τὴν
937 431 1054 474 πόλιν
1074 431 1179 475 εἷλον
1187 464 1201 486 ,
1235 435 1302 476 καὶ
1322 433 1466 484 νυκτὸς
1482 434 1751 489 ἐπιγενομένης

298 503 353 548 εἷς
371 499 466 549 τοὺς
487 499 620 550 οἴκους
645 504 726 542 τῶν
743 504 916 543 πολιτῶν
934 500 1214 556 εἶσδραμόντες
1231 503 1419 558 μεγίστην
1439 502 1576 553 αὐτοῖς
1591 501 1752 557 βλάβην

175 576 204 609 Ρ
230 575 276 610 34
298 567 549 624 εἰργάσαντο.
617 567 711 618 τοὺς
743 569 787 610 δὲ
815 569 856 610 ἐν
885 569 989 626 αὐτῇ
1016 568 1214 627 ἄρχοντας
1241 570 1327 625 ἅμα
1349 572 1391 612 Γ
1387 574 1544 628 ερμανῷ
1563 573 1620 626 τῷ
1639 577 1783 624 ‘anve-5

297 639 428 678 καῦτα
460 633 624 692 ἱεράρχῃ
656 641 730 691 τῆς
761 634 914 688 πόλεως
946 638 1177 681 ἀποστέλλει
1207 637 1263 689 ῶς
1287 639 1338 681 τὰ
1361 637 1618 695 πεπραγμένα
1641 638 1751 695 αὐτῷ

290 702 592 758 -πιστωσόμενος
614 705 877 763 Ἀναστασίῳ.
944 703 967 747 ὃ
994 707 1040 748 δὲ
1071 704 1239 757 τούτους
1266 706 1352 762 ἤδη.
1373 705 1493 762 λόγον
1520 705 1666 763 ᾔτησεν
1695 704 1753 756 ὥς

295 771 395 826 μήτε
415 789 454 814 τι
471 772 594 814 κακὸν
612 771 730 830 πάθῃ
738 804 753 825 ,
788 775 857 815 καὶ
874 773 920 816 τὸ
936 776 1154 828 μοναχικὸν
1166 773 1478 833 περιβαλόμενος
1495 778 1631 828 σχῆμα
1649 773 1753 830 πρὸς

299 839 517 883 Θεοδόσιον
541 839 664 898 ᾤχετο
677 855 688 866 ·
722 840 744 883 ὅ
768 842 812 884 δὲ
832 843 966 900 ἕτερον
979 844 1107 898 μηδὲν
1127 842 1298 899 βλάψας
1316 843 1420 886 κατὰ
1440 842 1513 898 τὴν
1540 842 1750 885 Θεσσαλοη

293 909 405 963 νίκην
428 907 629 965 ἐξόριστον
650 908 842 965 ἔπεμψεν.

422 977 530 1020 Ἐπεὶ
552 973 623 1020 οὖν
645 981 790 1022 πυκναὶ
811 981 893 1022 τῶν
910 977 1110 1033 βασιλέων
1130 975 1418 1028 ἐπαναστάσεις
1438 976 1614 1033 ἐγένοντο
1634 978 1702 1019 καὶ
1720 974 1748 1032 ἧ

291 1047 478 1101 τυραννὶς
498 1044 666 1103 ἐκράτει,
696 1045 747 1089 τά
767 1064 811 1089 τε
828 1051 901 1101 τῆς
915 1049 1125 1100 βασιλείας
1143 1048 1211 1088 καὶ
1230 1051 1302 1101 τῆς
1321 1044 1477 1096 πόλεως
1491 1049 1748 1100 κατημελεΐτο

291 1115 360 1155 καὶ
384 1114 558 1156 διὲπιπτε
581 1112 821 1170 πράγματα,
856 1114 913 1157 ἴτι
934 1115 1017 1168 μὴν
1040 1117 1107 1157 καὶ
1127 1112 1152 1168 ἦ
1171 1119 1252 1156 τῶν
1270 1112 1399 1169 λόγων
1419 1113 1629 1170 ἠφανίζετο
1650 1114 1749 1155 παῖ-ε

292 1182 426 1231 δευσις
449 1183 517 1223 καὶ
544 1181 594 1223 τὰ
618 1183 785 1224 τακτικὰ
808 1179 996 1223 διελύετο.
1065 1183 1107 1232 ε”ξ
1125 1176 1180 1223 ὧν
1198 1182 1405 1235 συνέβαινε
1423 1174 1490 1222 καὶ
1509 1181 1606 1230 τοὺς
1626 1184 1746 1223 πολε-

240 1253 270 1287 Β
289 1249 407 1302 μίους
431 1253 503 1303 τῆς
530 1253 610 1291 τῶν
629 1247 837 1303 Ῥωμαίων
869 1249 1126 1306 κατατρέχειν
1155 1249 1284 1299 ἀδεῶς
1308 1250 1532 1301 πολιτείας,
1566 1246 1683 1306 φόνοι
1701 1265 1742 1291 τε
1755 1257 1799 1294 1⁵

287 1318 428 1358 πολλοὶ
448 1318 514 1359 καὶ
530 1317 741 1372 ἀπαγωγαὶ
761 1318 828 1359 καὶ
847 1315 1000 1359 πόλεων
1017 1315 1196 1367 ἁλώσεις.
1264 1318 1447 1360 ἐντεῦθεν
1463 1319 1530 1359 καὶ
1548 1317 1586 1359 οἱ
1603 1319 1745 1372 Σαρα-

285 1386 397 1439 κηνοὶ
417 1383 571 1442 ὁρμῶσι
593 1385 687 1427 κατ’
710 1385 835 1440 αὐτῆς
850 1389 922 1440 τῆς
938 1384 1244 1440 βασιλευούσης,
1270 1385 1340 1427 διὰ
1354 1390 1426 1439 τῆς
1443 1385 1606 1441 ἠπείρου
1627 1385 1749 1427 ‹rr-{2⁴

285 1457 421 1503 λοντες
451 1455 493 1495 ἔκ
524 1451 732 1510 διαφόρων
759 1456 890 1496 ἐθνῶν
918 1458 1000 1496 τῶν
1026 1451 1105 1496 ὑπὸ
1128 1460 1249 1510 χεΐρα
1281 1452 1421 1495 ἱππικά
1449 1470 1491 1495 τε
1518 1454 1584 1495 καὶ
1605 1452 1743 1504 πεζικὰ

285 1521 568 1577 στρατεύματα
589 1521 772 1578 ἀριθμοῦ
791 1522 1008 1579 κρείττονα.
1043 1520 1237 1571 ὡσαύτως
1253 1523 1321 1564 καὶ
1338 1520 1482 1564 στόλον
1496 1521 1623 1563 πολὺν
1642 1521 1742 1563 ἀπέ-

284 1593 442 1631 στειλαν
462 1588 555 1646 ἄχρι
576 1591 643 1630 καὶ
664 1592 719 1639 εἰς
733 1591 868 1643 χιλίας
887 1589 1124 1639 ὀκτακοσίας
1140 1594 1250 1640 ναῦς,
1285 1581 1461 1644 ἧγεμόνα
1479 1587 1633 1631 τούτων
1651 1588 1797 1631 τινὰΞθ

282 1655 603 1710 καταστήσαντες
619 1659 883 1710 Μουσαλμᾶν
898 1660 951 1712 τῇ
969 1661 1084 1713 σφῶν
1101 1657 1295 1714 διαλέκτῳ
1313 1655 1572 1710 καλούμενον.
1612 1660 1742 1699 ταῦτα

280 1723 485 1778 μαθόντες
502 1725 540 1766 οἳ
561 1727 839 1781 στρατιωτικοὶ
856 1725 924 1766 καὶ
943 1726 1139 1767 πολιτικοὶ
1159 1724 1349 1782 ἄρχοντες
1366 1726 1434 1767 καὶ
1450 1723 1524 1779 τὴν
1541 1728 1613 1767 τοῦ
1635 1723 1742 1768 Θεο-

1759 917 1805 953 10

377 1832 401 1868 7
423 1822 695 1875 πιστωσάμενος
713 1831 761 1866 P:
786 1843 866 1866 corr
881 1830 1063 1867 Petavius.
1199 1832 1244 1867 11
1266 1829 1405 1866 πυκναὶ
1423 1828 1519 1866 κατὰ
1540 1830 1646 1867 τῶνῒ

284 1922 429 1957 dosiana
457 1934 542 1956 vero
575 1920 695 1956 classis
724 1921 869 1957 liberam
897 1934 940 1958 ea
961 1934 1001 1958 re
1025 1922 1224 1958 facultatem
1245 1926 1348 1958 nacta
1369 1921 1406 1956 in
1431 1922 1619 1957 Thraciam
1637 1922 1739 1957 navi-

283 1968 379 2013 gans*
404 1980 478 2002 eam
509 1968 724 2013 provinciam
756 1968 918 2003 obtinuit.
965 1974 1046 2014 post
1066 1969 1153 2004 haec
1175 1969 1387 2014 quorundam
1408 1968 1628 2014 proditione,
1651 1980 1740 2013 quos

281 2014 399 2060 pretio
423 2018 667 2060 corruperant,
689 2025 754 2060 per
775 2020 909 2060 portam
932 2026 1022 2060 quae
1043 2014 1311 2049 Blachernarum
1333 2014 1462 2049 dicitur
1482 2014 1519 2048 in
1541 2015 1660 2048 urbem
1681 2014 1738 2048 in·

283 2060 396 2104 gressi
422 2065 514 2093 sunt.
561 2065 639 2096 tum.
654 2060 816 2106 sequenti
839 2064 944 2094 nocte
962 2071 1028 2106 per
1050 2060 1177 2095 civium
1199 2061 1317 2095 domos
1342 2059 1492 2105 grassati
1512 2071 1668 2103 magnam
1693 2059 1739 2093 iis

281 2105 481 2140 vastitatem
510 2105 679 2139 inferunt.
727 2105 948 2140 Theodosius
973 2118 1078 2152 porro
1101 2108 1252 2141 urbanos
1272 2117 1392 2140 omnes
1413 2105 1636 2149 magistratus
1660 2116 1738 2139 cun

282 2153 458 2186 Germano
490 2150 688 2196 patriarcha
710 2152 755 2186 ab
778 2153 866 2186 urbe
892 2151 1054 2195 dimittit,
1088 2157 1128 2187 ut
1160 2162 1249 2196 quae
1276 2157 1375 2195 gesta
1397 2156 1498 2184 erant
1519 2151 1563 2185 ad
1585 2150 1735 2185 Anasta·

281 2197 371 2232 sium
398 2198 608 2242 perferrent.
655 2196 686 2230 is
715 2203 860 2242 accepta
882 2198 952 2232 fide
982 2197 1069 2231 nihil
1091 2210 1131 2232 se
1153 2197 1234 2231 mali
1261 2207 1459 2240 passurum,
1491 2196 1737 2230 monachorum

280 2243 404 2277 habitu
429 2241 577 2277 vestitus
601 2242 646 2275 ad
667 2241 904 2277 Theodosium
926 2254 966 2277 se
988 2243 1152 2287 contulit,
1183 2254 1206 2276 a
1228 2253 1298 2287 quo
1321 2242 1412 2276 nullo
1437 2241 1505 2276 alio
1532 2241 1623 2276 malo
1645 2243 1734 2277 affe-

280 2293 357 2324 ctus
380 2287 661 2322 Thessalonicam
682 2287 883 2332 deportatus
901 2293 970 2322 est.

370 2334 460 2368 Dum
483 2332 643 2367 assiduae
665 2332 755 2366 hunc
777 2332 814 2366 in
836 2334 972 2367 modum
989 2336 1108 2367 contra
1125 2333 1354 2379 imperatores
1377 2332 1634 2367 coniurationes
1657 2331 1734 2367 exi-

280 2383 393 2424 stunt,
420 2380 568 2424 dumque
587 2378 826 2412 invalescente
844 2378 1031 2422 tyrannide
1054 2379 1192 2424 imperii
1216 2384 1329 2413 status
1354 2390 1395 2413 ac
1412 2378 1465 2413 rei
1482 2378 1642 2423 publicae
1668 2390 1732 2412 ne-

279 2425 423 2469 gligitur
451 2437 492 2459 ac
512 2423 675 2470 paulatim
696 2424 733 2457 in
757 2424 911 2459 deterius
933 2424 1126 2470 prolabitur
1140 2451 1150 2468 ‚
1181 2436 1250 2459 una
1273 2431 1309 2459 et
1331 2424 1506 2458 literarum
1529 2423 1645 2457 studia
1673 2435 1730 2458 re-

279 2471 411 2515 stingui
434 2475 539 2516 atque
561 2469 771 2504 intercidere
794 2476 1003 2516 coeperunt,
1036 2482 1102 2504 nec
1122 2470 1234 2505 minus
1256 2470 1440 2515 disciplina
1464 2468 1623 2503 militaris
1645 2480 1732 2514 pes-

275 2517 441 2551 sumdari.
487 2516 539 2550 ita
567 2517 695 2550 factum
726 2520 765 2550 ut
787 2515 977 2550 Romanum
999 2515 1179 2561 imperium
1204 2516 1308 2550 bellis
1328 2516 1467 2561 impune
1487 2514 1731 2559 lacesseretur,

277 2574 319 2597 ac
339 2563 463 2596 caedes
486 2562 614 2607 passim
635 2560 829 2607 promiscue
852 2562 1134 2596 et·abductiones
1157 2562 1328 2596 hominum
1353 2568 1389 2595 et
1413 2560 1549 2595 urbium
1572 2560 1731 2594 eversio-

130 2622 165 2643 a.
184 2609 255 2644 716
278 2619 340 2643 nes
358 2608 495 2641 fierent.
543 2607 692 2642 accessit
711 2608 756 2641 ad
779 2608 899 2642 horum
922 2607 1084 2642 malorum
1106 2607 1273 2642 cumulum
1295 2608 1547 2641 Saracenorum
1569 2605 1730 2651 irruptio,

278 2653 341 2699 qui
360 2658 481 2688 contra
501 2653 632 2697 regiam
654 2655 773 2689 urbem
790 2653 951 2688 terrestri
974 2654 1198 2699 expeditione
1219 2654 1314 2688 facta
1335 2652 1489 2686 infinitas
1513 2652 1666 2696 equitum
1687 2662 1729 2686 ac

278 2698 433 2746 peditum
466 2699 582 2744 copias
615 2711 658 2733 ex
687 2699 853 2734 subiectis
877 2699 946 2734 sibi
967 2700 1129 2745 gentibus
1158 2699 1381 2743 collegerant.
1429 2698 1618 2742 eodemque
1638 2702 1726 2731 tem·

277 2757 366 2791 pore
397 2745 540 2780 classem
570 2744 747 2790 ingentem
775 2744 867 2780 mille
902 2746 1177 2791 octingentarum
1206 2744 1344 2779 navium
1374 2744 1516 2779 circiter
1548 2743 1726 2786 miserant,

278 2792 368 2826 duce
399 2791 630 2827 Musalmano:
662 2791 712 2826 ita
742 2791 831 2827 enim
857 2791 980 2837 gentili
1002 2803 1079 2827 eum
1101 2791 1221 2836 lingua
1241 2792 1426 2825 vocabant.
1473 2788 1599 2834 quibus
1620 2789 1726 2823 rebus
1773 2810 1776 2814 -

278 2837 448 2883 cognitis,
477 2841 547 2873 tam
568 2836 711 2874 militiae
733 2837 901 2885 praefecti
927 2849 1028 2884 quam
1048 2837 1170 2874 civiles
1193 2836 1433 2883 magistratus,
1458 2846 1535 2871 cum
1558 2834 1725 2870 Theodo-
