1890 3224
374 196 451 239 DE
482 194 869 238 EXPEDITIONE
902 192 1131 236 PERSIGA
1163 192 1285 235 AGR.
1316 191 1393 236 ΠΙ.
1550 191 1612 236 33

261 311 341 353 115
374 309 521 365 ἥδιστα
537 311 715 363 μᾶλλον,
745 305 802 358 ὥς
816 306 974 362 βλέπω,
1005 310 1080 350 τοῦ
1099 306 1340 361 στέμματος.

377 380 444 422 καὶ
467 379 560 435 πρὶν
582 377 639 419 δι’
670 374 780 431 ἡμᾶς
798 376 894 426 τοὺς
915 374 1064 433 φόνους
1088 377 1342 430 κατασβέσεις

375 445 496 488 πάλιν
515 445 569 488 δι’
593 443 703 499 ἡμᾶς
723 443 825 501 πρὸς
849 442 1000 501 φόνους
1025 442 1240 496 ὃπλίζεται.

376 517 444 558 καὶ
464 518 535 556 νῦν
555 514 852 568 μελαμπέδιλον
874 513 1054 555 ἐκτείνων
1074 510 1181 554 πόδα

377 589 463 633 τοῖς
487 582 546 637 μὴ
573 582 785 639 τρέπουσίν
805 582 912 623 ἐστιν
934 580 1243 638 εὐπρεπέστερος

266 653 346 692 120
380 653 446 693 καὶ
466 658 551 701 τοῖς
570 657 770 707 πενιχροΐς
789 647 1024 706 τιμιώτερος
1042 650 1173 703 μένει·

377 718 516 774 βάψαι
533 719 612 775 γὰρ
631 717 753 761 αὐτὸν
772 721 824 774 τῇ
845 718 934 774 ξένῃ
955 722 1076 774 βαφῇ
1094 719 1205 760 θέλει
1217 749 1229 769 ,

380 791 507 829 ποιῶν
524 786 702 843 ἐρυθρὸν
718 789 933 843 Περσικῶν
955 788 997 836 ἔξ
1015 784 1212 839 αἱμάτων.

379 856 499 905 ποιάς
516 852 707 903 λιθώδεις
731 853 779 895 οὗ
800 851 995 906 μαλάττει
1019 855 1213 909 καρὸίαςς

379 924 499 973 ποιάς
519 921 720 976 ἀτόλμους
740 921 787 963 οὗ
811 919 1026 978 παροξύνει
1049 922 1199 978 φρένας

270 990 349 1033 125
383 993 514 1034 πείθει
536 1007 577 1033 τε
597 990 728 1050 ῥᾷστα
749 987 882 1032 πάντα
906 991 1088 1032 κίνδυνον
1114 991 1277 1046 φέρειν,-

380 1058 426 1110 ὃς
447 1058 538 1102 οὕτε
555 1057 712 1115 μητρὸς
731 1062 783 1114 τῇ
803 1056 1057 1115 φιλοστόργῳ
1079 1056 1198 1114 φύσει

382 1127 472 1170 οὔτ’
497 1121 550 1169 αὖ
570 1130 867 1176 τοσοῦτον.τοΐς
885 1126 1037 1175 τέκνοις
1054 1126 1306 1175 ἀνθέλκεται,

381 1195 477 1239 ὅσον
499 1195 601 1252 πρὸς
621 1193 729 1249 ἡμᾶς
749 1196 991 1251 ἐκπυροῦται
1013 1198 1064 1250 τῇ
1088 1193 1272 1248 σχέσει.”.

383 1269 514 1307 ταῦτα
531 1262 759 1320 προσειπὼν
781 1263 849 1305 καὶ
872 1260 1066 1312 στενάξας
1089 1262 1247 1319 ὀργίλον

274 1336 353 1375 130
388 1333 462 1375 σὺν
482 1336 540 1389 τῷ
559 1324 768 1388 στεναγμῷ
787 1330 883 1380 τοὺς
900 1329 1051 1387 φόνους
1068 1329 1282 1386 εἰργάζετο.

442 1398 641 1451 Τούτοις,
671 1397 879 1456 κράτιστε,
909 1400 975 1440 καὶ
1001 1396 1212 1453 συνήσθην
1234 1395 1396 1444 εἰκότως

385 1473 518 1518 καλῶς
539 1471 757 1525 φρονοῦσι,
792 1468 860 1509 καὶ
880 1465 1110 1522 συνήλγησα
1132 1467 1267 1518 πλέον,

383 1540 436 1593 τῇ
456 1535 669 1590 ταυτότητι
691 1537 908 1591 συγχυθεὶς
930 1539 1011 1577 τῶν
1031 1533 1240 1590 δακρύων·

385 1606 453 1646 καὶ
475 1604 549 1659 τὴν
567 1604 700 1661 χαρὰν
721 1604 800 1660 γὰρ
823 1601 1018 1652 πολλάκις
1034 1603 1149 1659 χαρὰ
1170 1603 1329 1660 τρέφει,

273 1674 351 1714 135
387 1675 454 1714 καὶ
479 1671 655 1729 δάκρυσί
672 1689 734 1722 τις
759 1673 938 1727 ἓξεγείρει
961 1669 1135 1727 δάκρυα.

436 1739 563 1795 ἹΙμῖν
580 1741 654 1794 μὲν
675 1739 803 1789 οὕτως
821 1734 871 1794 ἦν
890 1739 1026 1780 ἄλυπα
1046 1737 1217 1795 δάκρυα.

387 1809 493 1862 πλὴν
515 1808 562 1850 οὗ
584 1806 776 1864 προσήκει
798 1804 1059 1862 συγκαλύψαι
1078 1811 1137 1863 τῷ
1154 1803 1261 1861 λόγῳ

389 1876 436 1918 τὸ
456 1875 661 1933 Περσικὸν
679 1873 874 1929 κάλυμμα
895 1879 969 1928 τῆς
989 1874 1247 1929 πανουργίας.

390 1942 495 1987 οἶδεν
519 1945 597 2002 γὰρ
622 1941 815 1998 αὕτοὺςῆ
838 1941 1082 1992 διδάσκαλος
1101 1939 1232 1995 πλάνη

261 2144 328 2178 118
350 2097 506 2178 κῖῗινιέν
530 2141 595 2177 cod
735 2139 803 2177 134
823 2137 945 2185 χαρὰν
969 2137 1158 2182 Quercius:
1181 2135 1316 2171 codices
1336 2141 1411 2170 cum
1426 2131 1470 2165 ed
1485 2132 1605 2177 χάριν.

170 2276 310 2313 suavius
320 2302 331 2320 ‚
356 2279 396 2311 ut
421 2276 526 2311 video
538 2303 550 2320 ,
577 2276 779 2311 diademate.
826 2285 970 2321 cumque
984 2285 1046 2320 pro
1062 2273 1161 2307 nobis
1175 2282 1284 2317 nuper
1298 2269 1420 2306 caedes
1435 2269 1630 2312 extinxerit,

171 2334 260 2358 nunc
274 2334 337 2369 pro
353 2323 450 2357 nobis
464 2335 503 2356 se
518 2323 562 2356 ad
577 2322 700 2356 caedes
715 2326 871 2367 apparat.
918 2325 955 2354 et
975 2332 1064 2354 nunc
1084 2318 1194 2363 nigris
1207 2318 1358 2352 indutum
1373 2315 1496 2350 calceis
1512 2320 1634 2349 exten-

172 2369 257 2403 dens
282 2369 401 2414 pedem
423 2369 466 2402 ad
489 2369 603 2402 infima
627 2379 783 2413 quaeque
807 2367 848 2401 fit
863 2366 1070 2412 promptior,
1095 2365 1202 2408 (120)
1221 2368 1257 2397 et
1270 2375 1313 2397 ex
1330 2361 1509 2396 vilioribus
1525 2361 1639 2395 evadit

173 2415 359 2458 augustior.
383 2414 458 2448 vult
473 2415 558 2448 enhn
573 2414 682 2458 ipsum
698 2419 859 2446 extraneo
877 2413 991 2446 colore
1006 2412 1138 2455 tingere
1153 2416 1189 2444 et
1204 2410 1320 2444 facere
1335 2408 1474 2441 rubrum
1493 2419 1535 2441 ex
1550 2407 1640 2440 Per-

172 2459 254 2494 sicis
270 2460 458 2494 cruoribus.
506 2471 592 2505 quae
607 2459 742 2504 lapidea
759 2470 825 2492 non
842 2458 966 2491 emollit
982 2456 1151 2503 pectora?
1175 2466 1262 2500 quas
1275 2454 1403 2487 inertes
1418 2463 1485 2486 non
1503 2452 1640 2486 exacuit

173 2507 328 2540 mentes?
367 2506 473 2550 (125)
498 2505 590 2550 quod
606 2516 671 2538 non
689 2504 811 2538 suadet.
826 2503 927 2538 facile
942 2504 1037 2537 ferre
1051 2500 1263 2547 periculum?
1301 2499 1359 2544 qui
1375 2509 1486 2542 neque
1500 2509 1521 2531 a
1535 2504 1639 2531 natu-

173 2550 239 2590 rali
253 2550 287 2584 in
302 2555 442 2585 matrem
458 2551 588 2596 pietate
606 2561 718 2595 neque
731 2551 810 2583 item
826 2553 959 2582 tantum
973 2560 994 2582 a
1009 2548 1096 2582 natis
1113 2546 1294 2580 distinetur
1306 2569 1318 2587 ,
1349 2549 1508 2588 quantum
1526 2543 1560 2576 in
1576 2553 1640 2577 nos

171 2595 267 2641 ipsos
289 2596 519 2630 inflammatur
543 2595 713 2630 affectu.⁷'
736 2595 819 2629 talia
834 2594 960 2637 dicens,
977 2598 1013 2628 et
1027 2593 1201 2637 suspirans
1215 2590 1444 2631 vehementer,
1470 2589 1571 2633 (130)
1587 2589 1641 2621 in·-

176 2646 232 2674 ter
246 2642 390 2684 gemitus
407 2642 529 2675 caedes
546 2643 719 2688 patrabat.
768 2641 842 2685 ipse
857 2651 944 2684 ego,
967 2651 988 2673 o
1004 2637 1205 2679 fortissime,
1236 2636 1299 2669 hos
1322 2635 1414 2668 inter
1436 2635 1530 2668 viros
1546 2633 1639 2667 adfui

177 2689 245 2720 tam
260 2687 349 2720 bene
363 2687 568 2729 sentientes,
603 2691 639 2721 et
668 2687 766 2720 simul
790 2686 882 2719 dolui
903 2685 995 2719 inter
1019 2683 1234 2718 lacrimantes
1256 2681 1385 2714 effusus
1410 2678 1447 2713 in
1470 2679 1638 2720 lacrimas,

176 2731 335 2775 gaudium
350 2732 449 2773 enim,
466 2737 507 2766 ut
521 2733 669 2777 saepius,
693 2731 850 2775 gaudium
867 2731 986 2772 nutrit,
1012 2729 1116 2774 (135)
1133 2731 1170 2761 et
1184 2726 1213 2760 si
1229 2726 1304 2772 quis
1318 2724 1524 2768 lacrimatur,
1546 2723 1640 2758 exci-

176 2782 230 2810 tat
246 2777 411 2811 lacrimas.
443 2777 495 2811 ita
509 2777 642 2823 quidem
658 2777 755 2811 nobis
771 2780 868 2810 erant
882 2776 1039 2810 lacrimae
1053 2774 1126 2808 sine
1140 2772 1268 2806 dolore.
1291 2777 1330 2805 at
1345 2781 1412 2804 non
1429 2775 1482 2803 est
1496 2780 1639 2813 aequum

177 2822 387 2857 abscondere
400 2822 535 2857 silentio
553 2822 748 2857 calliditatis
763 2821 921 2857 Persicae
934 2819 1110 2856 fallaciam.
1155 2816 1252 2852 novit
1266 2817 1354 2853 enim
1367 2815 1518 2861 ipsorum
1533 2814 1640 2858 magi-
