1904 3262
341 526 738 590 CAROLI
794 529 925 588 DU
984 530 1371 590 FRESNE

170 640 713 706 .DOM1N1
804 641 959 716 DU
1056 641 1467 726 cssANGE

557 759 1151 806 PRAEFATIO.

124 959 257 1042 Cum*
284 984 425 1026 affecta
461 988 544 1026 iam
580 992 685 1026 esset
722 992 763 1026 et
800 984 853 1025 ad
872 966 1121 1043 'umbfflcffln
1150 983 1343 1039 perducta
1375 983 1589 1023 voluminis
1612 985 1641 1020 P
1664 983 1731 1021 497

118 1067 235 1106 istius
254 1062 299 1119 *)
324 1066 446 1106 editio
458 1096 470 1117 ,
498 1073 722 1121 opportune
738 1068 921 1120 pervenit
940 1068 985 1105 in
1001 1079 1145 1105 manus
1160 1079 1272 1104 meas
1290 1065 1430 1116 templi
1448 1065 1491 1103 S.
1510 1065 1589 1104 So-

119 1144 240 1199 phiae
270 1145 486 1200 ἔκφρασις,
514 1160 539 1184 a
564 1146 693 1186 Paulo
725 1146 954 1185 Silentiario
984 1146 1159 1184 carmine
1185 1143 1347 1184 heroico
1373 1150 1412 1182 et
1434 1144 1592 1196 perele-

119 1226 232 1278 ganti
261 1232 451 1277 exarata,
487 1238 615 1280 quam
638 1224 825 1280 quidem,
863 1227 958 1264 licet
985 1223 1038 1263 ad
1067 1223 1276 1263 historiam
1308 1224 1593 1262 Comnenicam

122 1306 256 1345 minus
288 1306 487 1358 pertinere
517 1306 591 1344 illa
616 1303 822 1355 videatur,
866 1304 1282 1344 commentatiunculis
1309 1304 1396 1342 istis
1420 1304 1594 1341 interse-

122 1397 210 1424 rere
231 1383 343 1423 haud
365 1385 543 1424 alienum
562 1386 717 1439 putavi.
773 1397 871 1422 nam
893 1390 1176 1438 praeterquam
1202 1381 1312 1436 quod
1338 1382 1596 1434 scriptoribus

123 1464 195 1518 qui
225 1477 288 1502 res
319 1465 562 1516 Byzantinus
590 1464 842 1503 illustrarunt
870 1464 1021 1502 Paulus
1052 1469 1306 1512 accensetur,
1349 1460 1597 1514 proindeque

123 1554 180 1582 ex
209 1555 350 1582 eorum
380 1543 508 1582 classe
535 1549 595 1582 est
625 1543 696 1596 qui
716 1543 863 1595 Regios
883 1549 1001 1596 typos
1023 1548 1279 1594 exspectant,
1313 1547 1400 1579 tum
1416 1541 1597 1578 maxime

124 1634 211 1678 rem
242 1621 458 1660 lectoribus
488 1619 708 1660 iucundam
739 1619 908 1673 perinde
939 1634 986 1659 ac
1015 1621 1157 1659 utilem
1186 1621 1385 1659 facturum
1410 1632 1476 1656 me
1506 1631 1596 1658 sum

119 1679 295 1740 *confisus
307 1729 319 1751 ,
348 1700 385 1740 si
404 1700 602 1738 eximium
621 1697 730 1738 istud
747 1703 916 1752 poema,
946 1699 1140 1752 Cpoleos,
1171 1700 1281 1738 cuius
1302 1697 1506 1751 Sophiana
1525 1712 1597 1736 ae-

125 1779 199 1819 des
231 1779 492 1832 praecipuum
525 1778 626 1816 olim
651 1778 730 1816 fuit
759 1785 899 1832 estque
924 1776 1047 1817 hodie
1078 1786 1379 1828 ornamentum,
1416 1777 1598 1817 Bondel-

125 1859 360 1897 montianae
394 1855 650 1908 descriptioni
674 1853 743 1908 **)
785 1854 1059 1907 adiungerem.
1125 1837 1230 1895 hanc
1258 1865 1392 1896 autem
1416 1858 1596 1895 celeber-

127 1937 220 1976 rimi
241 1935 385 1988 templi
413 1933 631 1988 ἕκφρασιν,
662 1940 823 1974 curante
849 1935 1069 1975 clarissimo
1096 1936 1182 1975 viro
1213 1938 1388 1976 Antonio
1407 1937 1456 1975 de
1481 1937 1596 1989 Kyon

125 2016 187 2057 D.
215 2013 488 2061 d’Herouval‚
514 2014 558 2052 in
585 2026 743 2053 camera
774 2022 1054 2068 computorum
1079 1992 1295 2053 Paxisiensi
1313 2015 1513 2066 auditore,
1543 2014 1597 2054 ad

127 2109 194 2134 me
214 2094 434 2135 transmisit
454 2106 509 2133 ex
527 2106 601 2132 sua
621 2091 900 2147 depromptam
923 2092 1167 2133 bibliotheca
1190 2100 1230 2133 et
1248 2096 1387 2146 magui
1406 2095 1595 2134 salmasii

125 2187 251 2214 manu
275 2187 330 2213 ex
351 2173 533 2213 Palatina
561 2185 665 2213 anno
693 2175 801 2216 1607
828 2173 1068 2227 descriptam
1092 2174 1155 2212 vir
1177 2174 1448 2226 amplissimus
1464 2173 1597 2212 Phili-

125 2253 263 2292 bertus
286 2253 336 2291 de
363 2252 408 2291 la
434 2253 574 2300 Mare,
610 2259 770 2292 senator
794 2254 1071 2303 Divionensis,
1101 2253 1152 2291 ob
1184 2253 1431 2305 singularem
1459 2252 1597 2291 erudi-

127 2334 280 2372 tionem
305 2330 471 2384 perInde
499 2345 547 2371 ao
572 2332 679 2371 vitae
706 2333 978 2385 integritatem
1003 2332 1236 2371 notissimus
1250 2360 1261 2382 ,
1291 2345 1338 2370 ac
1362 2334 1597 2385 praesertim

128 2411 298 2451 literatis
326 2410 534 2462 omnibus,
569 2411 715 2464 quibus
739 2425 942 2465 pronuper
967 2410 1149 2451 eiusdem
1171 2411 1359 2451 Salmasii
1382 2413 1598 2465 opusculo-

132 2502 222 2528 rum
247 2495 524 2544 postumorum
547 2488 734 2530 editionis
761 2503 877 2544 spem
902 2469 1059 2541 iniecit,
1097 2490 1168 2543 qui
1197 2487 1365 2528 huiusce
1400 2490 1596 2541 elegantis

132 2569 328 2622 poematis
345 2575 534 2624 excerpta
554 2570 707 2624 aliquot
724 2570 806 2610 iam
827 2576 944 2609 antea
965 2571 1009 2610 in
1028 2570 1222 2615 Plinianis
1245 2569 1597 2608 exercitationibus

224 2740 266 2785 *J
310 2752 380 2786 quo
407 2739 597 2775 Cinnamus
624 2739 822 2775 continetur
843 2751 920 2776 cum
941 2739 1116 2786 Ducangii
1138 2740 1176 2775 in
1199 2750 1277 2775 eum
1299 2742 1336 2774 et
1357 2738 1594 2784 Nicephorum

132 2796 348 2845 Bryennium
371 2797 575 2843 Annamque
597 2798 809 2833 Comnenam
830 2797 923 2832 notis
945 2797 1124 2832 historicis
1147 2801 1183 2833 et
1204 2795 1438 2845 philologieis.

224 2854 287 2901 ”J
332 2866 372 2891 v.
396 2853 619 2905 Nicephorus
639 2855 840 2905 Bryennius
862 2867 900 2902 p.
926 2854 1141 2893 177—182.
