1838 3210
515 172 852 218 DESCRIPTIO
886 170 1624 218 s.SOPH1AE.109

169 282 214 326 τὸ
247 281 291 326 δὲ
317 279 608 353 θυσιαστήριον
640 283 681 332 ἐξ
699 279 876 336 ἆργύρου
894 277 1192 336 λαμπροτάτου·
1225 277 1375 334 στήθεα
1391 280 1460 322 καὶ
1485 282 1624 331 κίονας

170 337 419 410 ευμεγέθεις,
463 336 625 410 α’ργυρᾶ
644 339 778 380 πάντα
807 340 1044 391 πεποίηκεν,
1082 337 1156 380 συν
1174 342 1257 386 τοῖς
1273 341 1451 380 πυλωσιν
1474 335 1622 387 αὐτῶν,

168 413 303 439 παντα
332 393 484 451 ἆργυρᾶ
508 395 767 451 χρυσέμβατα.
827 403 979 434 tantam
1003 402 1135 433 autem
1163 397 1317 447 argenti
1344 397 1427 433 vim
1456 397 1623 434 immisit

169 455 212 491 in
238 461 366 492 totum
395 455 510 492 bema
527 482 538 502 ,
580 460 625 491 ut
653 452 705 490 ad
731 453 924 490 librarum
950 425 1231 519 quadraginta?
1239 453 1352 490 milia
1380 453 1624 504 impendisse

168 510 298 548 tradat
314 512 548 562 Procopius:
577 508 601 551 ὅ
619 507 696 577 γοῖρ
714 510 788 550 τοῦ
808 509 921 562 ἱερου
939 506 987 549 τοὶ
1005 505 1173 561 μάλιστα
1192 511 1321 577 χῶρος
1340 504 1535 561 α’βὲβηλος
1553 509 1623 550 καὶ

166 563 292 618 μόνος
315 568 464 634 ἱερεῦσι
481 562 620 618 βατός,
656 563 779 618 όνπερ
795 568 988 607 καλοῦσιν
1008 562 1310 619 θυσιαστήριον,
1338 568 1480 620 λιτρῶν
1499 563 1623 620 ἅργύ-

166 637 240 675 ρου
260 619 460 676 μυριάδας
477 621 701 676 ἐπιφέρεται
718 622 912 674 τέτταρας.

279 680 346 721 50.
403 681 578 717 Bematis
600 692 691 730 pars
710 681 922 730 piaecipua
941 678 1018 716 fuit
1038 676 1210 717 concha:
1249 676 1320 717 sed
1343 676 1441 731 quid
1458 679 1620 729 potissi-

164 747 277 773 mum
296 737 415 773 fuerit
437 734 586 773 concha
599 765 610 784 ,
639 737 743 773 inter
761 735 933 773 eruditos
954 737 1115 773 omnino
1134 749 1215 774 non
1238 742 1402 773 constat.
1461 735 1621 772 Salma-

164 794 246 830 sius
267 791 318 829 ad
331 793 509 829 Plinium
526 792 676 829 multus
697 799 756 829 est
773 794 816 828 in
835 804 881 829 ea
899 791 1180 843 disquirenda3
1212 794 1282 844 qui
1302 793 1375 830 etsi
1397 792 1619 843 probabilia

165 847 324 897 dixerit,
355 861 440 885 rem
458 855 592 885 tamen
615 861 697 885 non
720 847 819 885 adeo
843 855 1023 885 accurate
1044 849 1237 899 explicuit
1258 855 1303 886 ut
1325 850 1532 900 perspicua
1552 850 1618 886 sit.

163 905 315 942 Goarus
334 906 376 941 in
393 903 640 955 Euchologio
666 903 858 942 concham
887 917 978 942 cum
1000 904 1146 942 ciborio
1170 917 1378 955 perperam
1400 904 1617 951 confundit,

162 974 254 998 cum
271 962 463 998 ciborium
481 963 524 998 in
544 959 692 998 concha
710 961 842 1008 fuerit,
872 974 952 998 non
969 962 1139 1011 ipsamet·
1158 960 1323 998 concha.
1380 974 1519 998 verum
1537 974 1618 998 non

162 1016 379 1055 admodum
406 1017 575 1055 ardumn
595 1019 667 1054 erit
686 1016 878 1054 concham
896 1019 1066 1068 reperire
1089 1018 1125 1054 ei
1144 1019 1213 1069 qui
1231 1018 1472 1069 templorum
1490 1018 1618 1054 Grae-

162 1076 385 1111 canicorum
404 1074 571 1125 figuram
589 1075 808 1125 inspexerit
826 1074 1098 1111 attentioribus
1120 1074 1258 1122 oculis,
1286 1087 1454 1126 quorum
1469 1072 1613 1111 ichno-

159 1129 345 1181 graphias
364 1131 514 1182 aliquot
529 1130 643 1168 nobis
665 1129 848 1167 exhibuit
864 1129 974 1167 idem
998 1130 1149 1167 Goarus
1169 1143 1209 1181 p.
1228 1131 1294 1178 13,
1324 1132 1392 1178 26,
1422 1132 1490 1172 27.
1550 1131 1613 1167 vi-

159 1186 252 1224 dere
273 1191 336 1224 est'
358 1189 465 1223 enim
482 1188 524 1223 in
543 1199 588 1224 ea
607 1194 718 1238 parte
731 1216 742 1236 ,
771 1189 814 1224 in
834 1199 912 1238 qua
932 1193 1007 1224 stat
1026 1187 1091 1223 vel
1108 1188 1292 1224 statuitur
1309 1188 1451 1234 altare,
1482 1200 1614 1224 reces-

158 1256 225 1281 sus
243 1245 395 1295 aliquot
412 1245 454 1280 in
474 1242 638 1281 modum
657 1242 957 1296 hemicylindri,
988 1256 1157 1294 superne
1170 1272 1181 1291 ,
1211 1250 1254 1280 ut
1271 1256 1344 1294 par
1362 1250 1421 1280 est
1441 1242 1614 1291 credere,

158 1301 197 1336 in
223 1299 395 1337 conchae
427 1301 600 1351 speciem
633 1301 768 1337 clausi.
828 1298 915 1336 dixi
943 1299 1095 1351 aliquot
1126 1312 1328 1336 recessus:
1374 1299 1624 1352 quandoque

157 1357 264 1392 enim
287 1358 426 1394 unicus
446 1358 706 1408 conspicitur,
743 1355 944 1394 interdum
968 1358 1114 1404 trinus,
1155 1363 1199 1393 ut
1218 1368 1316 1393 mox
1334 1356 1613 1394 indicabimus.

156 1418 216 1449 est
234 1413 356 1462 igitur
376 1411 525 1449 concha
543 1415 615 1452 τοῦ
631 1413 921 1465 θυσιαστηρίου
939 1424 1052 1463 pars3
1074 1410 1179 1449 unde
1200 1412 1396 1449 Germano
1415 1420 1516 1463 patr.
1534 1413 1613 1450 ΟΡ.

154 1469 425 1506 inHist.Eccl.
450 1468 593 1506 dicitur
611 1466 732 1522 κόγχη
748 1471 822 1508 τοῦ
838 1470 1140 1520 θυσιαστηρίου,
1161 1467 1205 1505 id
1223 1475 1282 1506 est
1304 1467 1453 1506 concha
1472 1469 1614 1506 bema-

153 1526 204 1562 tis
218 1553 228 1572 ‚
271 1538 342 1562 seu
369 1526 491 1576 partis
517 1526 627 1562 illius
655 1526 796 1576 templi
815 1527 858 1561 in
877 1538 955 1576 qua
974 1537 1084 1562 sacra
1102 1532 1359 1576 peraguntur.
1419 1524 1612 1563 concham

153 1578 379 1632 Sophianae
405 1580 515 1618 aedis
544 1582 746 1632 eleganter
770 1594 815 1618 ac
839 1579 1028 1632 graphice
1047 1580 1254 1632 descripsit
1271 1583 1501 1633 Procopius.
1560 1583 1610 1619 ab

151 1635 287 1685 humo,
318 1639 461 1689 inquit,
492 1644 622 1675 exstat
642 1637 877 1686 aedificium,
906 1650 988 1674 non
1009 1644 1114 1675 recta
1134 1637 1371 1688 productum
1390 1639 1508 1687 linea,
1539 1639 1612 1677 sed

151 1693 246 1730 laxa
270 1695 418 1731 sensim
437 1694 670 1745 obliquitate
688 1695 839 1731 flexum
852 1724 863 1742 ,
904 1693 1132 1746 receditque
1152 1696 1194 1731 in
1213 1693 1370 1743 medio,
1416 1708 1461 1732 ac
1482 1695 1610 1746 figura

151 1751 386 1798 semitereti,
425 1763 546 1802 quam
565 1752 656 1788 artis
678 1753 794 1801 periti
810 1749 1137 1802 semicylindrum
1158 1758 1319 1798 vocant,
1362 1750 1414 1788 ad
1434 1766 1608 1803 perpen-

151 1805 330 1842 diculum
347 1808 494 1856 surgit3
532 1807 574 1842 in
604 1814 785 1857 quartam
804 1820 898 1843 vero
925 1805 1116 1857 sphaerae
1135 1814 1290 1857 partem
1312 1806 1457 1845 desinit
1478 1811 1609 1860 operis

149 1860 316 1899 huiusce
338 1863 509 1899 culmen.
561 1862 633 1899 sed
652 1869 833 1931 praestat
845 1863 993 1899 Graece
1011 1863 1244 1914 loquentem
1262 1862 1422 1900 audire·
1455 1864 1609 1905 οἰκοδο-

149 1919 221 1971 μία
241 1933 300 1965 τις
318 1918 361 1958 ἐκ
378 1921 455 1971 γῆς
473 1914 623 1970 οἷνέχει,
668 1914 744 1959 ov'n
766 1914 833 1959 ἐπ’
855 1915 1018 1965 εὐθείας
1038 1917 1287 1970 πεποιημένη
1302 1950 1312 1970 ,
1353 1915 1442 1959 ἄλλ’
1463 1920 1506 1961 ἐκ
1525 1925 1607 1962 τῶν

147 1975 326 2027 πλαγίων
354 1974 627 2043 ὕπεσταλμένη
655 1991 754 2015 κατα
779 1971 929 2028 βραχύ,
967 1974 1034 2014 καὶ
1061 1990 1162 2015 κατα
1194 1974 1294 2027 μέσα
1322 1974 1604 2029 ὕποχωρουσα,

147 2030 213 2071 ἐπὶ
239 2027 370 2083 σχῆμά
397 2046 438 2071 τε
463 2047 564 2071 κατα
597 2028 720 2083 η’μισυ
748 2030 791 2072 τὸ
823 2028 1064 2099 στρογγύλον
1089 2032 1231 2080 ἰοῦσα,
1254 2028 1363 2098 όπερ
1384 2033 1427 2072 οἷ
1444 2032 1535 2100 περὶ
1554 2032 1604 2074 τοὶ
1634 2068 1638 2072 .

146 2090 310 2127 τοιαῦτα
344 2087 467 2138 σοφοὶ
503 2086 791 2141 ημικύλινὸρον
830 2081 1115 2152 ὀνομάζουσιν,
1167 2087 1208 2136 ές
1248 2084 1359 2139 ὕψος
1398 2085 1604 2142 απότομον

146 2142 420 2210 ἐπανέστηκεν.
475 2161 502 2196 η
525 2143 568 2184 δὲ
585 2148 658 2185 τοῦ
679 2144 796 2197 ἔργου
814 2140 958 2185 τούτου
978 2141 1185 2197 υπερβολη
1207 2143 1248 2192 ές
1275 2145 1449 2199 σφαίρας
1467 2161 1604 2200 τεταρ-

143 2195 337 2251 τημόριον
361 2196 627 2253 αποκέκριται.
686 2200 830 2238 deinde
857 2200 968 2239 addit
995 2208 1039 2238 ut
1070 2203 1173 2238 intra
1202 2199 1375 2239 conchae
1404 2216 1604 2241 recessum

143 2258 418 2308 pavimentum
447 2258 638 2295 columnis
670 2265 873 2309 prematur
908 2258 1192 2296 semicirculari
1223 2258 1352 2296 forma
1386 2257 1602 2311 dispositis,

143 2314 199 2350 ita
214 2319 259 2350 ut
273 2313 380 2350 sibi
369 2314 540 2351 invicem
554 2321 746 2366 tanquam
760 2316 802 2351 in
821 2313 940 2353 choro
957 2313 1251 2367 quodammodo
1267 2313 1496 2366 adsurgam.
1526 2330 1602 2355 ne-

145 2381 222 2420 que
252 2371 396 2406 minori
418 2371 614 2421 elegantia
640 2384 684 2408 ac
704 2373 967 2409 concinnitate
988 2369 1161 2408 conchae
1183 2369 1410 2422 Sophianae
1431 2380 1470 2410 et
1495 2380 1602 2411 stru-

144 2431 295 2463 cturam
313 2433 351 2463 et
365 2426 535 2464 formam
554 2429 748 2479 expressit
762 2429 909 2466 Paulus
927 2428 1178 2466 Silentiarius
1195 2434 1296 2479 part.
1316 2431 1336 2468 1
1355 2441 1394 2467 v.
1411 2431 1515 2470 221:
1557 2470 1560 2473 ,

310 2479 449 2534 τρισσὰ
470 2481 542 2535 μὲν
558 2480 775 2524 ἅντολικῶν
795 2481 1066 2525 α’ναπέπταται
1085 2484 1196 2524 ἕνδια
1217 2480 1377 2526 κύκλων

309 2535 531 2590 ἦμιτόμων,
561 2539 678 2592 ὖψοῦ
695 2540 737 2581 δὲ
753 2537 831 2608 μετ’
853 2538 998 2594 ὄρθιον
1014 2537 1163 2593 αυχένα
1181 2541 1326 2592 τοίχων

306 2597 484 2660 σφαίρης
499 2594 753 2649 τετρατόμοιο
770 2591 889 2649 λάχος
911 2595 954 2638 td
974 2596 1159 2648 τέταρτον
1180 2593 1354 2648 ανέρπει.
1621 2607 1650 2641 Ρ
1676 2609 1742 2644 562

143 2646 316 2686 concha
305 2652 426 2700 igitur
437 2653 709 2705 semicylindri
724 2667 795 2691 seu
805 2650 954 2695 κυκλου
967 2650 1182 2705 ἡμιτόμου,
1205 2652 1256 2690 ad
1268 2651 1597 2704 perpendiculum

142 2705 272 2753 efficti,
301 2706 470 2745 formam
491 2710 697 2759 referebat,
727 2723 934 2782 quousque
953 2723 1123 2762 superne
1148 2709 1424 2748 clauderetur
1413 2724 1455 2747 m
1475 2723 1596 2762 quar-

139 2768 222 2798 tam
236 2759 427 2812 sphaerae
445 2772 609 2815 partem,
629 2765 671 2815 ἐς
689 2768 863 2819 σφαίρας
882 2763 1194 2819 τεταρτημόριον,
1213 2767 1344 2818 iuquit
1363 2767 1593 2816 Procopius.

140 2829 242 2869 quae
262 2818 424 2871 quidem
443 2819 634 2871 sphaerae
656 2836 746 2874 pars
768 2830 930 2876 quarta,
971 2824 1135 2861 interius
1158 2821 1334 2876 undique
1357 2824 1535 2872 sinuata,
1569 2835 1591 2859 a
