1838 3210
203 174 298 221 152
779 172 860 215 DU
894 169 1078 215 CANGII

202 291 291 324 cant
313 285 434 324 Gesta
459 281 509 322 de
532 280 692 322 nomino
712 281 873 331 Aeacii,
899 278 1009 319 hisce
1031 279 1188 318 verbis:
1218 277 1350 317 dicens
1371 279 1536 317 Petrum
1556 276 1652 316 olim

201 344 246 380 in
276 342 457 380 diaconio
488 353 566 378 esse
589 339 843 386 damnatum,
872 351 979 375 nunc
1007 338 1126 374 etiam
1149 335 1374 374 Christiana
1396 336 1575 373 societate
1591 348 1654 371 se—

202 406 368 436 motum.-
404 409 499 434 nam
524 396 751 433 diaconium
777 401 816 432 et
844 393 1093 432 diaconieum
1111 391 1221 430 idem
1240 405 1324 430 esse
1341 393 1436 431 satis
1454 390 1654 429 declarant

201 468 320 506 supra
344 454 464 491 allata
484 453 665 502 Gregorii
681 465 714 489 11
734 451 868 490 verba.

316 510 384 551 85.
442 509 543 546 Cum
573 509 694 559 igitur
726 506 930 546 diaconica
950 518 1032 544 non
1051 502 1171 544 modo
1194 504 1359 542 carceris
1380 503 1509 542 vicem
1529 502 1654 539 inter-

206 564 304 604 dum
329 571 573 617 praestarent
600 563 672 603 sed
698 566 818 602 etiam
843 563 1050 601 tribunalis
1080 562 1360 609 ecclesiastici,
1388 559 1481 598 inde
1504 558 1655 596 factum

205 623 345 673 opinor
373 628 418 659 ut
444 622 542 659 istae
575 620 746 659 exedrae
775 620 985 658 secretaria
1012 619 1323 670 appellarentur:
1368 629 1464 654 nam
1499 614 1656 666 proprIe

206 685 299 716 sunt
321 678 499 716 iudicum
520 678 746 723 secretaria,
780 678 840 715 uti
861 682 920 714 est
937 677 979 713 in
997 676 1162 713 concilio
1180 675 1409 711 Milevitano
1429 685 1460 710 11
1483 684 1568 709 cau.
1588 671 1658 711 16.

207 748 401 785 magnum
427 741 617 772 secretum
640 733 802 779 iudicis,
841 732 945 770 unde
971 732 1221 769 secretarium
1250 731 1494 774 nominatur,
1532 729 1587 764 ait
1612 726 1658 764 S.

206 792 452 841 Augustinus
473 792 516 828 in
538 803 571 828 0.
593 789 647 831 34
668 789 869 827 Ezechiel.
896 802 929 826 0.
955 790 995 829 3.
1051 786 1174 839 idque
1201 799 1254 824 ex
1282 799 1327 824 eo
1358 786 1520 823 fluxisse
1552 782 1660 820 arbi-

208 853 314 896 tror,
342 845 451 900 quod
479 848 523 884 in
553 845 766 884 diaconicis
793 844 935 898 synodi
955 851 993 882 et
1012 844 1176 882 concilia
1199 855 1388 894 persaepe
1415 845 1658 892 cogerentur,

208 909 329 956 atque
358 904 408 941 iis
435 904 477 940 in
503 904 750 941 consessibus
773 901 1003 939 clericorum
1025 913 1165 938 causae
1183 900 1522 945 examinarentur3
1552 894 1660 932 unde

206 965 346 1011 postea
372 958 624 1011 pontificum,
666 959 735 1012 qui
766 957 928 1010 synodis
956 958 1189 1004 intererant,
1232 956 1426 993 sessiones
1451 952 1661 991 secretaria

207 1017 360 1066 passim
374 1016 544 1067 legimus
564 1015 700 1064 dictas,
722 1014 828 1066 apud
845 1015 1097 1053 Anastasium
1112 1014 1155 1049 in
1172 1012 1216 1051 S.
1233 1009 1392 1062 Agatho
1409 1023 1448 1061 p.
1467 1008 1522 1050 54
1538 1015 1576 1045 et
1593 1005 1660 1056 55,

208 1073 253 1109 in
282 1071 444 1123 Synodo
469 1073 654 1110 Lateran.
683 1072 756 1110 sub
781 1072 951 1109 Martino
978 1071 1057 1107 PP.
1089 1082 1125 1106 a.
1154 1067 1255 1115 649,
1283 1069 1326 1104 iu
1357 1066 1521 1104 concilio
1544 1065 1662 1102 Rom.

209 1140 249 1165 a.
272 1127 354 1169 745
379 1127 452 1165 sub
473 1126 667 1165 Zacharia
688 1129 770 1165 PP.
793 1129 883 1165 Act.
906 1131 926 1168 1
950 1133 989 1163 et
1006 1129 1054 1172 2,
1085 1125 1448 1172 caesaraugustano
1476 1120 1549 1158 sub
1577 1121 1662 1156 Da-

208 1195 321 1221 maso
350 1185 438 1232 PP,
468 1182 771 1234 Carthaginensi
790 1195 840 1220 111
865 1188 904 1219 et
934 1194 976 1219 1v
1007 1187 1045 1217 et
1074 1192 1125 1228 v,
1154 1179 1383 1216 Milevitauo
1413 1190 1465 1225 11,
1496 1174 1663 1214 Cartha-

209 1240 367 1290 ginensi
386 1247 460 1287 Νι,
493 1240 690 1277 Africanis
719 1251 805 1290 cap.
830 1239 854 1278 1
875 1244 913 1275 et
931 1236 1005 1284 52,
1035 1235 1185 1274 Arelat.
1206 1248 1274 1285 111,
1305 1234 1662 1286 Hierosolymitauo

212 1295 286 1334 sub
308 1297 489 1347 Agapeto
508 1297 598 1344 PP,
628 1295 854 1346 Hispalensi
873 1306 905 1331 11
929 1306 962 1330 0.
984 1293 1007 1332 1
1034 1298 1107 1330 etc.

323 1354 393 1393 86.
450 1354 589 1404 Neque
617 1353 780 1388 unicum
811 1349 1012 1388 diaconico
1045 1346 1249 1400 Sophiano
1277 1359 1423 1386 nomen
1440 1346 1539 1384 fuit:
1568 1357 1665 1383 nam

70 1406 102 1441 P
125 1406 192 1444 595
217 1414 256 1446 et
280 1403 520 1462 μιτατῶριον
547 1407 770 1456 dicebatur,
809 1408 844 1445 si
873 1404 1036 1458 quidem
1063 1401 1305 1456 μεσατοὶριον
1329 1402 1437 1442 idem
1466 1409 1525 1440 est
1555 1400 1666 1454 quod

211 1461 466 1517 μιτατώριον,
497 1463 605 1516 quod
630 1463 793 1517 quidem
813 1463 1022 1515 opinantur
1039 1462 1112 1500 viri
1131 1460 1249 1499 docti.
1306 1459 1350 1497 id
1383 1460 1581 1510 colligitur
1611 1470 1666 1496 ex

212 1520 278 1559 his
305 1519 542 1572 Euchologii
566 1521 720 1559 verbis:
750 1518 846 1572 μετὰ
868 1516 914 1559 τό
936 1515 1106 1569 ψάλλειν
1127 1515 1200 1568 τήν
1220 1515 1423 1568 τριτὲκτην
1440 1513 1665 1568 κατέρχεται

213 1575 240 1619 o‘
275 1573 493 1630 ἄγιώτατος
521 1572 765 1630 πατριάρχης
795 1574 839 1616 ἐν
867 1576 926 1630 τῷ
952 1573 1177 1627 μεσατωρίῳ
1206 1570 1335 1624 ἤγουν
1356 1574 1415 1625 τῷ
1437 1572 1664 1625 διακονικῷ,

213 1631 282 1674 καὶ
310 1631 501 1684 ἐξέρχεται
535 1633 591 1681 εἰς
621 1630 666 1672 τό
698 1629 813 1684 ἅγιον
842 1624 1134 1679 θυσιαστήριον
1164 1628 1207 1669 ἐκ
1236 1631 1311 1668 τοῦ
1340 1628 1487 1680 μέρους
1519 1627 1665 1674 δεξιοῦ.

214 1688 552 1742 quemadmodum
584 1690 705 1739 igitur
734 1687 986 1724 mercatoriam
1017 1684 1068 1721 ad
1101 1683 1283 1721 dextram
1308 1685 1442 1721 statuit
1463 1681 1667 1720 Eucholo-

215 1747 328 1797 gium
358 1744 543 1798 (aedisne
575 1758 626 1782 an
650 1757 743 1782 vero
771 1744 926 1791 altaris,
955 1739 1202 1791 incertum),
1238 1741 1294 1777 ita
1321 1740 1562 1776 mitatorium
1588 1739 1668 1777 Ce-

218 1801 363 1840 drenus
382 1803 424 1839 in
445 1801 578 1842 Leone
598 1798 858 1852 philosopho,
883 1800 938 1836 ita
968 1803 1013 1834 ut
1041 1810 1166 1834 unum
1191 1794 1378 1847 idemque
1409 1808 1493 1834 esse
1519 1807 1591 1846 par
1615 1795 1667 1832 sit

217 1857 397 1906 credere,
426 1856 670 1910 proindeque
689 1854 881 1894 mendum
898 1854 1059 1892 subesse
1078 1853 1121 1890 in
1138 1851 1399 1903 Euchologio.
1456 1852 1512 1889 sic
1535 1858 1669 1889 autem

220 1913 444 1953 cedrenus:
475 1911 541 1954 διοέ
570 1909 719 1965 ταύτην
746 1907 821 1953 οὖν
845 1908 919 1963 τήν
952 1909 1084 1950 αἰτίαν
1116 1907 1141 1950 o‘
1166 1904 1407 1962 πατριάρχης
1431 1907 1488 1955 εἰς
1507 1904 1581 1960 τὴν
1602 1906 1670 1948 ἐκ-

218 1971 387 2023 κλησίαν
411 1969 656 2023 εἰσέρχεσθαι
675 1965 822 2010 ἐκώλυε
843 1965 914 2009 τὸν
937 1964 1120 2019 βασιλέα,
1148 1961 1247 2005 ’ὅθεν
1271 1961 1338 2005 6ιοῖ
1354 1965 1426 2004 τοῦ
1445 1964 1578 2012 δεξιοῦ
1597 1961 1670 2015 μέ-

219 2042 318 2080 ρους
350 2022 528 2080 διήρχετο
559 2027 615 2074 εἰς
640 2022 684 2067 τὸ
719 2023 966 2078 μιτατοίριον.
1024 2028 1063 2059 et
1082 2021 1207 2058 infra:
1238 2016 1335 2072 ὅπερ
1354 2015 1579 2072 γράψαντες
1599 2017 1670 2059 καὶ

220 2083 509 2136 σφραγίσαντες
533 2081 577 2122 ἐν
603 2085 659 2136 τῷ
692 2080 910 2134 μιτατωρίῳ
942 2078 1132 2130 ἔρριψαν,
1161 2078 1233 2117 τοῦ
1260 2074 1304 2116 δὲ
1331 2074 1518 2128 βασιλέως
1541 2076 1670 2127 δημο-

221 2139 314 2179 σίαν
335 2135 514 2191 πρόοδον
542 2137 585 2178 ἐν
614 2140 667 2192 τῇ
693 2133 839 2192 μεγάλῃ
863 2134 1047 2189 ἐκκλησίᾳ
1068 2130 1358 2184 ποιησαμένου,
1387 2127 1465 2172 κᾶν
1484 2134 1541 2187 τῷ
1555 2147 1670 2183 μιτα-

217 2194 347 2248 τωρίῳ
377 2187 647 2241 εἰσελθόντος,
676 2192 745 2233 καὶ
772 2192 815 2233 ἔν
845 2186 877 2247 ᾧ
898 2187 1040 2242 ηὔχετο
1067 2185 1189 2243 τόπῳ.
1253 2189 1435 2226 meminit
1466 2195 1669 2239 praeterea

219 2250 457 2302 μιτατωρίου
486 2247 722 2287 Theodorus
753 2250 895 2286 Lector
924 2246 1008 2283 Ecl.
1039 2247 1088 2294 2,
1117 2245 1307 2282 Lexicon.
1338 2245 1405 2282 Gr.
1433 2258 1494 2282 ms
1522 2245 1670 2282 biblio-

219 2305 359 2344 thecae
378 2306 524 2356 Regiae
545 2307 646 2356 sign.
664 2306 796 2352 2062,
827 2311 866 2341 et
882 2301 1055 2340 eodinus
1068 2330 1079 2350 ,
1110 2302 1180 2353 qui
1195 2300 1296 2338 illud
1314 2302 1530 2338 excitatum
1550 2301 1669 2338 refert

222 2374 247 2399 a
273 2362 511 2410 Iustiniano,
540 2361 630 2409 ἵνα,
660 2361 808 2412 iuquit,
838 2359 962 2400 ἐκεῖσε
994 2356 1200 2413 παραμένῃ
1238 2355 1333 2409 μετᾶ
1359 2359 1440 2396 ταῖν
1467 2353 1668 2407 ἀρχόντων

222 2413 369 2467 αὐτοῦ,
398 2416 467 2457 καὶ
491 2412 679 2464 πολλάκις
697 2416 824 2457 ἐστίει.
883 2427 983 2467 quae
1006 2413 1168 2466 quidem
1189 2414 1329 2451 ultima
1352 2413 1471 2451 verba
1495 2414 1670 2450 Goarum

220 2474 414 2525 impulere
449 2480 493 2511 ut
519 2474 562 2511 in
590 2475 695 2512 notis
725 2471 778 2509 ad
805 2470 1028 2510 cedrenum
1069 2477 1109 2509 et
1143 2468 1435 2520 Euchologium
1472 2470 1670 2520 scripserit

223 2527 466 2582 μετατιόριον
500 2528 649 2568 dictum
682 2529 796 2581 quasi
822 2523 1106 2579 μινσατώριον,
1134 2526 1335 2578 fuisseque
1364 2525 1588 2562 cubiculum
1617 2523 1670 2562 ad

223 2587 327 2624 latus
358 2586 513 2635 altaris,
543 2588 586 2623 in
614 2598 690 2638 quo
719 2585 834 2623 fessis
864 2597 886 2621 a
914 2583 1048 2621 labore
1078 2582 1298 2620 cantoribus
1325 2594 1462 2619 mensa
1489 2581 1669 2632 frugalis,

222 2643 337 2694 panis
378 2643 528 2680 scilicet
561 2649 600 2679 et
630 2642 736 2690 vini,
774 2639 1061 2692 apponebatur,
1100 2637 1344 2690 proindeque
1379 2638 1512 2675 locum
1546 2638 1670 2676 fuisse

223 2698 373 2736 mensis
398 2697 640 2736 instruendis
665 2696 874 2747 idoneum3
906 2709 929 2733 a
959 2708 1038 2747 qua
1063 2696 1255 2732 sententia
1279 2692 1389 2731 haud
1411 2695 1570 2732 omnino
1597 2694 1671 2731 ab·-

224 2752 359 2793 horret
374 2754 558 2793 Allatius.
613 2767 760 2792 verum*
774 2766 864 2799 cum
881 2751 1126 2790 diaconicum
1142 2764 1212 2788 seu
1228 2750 1480 2788 secretarium
1498 2748 1671 2801 Sophia-

224 2823 322 2849 num
352 2811 530 2863 amplum
557 2811 676 2849 fuerit
708 2810 939 2858 triclinium,
969 2820 1098 2861 neque
1118 2808 1234 2846 unico
1253 2805 1445 2845 duntaxat
1463 2805 1535 2846 sed
1554 2806 1670 2844 variis
