1890 3224
279 173 345 221 44
633 172 986 218 NICEPHORUS
1018 172 1364 243 CPOLITANUS

277 291 487 331 κατελθεῖν
502 286 570 328 καὶ
591 290 775 344 φωνῆσαι
801 284 901 344 πρὸς
920 284 990 328 τὸν
1008 283 1106 328 λαόν
1127 284 1258 341 “afim
1279 283 1306 340 ἦ
1326 283 1456 344 ἡμέρα
1471 284 1519 342 ἣν
1537 285 1716 341 ἐποίησεν

276 353 299 398 ὃ
333 353 512 411 κύριος.”
582 353 627 396 τὸ
657 355 701 396 δέ
726 358 884 409 πλῆθος
906 354 1181 397 Ἰουστινιανὸν
1201 353 1434 411 ἐδυσφήμει.
1501 355 1566 396 καὶ
1589 353 1716 404 οὕτως

157 427 187 460 Ρ
209 428 256 464 26
279 422 448 472 ἅπαντες
467 423 529 463 ἐπὶ
546 421 615 464 τὸν
631 426 765 479 χῶρον
784 426 855 477 τῆς
873 422 1137 479 ἱπποδρομίας
1159 421 1325 480 ᾤχοντο.
1391 420 1543 479 ἡμέρας
1564 422 1608 464 δὲ
1628 424 1714 464 ἐπι-

275 492 484 547 γενομένης
503 490 737 546 ἐκφέρουσιν
753 490 1028 533 Ἰουστινιανὸν
1048 490 1148 547 πρὸς
1170 488 1328 541 αὐτούς.
1368 492 1434 532 καὶ
1450 494 1522 544 τῆς
1535 488 1716 544 πληθύος

274 557 436 613 βοώσης
453 559 622 612 βασιλέα
643 560 758 615 ’ξίφος
779 559 1059 613 διαδέχεσθαι,
1092 556 1289 609 Λεόντιος
1308 562 1380 600 τοῦ
1401 559 1570 612 αἵματος
1592 557 1748 600 αὗτοῦὄ

278 625 515 683 φεισάμενος
545 626 612 668 διὰ
644 626 716 680 τὴν
749 626 850 683 πρὸς
883 628 1184 670 Κωνσταντΐνον
1204 626 1274 670 τὸν
1295 626 1448 683 πατέρα
1467 626 1592 668 αὐτοῦ
1615 622 1717 680 ἀγά-

277 713 356 749 πην
365 725 379 746 ,
412 694 541 747 τεμὼν
561 695 633 748 τὴν
652 698 831 750 γλῶτταν
851 696 919 736 καὶ
934 695 1007 748 τὴν
1030 695 1119 752 ῥῖνα
1144 695 1184 736 ἐν
1205 696 1394 751 Χερσῶνι
1414 697 1463 751 τῇ
1487 691 1598 736 πόλει
1619 690 1719 743 ἐξώ-

278 779 362 818 ρισε
373 793 386 814 ,
420 762 583 804 δέκατον
604 761 680 817 ἤδη
701 762 787 813 ἔτος
807 763 848 804 ἐν
864 767 916 819 τῇ
933 764 1118 821 βασιλείᾳ
1136 760 1391 806 διανύσαντα.
1457 759 1654 811 Λεόντιος
1674 760 1718 802 δὲ

275 829 353 873 ὕπὸ
385 834 457 873 τοῦ
485 830 670 884 πλήθους
696 831 886 883 βασιλεὺς
907 829 1198 887 ἀναγορεύεται.
1267 829 1538 887 Στέφανονΐδὲ
1559 828 1628 871 τὸν
1651 827 1718 870 εὖ·

275 903 420 951 νοῦχον
452 900 519 941 καὶ
552 897 768 941 Θεοδόσιον
798 898 867 940 τὸν
886 898 1083 953 μοναχόν,
1120 899 1175 940 δι’
1198 897 1247 952 ἢν
1268 896 1447 952 ὗπέμεινε
1465 897 1565 954 παρ’
1588 895 1719 938 αὐτῶν
1730 898 1774 934 10
1829 949 1834 954 ‚

276 965 473 1018 κάκωσιν,
508 969 575 1009 καὶ
595 966 762 1018 ἄκοντος
780 971 852 1009 τοῦ
874 968 1071 1021 βασιλέως
1091 964 1381 1020 συλλαβόμενοι
1400 967 1467 1008 καὶ
1488 968 1568 1007 τῶν
1585 965 1720 1006 ποδῶν

277 1032 611 1091 ἓξαναρτῆσαντες
645 1035 713 1076 διὰ
741 1033 900 1091 χρόνων
932 1036 1125 1090 συρέντας
1154 1033 1255 1090 πρὸς
1286 1034 1358 1087 τὴν
1380 1032 1626 1086 καλουμένην
1647 1034 1721 1073 τοῦ

226 1109 256 1143 Β
280 1102 387 1152 Βοὸς
416 1102 566 1158 ἀγορὰν
596 1104 691 1159 πυρὶ
718 1100 1066 1159 παραδεδώκεσαν.
1132 1103 1200 1144 καὶ
1228 1100 1280 1144 τὰ
1301 1102 1374 1155 μὲν
1400 1102 1441 1142 ἐν
1462 1102 1721 1143 Κωνσταντι-

277 1168 460 1212 νουπόλει
481 1170 586 1212 οὕτω
605 1171 802 1211 διέκειντο.

407 1235 470 1278 ‘H
481 1238 525 1279 δὲ
541 1235 610 1279 ὑπ’
626 1237 818 1293 Ἀφρικὴν
835 1235 1065 1293 Καρχηδὼν
1080 1232 1218 1292 πρῴην
1235 1233 1314 1277 ὑπὸ
1327 1233 1539 1289 Ῥωμαίοις
1552 1237 1722 1276 τελοῦσα
1733 1236 1776 1273 1⁵

277 1303 366 1347 τότε
390 1303 468 1346 ὑπὸ
487 1311 606 1361 χεῖρα
630 1308 709 1346 τῶν
729 1307 976 1360 Σαρακηνῶν
996 1305 1163 1359 γίνεται,
1191 1304 1351 1360 πολέμῳ
1372 1303 1472 1359 παρ’
1495 1301 1630 1350 αὗτοῖς
1650 1304 1724 1355 λη-

279 1377 447 1430 φθεῖσα.
466 1408 468 1410 ,
514 1376 632 1415 τοῦτο
654 1373 841 1428 διαγνοὺς
861 1371 1058 1420 Λεόντιος
1078 1370 1236 1414 ἅπαντα
1251 1371 1304 1414 τὰ
1315 1369 1518 1424 Ῥωμαϊκὰ
1533 1367 1724 1420 ἐξώπλισε

278 1439 446 1494 πλόὶμα,
481 1439 701 1496 στρατηγόν
723 1458 764 1483 τε
785 1440 847 1482 ἐπ’
870 1440 1006 1489 αὐτοῖς
1021 1437 1207 1494 Ἰωάννην
1226 1439 1295 1481 τὸν
1314 1440 1519 1496 πατρίκιον
1539 1436 1725 1494 ἐζιιπειρον

276 1513 356 1551 τῶν
377 1510 574 1562 πολεμίων
594 1507 945 1566 προχειρισάμενος
971 1508 1071 1563 πρὸς
1093 1506 1341 1564 Καρχηδόνα
1360 1506 1463 1548 κατὰ
1483 1509 1562 1548 τῶν
1583 1508 1726 1561 Σαρα-

278 1581 408 1630 κηνῶν
429 1577 666 1629 ἐξέπεμψεν·
702 1575 746 1626 ὃς
767 1578 889 1618 ἐκεῖσε
911 1573 1229 1631 παραγενόμενος
1249 1574 1343 1624 τοὺς
1363 1574 1436 1627 μὲν
1457 1573 1498 1615 ἐν
1520 1572 1621 1629 αὗτῇ
1645 1575 1781 1615 τῶν20

280 1647 525 1700 Σαρακηνῶν
554 1643 713 1700 πολέμῳ
744 1641 997 1700 ἐτροπώσατο
1008 1673 1021 1693 ,
1054 1641 1127 1696 τὴν
1149 1642 1192 1683 δὲ
1213 1639 1327 1683 πόλιν
1341 1639 1554 1695 Ῥωμαίοις
1574 1637 1726 1682 ἀνεσώ-

278 1729 392 1762 σατο,
417 1714 483 1753 καὶ
503 1705 632 1753 τᾶλλα
647 1709 778 1753 πάντα
797 1711 847 1752 τὰ
867 1711 988 1752 ἐκεῖσε
1007 1710 1236 1762 πολίσματα
1249 1712 1322 1763 τῆς
1338 1712 1412 1751 τοῦ
1430 1707 1575 1757 ἔθνους
1594 1707 1727 1749 ἀπαλ-

280 1779 402 1830 λάξας
418 1779 598 1831 ἐξουσίας
619 1780 685 1820 καὶ
702 1777 873 1834 στρατὸν
891 1775 1054 1831 ὁπλίτην
1072 1776 1173 1833 πρὸς
1190 1777 1373 1833 φυλακὴν
1394 1777 1436 1819 ἐν
1458 1776 1593 1826 αὐτοῖς
1609 1776 1728 1831 ἐγκα-

231 1854 261 1888 C
284 1849 479 1902 ταλείψας
521 1846 644 1889 αὐτοῦ
684 1847 942 1900 διεχείμασεν.
1009 1843 1032 1888 ὃ
1068 1845 1112 1887 δὲ
1145 1848 1224 1888 τῶν
1258 1847 1505 1903 Σαρακηνῶν
1537 1843 1729 1899 βασιλεὺς

369 1955 413 1990 10
442 1950 652 1989 Θεόδοτον7

278 2043 393 2089 cogit,
420 2047 458 2078 et
478 2045 526 2079 ad·
543 2043 705 2090 populum
728 2044 874 2079 clamare
892 2039 1008 2078 “haee
1027 2046 1083 2078 est
1103 2041 1178 2078 dies
1201 2053 1303 2088 quam
1320 2041 1407 2077 fecit
1425 2037 1618 2076 dominus?
1661 2052 1726 2086 po·

277 2090 377 2137 pulus
403 2102 487 2125 vero
508 2090 700 2125 Iustiniano
724 2090 965 2124 maledicebat.
1010 2094 1090 2135 post
1117 2089 1203 2123 haec
1223 2088 1377 2122 universi
1398 2087 1436 2121 in
1455 2087 1731 2133 Hippodromum

280 2137 477 2178 confluunt3
505 2148 654 2180 moxque
685 2140 724 2170 ut
750 2135 883 2179 illuxit,
914 2135 1141 2170 lastinianum
1171 2135 1216 2168 ad
1239 2145 1300 2168 eos
1325 2133 1530 2178 producunt.
1577 2137 1731 2166 ceterum

279 2182 497 2216 vociferante
526 2182 630 2226 plebe
652 2186 690 2215 ut
712 2181 749 2215 in
769 2182 1011 2226 imperatorem
1034 2180 1148 2224 gladio
1173 2179 1524 2223 animadverteretur,
1558 2177 1728 2212 Leontius

279 2239 345 2274 pro
369 2238 432 2260 sua
455 2238 530 2260 cum
554 2227 627 2260 eius
652 2232 752 2271 patre
775 2226 1003 2260 Constantino
1027 2224 1177 2259 amicitia
1197 2225 1292 2258 vitae
1315 2224 1493 2268 pepercit,
1527 2223 1589 2257 sed
1611 2222 1731 2268 lingua

281 2285 323 2309 ac
343 2284 427 2306 naso
452 2272 639 2306 mutilatum
661 2272 698 2305 in
721 2272 932 2305 chersonam
954 2272 1071 2305 urbem
1098 2272 1278 2315 deportat,
1305 2281 1393 2303 anno
1416 2269 1490 2303 eius
1510 2269 1648 2313 imperii
1665 2280 1728 2302 ex-

281 2324 358 2354 acto
384 2317 529 2352 decimo.
577 2317 744 2350 Leontius
769 2316 955 2360 imperator
978 2328 999 2349 a
1017 2316 1142 2361 populo
1166 2316 1333 2349 salutatus
1353 2320 1419 2349 est.
1468 2314 1528 2359 qui
1550 2326 1628 2348 mox
1645 2314 1730 2348 Ste-

280 2366 430 2410 phanum
453 2363 643 2397 eunuchum
666 2367 701 2396 et
720 2362 956 2396 Theodosium
980 2361 1200 2406 monachum,
1225 2363 1269 2395 ob
1294 2373 1336 2395 ea
1358 2360 1446 2394 mala
1469 2372 1558 2405 quae
1581 2371 1730 2413 perpes-

281 2422 339 2444 sus
369 2411 411 2443 ab
439 2408 483 2443 iis
514 2410 648 2453 fuerat,
683 2407 785 2446 etiam
814 2407 925 2441 invito
948 2406 1177 2453 imperatore,
1210 2406 1488 2452 comprehendit,
1523 2410 1559 2439 et
1582 2405 1730 2450 pedibus

280 2455 436 2499 alligatos
467 2467 507 2489 ac
538 2466 602 2499 per
629 2455 747 2488 urbem
771 2454 815 2487 ad
838 2452 946 2486 Bovis
968 2453 1082 2487 forum
1104 2458 1271 2488 attractos
1293 2452 1375 2497 igne
1397 2449 1595 2486 combussit.
1643 2451 1731 2485 haec

283 2501 386 2546 Cpoli
409 2512 472 2545 per
497 2512 557 2535 eos
581 2500 656 2534 dies
680 2499 891 2534 acciderunt.

373 2546 420 2580 At
451 2547 489 2580 in
521 2546 642 2580 Africa
673 2545 847 2588 Carthago
878 2544 1025 2578 Romani
1055 2548 1158 2579 antea
1186 2542 1325 2588 imperii
1352 2542 1476 2576 civitas
1500 2553 1522 2576 a
1543 2541 1730 2576 Saracenis

142 2606 176 2629 a·
198 2592 267 2629 696
286 2597 515 2636 expugnatur.
569 2603 638 2636 quo
670 2591 784 2626 audito
811 2590 978 2624 Leontius
1008 2590 1186 2624 Romanas>
1210 2600 1326 2623 omnes
1358 2599 1465 2622 naves
1490 2586 1654 2631 instruit,
1688 2598 1731 2621 ac

281 2637 458 2684 praefecto
478 2638 608 2671 Ioanne
626 2636 772 2684 patricio
794 2635 871 2670 viro
895 2635 1026 2670 bellicis
1050 2637 1154 2670 rebus
1177 2639 1320 2679 experto
1338 2632 1584 2677 Carthaginem
1608 2636 1732 2667 contra

216 2720 221 2723 ,
282 2685 475 2718 Saracenos
495 2683 614 2718 mittit.
660 2683 718 2717 hic
735 2693 810 2716 cum
831 2693 872 2716 eo
895 2681 1136 2726 pervenisset,
1164 2679 1369 2722 Saracenis,
1395 2678 1455 2725 qui
1471 2678 1601 2712 ibidem
1618 2681 1729 2722 erunt,

282 2729 320 2763 in
343 2730 459 2774 fugam
479 2728 591 2763 versis
614 2730 733 2763 urbem
755 2727 845 2762 illam
866 2728 1041 2761 Romanae
1062 2726 1192 2761 dicioni
1217 2724 1393 2769 restituit,
1424 2729 1609 2769 ceteraque
1638 2722 1731 2757 illius

283 2774 437 2820 regionis
459 2775 588 2829 oppida
610 2786 632 2809 a
652 2775 878 2809 barbarorum
895 2772 1064 2808 servitute
1081 2771 1279 2814 vindicans,
1303 2775 1340 2805 et
1357 2769 1506 2804 militare
1521 2767 1731 2814 praesidium

284 2821 485 2867 imponens,
507 2820 635 2856 ibidem
656 2820 802 2856 hiemem
817 2819 979 2856 traducit.
1025 2829 1144 2854 verum
1163 2818 1412 2852 Saracenorum
1429 2814 1611 2862 princeps,
1630 2825 1675 2848 ea
1690 2824 1732 2848 re
