1838 3210
495 168 833 215 DESCRIPTIO
867 169 921 218 S.·
947 170 1201 216 SOPHIAE.
1506 171 1570 220 43

258 282 380 337 ἄλλος
398 283 464 327 ἐπ’
483 283 658 344 Ὠρίωνα
675 287 742 328 καὶ
765 283 949 343 ἄβροχον.
962 284 1268 343 ὃλκὸνᾍμάξης
1307 321 1310 323 -
1330 288 1332 290 ’

141 356 226 397 900
259 352 371 408 ὄμμα
391 354 527 411 φέρει,
561 359 723 404 πολλοῖς
746 355 789 397 δὲ
810 356 1063 409 πεπασμένος.
1078 355 1272 413 ἄστράσιν
1293 357 1422 416 αῗθὴρ

259 421 503 478 ἀτραπιτοὺς
525 422 666 475 ὤϊξεν,
701 422 827 466 ἔπεισε
851 424 896 466 δὲ
916 421 1041 466 νύκτα
1058 425 1264 480 γελάσσαι.

260 489 365 532 οὕτω
389 489 641 548 καλλιχόροιο
663 492 754 534 κατ’
779 492 888 534 ἕνδια
908 492 1095 548 θέλγεται
1112 494 1224 538 οἴκου
1509 498 1576 535 485

260 558 429 614 ἀγλαΐης
447 560 573 603 ἀκτῖνι
594 560 835 617 φεραυγέος,
870 560 947 602 ἀλλ
957 591 1133 605 ........

260 631 341 677 πᾶς
355 629 428 681 μὲν
448 628 697 686 ἐϋφροσύνης
717 629 890 671 ἀναπτετ
902 660 915 671 .
942 629 984 671 εὖ
996 661 1009 671 .
1032 646 1078 680 ος
1097 648 1125 672 α
1136 660 1150 673 .
1163 660 1178 673 .

141 699 225 740 905
258 697 438 751 ψυχαίην
460 695 640 740 ἐλάσασα
658 696 1008 753 μελαγκρήδεμνον
1028 696 1225 754 ὅμίχληκ,
1248 732 1250 734 -
1286 720 1288 722 ·

260 761 412 814 πάντας
435 763 646 819 ἔπαυγάζει
665 766 785 815 σέλας
803 763 921 822 ἱερόν,
957 761 1042 808 εὖτε
1065 769 1133 809 καὶ
1154 767 1277 819 αὖτός

259 833 443 882 ναυτίλος
461 830 636 886 οἰήκεσσι
657 831 1009 890 θαλασσοπόροισι
1030 834 1213 887 κελεύων,
1511 841 1579 878 490

259 898 335 941 εἴτε
356 900 482 960 λιπῲν
505 900 643 952 ἅξεινα
660 899 885 955 μεμηνότος
901 901 1076 956 οἴδματα
1092 901 1258 946 Πόντου
1508 927 1527 947 0

260 969 486 1024 πλαγκτοῦς
502 967 725 1025 ἆντιπόρων
742 974 915 1012 σκοπιῶν
935 969 1117 1026 ἀγκῶνας
1135 970 1279 1020 ἑλίσσει
1289 1003 1303 1022 ,

142 1039 227 1081 910
260 1036 436 1091 ἐννύχιον
455 1038 558 1093 μέγα
575 1036 728 1095 τάρβος
748 1037 848 1092 ἔχων
868 1042 1096 1095 γναμπτῇσι
1119 1040 1338 1093 κελεύθοις,

260 1104 335 1147 εἴτε
352 1106 442 1159 μετ’
463 1108 674 1162 Λῖγαίωνα
692 1107 793 1163 παρ’
814 1105 1124 1162 (Ελλησπόντιον
1143 1108 1257 1166 ὕδωρ

258 1177 337 1228 νῆα
354 1172 594 1231 κατιθύνῃσι
611 1173 783 1232 ῥοώδεος
798 1174 913 1218 ἀντία
931 1178 1054 1231 δίνης,
1512 1180 1580 1216 495

259 1241 497 1296 δεχνύμενος
515 1242 743 1301 προτόνοισι
760 1245 1016 1298 Λιβυστίδος
1037 1244 1156 1300 ὄγκον
1177 1244 1343 1300 ἀέλλης·

259 1310 333 1365 οὐχ
348 1309 519 1366 Ἑλίκην,
555 1312 628 1367 οὔχ
647 1310 724 1367 ἡδὺ
744 1311 850 1369 φάος
868 1315 1170 1370 Κυνοσουρίδος
1189 1312 1339 1371 ἄρκτου

141 1380 223 1422 915
260 1378 450 1435 εῗσορόων
465 1380 568 1434 οἴηκι
588 1381 801 1437 φερέσβιον
819 1379 973 1423 ὁλκάδα
993 1380 1158 1432 πάλλει,

261 1447 366 1488 ἀλλὰ
386 1452 478 1490 τεοῦ
494 1454 604 1502 νηοῖο
623 1449 798 1490 θεουδέα
818 1448 1014 1503 λαμπάδα
1035 1447 1228 1499 λεύσσων,

261 1516 452 1572 φορτίδος
470 1514 676 1568 εὖτόλμοιο
694 1517 916 1571 προηγὲτιν,
951 1517 1025 1570 οὐχ
1040 1515 1118 1558 ὑπὸ
1136 1515 1303 1569 μούνοις
1512 1523 1581 1560 500

260 1584 444 1640 φέγγεσιν
466 1585 675 1638 ἐννυχίοισι
699 1583 763 1637 (τὸ
784 1584 864 1641 γὰρ
885 1586 953 1625 καὶ
972 1585 1167 1641 Πρωτέος
1188 1584 1307 1627 ἀκταὶ

259 1653 301 1693 ἒν
322 1652 457 1708 Φαρίῃ
479 1650 663 1706 τεύχουσι
683 1652 941 1705 Λιβυστίδος
957 1652 999 1702 ἔς
1015 1650 1123 1694 πόδα
1146 1653 1281 1708 γαίης)

141 1723 228 1764 920
260 1719 365 1762 ἀλλὰ
383 1722 451 1762 καὶ
473 1718 682 1778 εὖδώροισι
701 1724 805 1763 θεοῦ
825 1718 994 1772 ζώοντος
1013 1720 1206 1779 ἀρωγαῖς.

212 1894 287 1929 903
319 1888 478 1929 ἄλλοθεν
515 1889 624 1933 ἄλλος
662 1894 699 1927 G
895 1893 965 1929 904
1000 1892 1091 1928 πᾶσι
1104 1890 1423 1929 -ἆναπέπταται
1456 1891 1580 1936 εὔδιος

214 1938 320 1983 αἴγλη
342 1941 377 1973 G
557 1940 626 1974 909
642 1939 767 1973 Petras
791 1938 954 1984 Cyaneas
979 1945 1015 1974 et
1037 1939 1290 1986 Symplegadas
1309 1939 1492 1986 intelligit,
1534 1944 1580 1976 de

213 1984 496 2075 ἓξὲἱέιυεωῗέἓῗαε
519 1985 564 2020 de
584 1986 743 2031 Bosporo
768 1985 922 2021 Thracio
944 1986 970 2020 2
990 1985 1048 2021 24.
1094 1986 1191 2022 Duc.
1326 1988 1397 2021 910
1415 1985 1508 2032 μέγα
1530 1989 1578 2033 G,

124 2189 239 2223 Boota
260 2187 472 2232 oblectatur,
506 2187 594 2222 alius
625 2189 670 2223 ad
694 2190 861 2225 Orionem
891 2194 928 2225 et
957 2188 1085 2224 siccam
1107 2187 1240 2223 Currus
1271 2190 1428 2225 semitam
1461 2190 1580 2225 oculos

125 2234 311 2280 expandit,
349 2233 464 2268 multis
488 2245 573 2268 vero
596 2234 788 2281 inspersum
813 2236 919 2271 astris
941 2235 1071 2270 caelum
1096 2235 1173 2268 vias
1196 2236 1351 2280 aperuit,
1386 2242 1423 2271 et
1444 2243 1581 2271 noctem

124 2281 243 2315 ridere
271 2280 400 2314 suasit:
433 2280 535 2324 (485)
558 2280 612 2314 sic
632 2281 725 2316 intra
746 2281 893 2316 eximiae
917 2282 1013 2316 aedis
1040 2280 1214 2315 domicilia
1236 2281 1476 2316 collucentium
1501 2283 1582 2317 ubi-

125 2338 195 2372 que
219 2322 382 2360 huninum
405 2325 513 2360 radiis
536 2338 654 2361 omnes
680 2340 750 2362 non
776 2329 878 2362 modo
899 2327 1156 2370 demulcentur,
1189 2328 1254 2361 sed
1277 2334 1313 2361 et
1335 2339 1453 2362 eorum
1477 2340 1581 2374 aspe-

126 2379 197 2415 ctu,
219 2372 364 2418 depulso
387 2371 510 2406 mentis
528 2372 673 2416 nebulo,
707 2373 843 2408 laetitia
862 2374 1054 2419 replentur.
1103 2372 1260 2407 omnibus
1281 2385 1416 2407 sacrum
1440 2374 1584 2419 affulget

125 2418 260 2461 lumen3
285 2418 562 2463 quandoquidem
583 2423 619 2452 et
641 2425 748 2454 nauta
768 2419 782 2452 i
808 2432 859 2463 se,
885 2420 985 2463 (490)
1007 2418 1068 2465 qui
1089 2418 1333 2463 gubernaculis
1353 2419 1390 2453 in
1412 2420 1498 2454 mari
1516 2421 1584 2454 im·-

125 2470 238 2509 perat‚
262 2464 340 2498 sive
361 2463 505 2497 furiosis
522 2463 655 2499 relictis
672 2465 756 2499 irati
805 2465 880 2499 onti
893 2465 1057 2499 fluctibus
1074 2465 1300 2509 vagabundos
1321 2464 1471 2500 invicem
1497 2478 1581 2500 con-

126 2509 338 2544 current-ium
350 2509 567 2555 scopulorum
583 2511 759 2545 anfractus
771 2511 863 2545 inter
871 2516 1058 2545 nocturnos
1069 2514 1238 2545 tremores
1248 2522 1311 2556 per
1318 2511 1494 2546 flexuosas
1504 2512 1584 2545 vias

127 2555 388 2597 circumflectit3
410 2555 488 2589 sive
508 2567 646 2590 emenso
667 2557 808 2601 Aegaeo
832 2557 920 2591 mari
942 2557 980 2591 in
1000 2556 1319 2602 Hellespontiacum
1340 2558 1440 2601 (495)
1460 2569 1583 2592 navem

127 2600 251 2645 dirigit
277 2606 398 2635 contra
429 2601 576 2636 fluentes
608 2602 780 2646 vortices,
813 2602 970 2646 Libycae
993 2601 1166 2648 procellae
1187 2608 1355 2637 tumorem
1377 2603 1584 2638 rudentibus

126 2645 327 2691 excipiens,
362 2659 431 2681 non
452 2647 579 2682 Eliceu
591 2674 601 2691 ,
634 2660 705 2682 non
721 2660 828 2683 suave
846 2650 1053 2693 Cynosurae
1072 2648 1185 2682 lumen
1208 2648 1346 2683 intuens
1369 2648 1582 2683 salutiferam

128 2703 224 2726 suam
246 2703 368 2726 navem
391 2693 488 2727 clavo
518 2693 686 2739 impellit,
719 2695 782 2728 sed
813 2693 966 2729 divinam
996 2693 1117 2739 templi
1148 2694 1200 2728 tui
1233 2694 1427 2739 respiciens
1459 2694 1582 2735 lucem,

127 2738 229 2781 (500)
257 2737 397 2771 audacis
430 2739 610 2773 onerariae
633 2741 775 2783 ducem,
809 2752 879 2775 non
901 2741 1079 2775 nocturnis
1103 2741 1271 2775 duntaxat
1292 2740 1476 2774 luminibus
1500 2739 1588 2781 (hoc-

129 2783 220 2817 enim
248 2782 381 2817 faciunt
414 2788 450 2817 et
468 2783 590 2818 Protei
618 2785 738 2821 littora
761 2786 800 2820 in
819 2786 957 2832 Pharo,
991 2786 1035 2822 ad
1072 2791 1246 2822 extremos
1275 2786 1434 2830 Libycae
1466 2790 1586 2819 terrae

129 2829 235 2875 fines)
257 2829 320 2864 sed
339 2833 375 2864 et
391 2829 551 2866 benefica
570 2830 629 2866 dei
650 2831 727 2875 vivi
746 2843 827 2877 ope.
