1838 3210
240 168 335 216 142
811 173 892 217 DU
925 171 1111 216 CANGII

235 281 287 319 tis
307 287 433 331 sonat,
464 278 535 319 sed
554 286 592 318 et
609 281 795 331 plateam.
851 281 1098 333 Hesychius:
1129 278 1293 334 ἅμφοδα
1310 281 1354 322 αἱ
1367 277 1504 334 (fuum,
1533 277 1683 335 ἆγυιαί,

236 338 376 379 δίοδοι.
435 339 610 375 Lexicou
632 337 768 375 Graec.
791 350 852 376 ms
871 340 914 376 in
932 336 1170 376 bibliotheca
1188 340 1312 389 Regia
1329 338 1415 376 cod.
1435 338 1539 379 930:
1570 335 1685 390 ἄμφ-

89 402 119 437 Ρ
142 401 211 439 587
235 395 329 443 οδος
355 410 474 446 ρημη.
532 391 720 444 ἄμφοδον
757 394 913 444 δίοδον,
960 392 1108 448 ῥήμην.
1173 396 1314 447 quibus
1342 395 1440 432 locis
1469 393 1686 446 legendum

236 447 343 503 ῥύμη
381 457 420 487 et
456 446 600 501 ῥύμην.
668 449 740 488 sed
771 458 809 488 et
843 464 866 488 a
900 449 1006 504 ῥύμη
1037 464 1176 490 vocem
1207 452 1399 490 Gallicam
1426 451 1501 488 rue‘
1526 450 1686 488 deducit

233 509 285 545 Η.
319 504 556 557 Stephanus.
625 514 729 544 recte
757 514 889 545 autem
914 522 1086 559 rugam,
1129 507 1352 545 semitulam
1381 509 1498 545 vertit
1525 509 1683 559 Papias,

235 576 307 602 seu
328 575 492 613 parvam
511 564 715 612 semitam,
747 563 966 602 cuiusmodi
987 571 1077 602 sunt
1095 566 1194 602 sulci
1214 577 1313 616 quos
1333 565 1374 601 in
1395 564 1524 601 fronte
1544 577 1686 602 senum

237 619 415 656 efficiunt
446 631 587 671 rugae3
627 619 733 657 unde
762 620 924 658 indubie
953 634 1069 672 rugas
1099 622 1346 672 appellarunt
1375 620 1497 658 nostri
1527 621 1684 672 quasvis

235 676 389 726 plateas
420 677 653 725 strictiores,
683 676 790 728 quod
815 690 1001 728 rugarum
1027 690 1128 729 quae
1153 680 1194 714 in
1216 678 1344 715 fronte
1368 689 1508 714 senum
1528 683 1685 714 contra-

234 731 385 769 huntur
418 732 588 769 formam
621 733 804 770 referant.
862 733 934 772 sed
965 740 1004 771 et
1034 734 1197 772 observo
1225 740 1378 785 partem
1404 733 1517 769 illam
1544 732 1686 783 templi

230 788 412 838 plateam
443 795 481 825 et
512 790 620 826 viam
646 791 836 841 appellari
858 791 899 827 in
921 789 1052 828 charta
1071 803 1106 828 a.
1128 793 1232 832 1337
1251 792 1294 827 in
1315 788 1455 827 eodem
1471 790 1526 826 M.
1544 790 1687 827 Pasto-

237 845 312 881 rali
338 844 540 882 Ecclesiae
568 847 692 884 Paris.
718 860 758 897 p.
786 847 892 888 367:
921 848 1013 884 item
1043 847 1274 884 ordinamus
1304 853 1340 883 et
1357 846 1686 896 pronuntiamus,

237 901 347 952 quod
362 903 398 938 si
417 903 459 938 in
475 902 633 952 platea,
662 904 773 954 insi-a
789 903 946 955 gradus
959 917 1036 954 per
1058 917 1154 955 quos
1174 903 1400 940 ascenditur
1417 902 1476 939 acl
1492 914 1686 952 magnum

235 957 382 1002 altare,
411 957 502 994 licet
519 959 572 995 sit
589 972 658 995 seu
677 960 835 996 dicatur
850 961 1058 1009 capitium,
1087 959 1218 1011 aliqui
1239 961 1340 996 cerei
1365 960 1407 996 in
1436 957 1686 996 candelabris

229 1020 435 1063 ponantur
451 1015 494 1051 in
506 1022 625 1064 parte
641 1016 821 1066 inferiori
836 1030 954 1066 super
971 1015 1114 1053 tumbis
1133 1016 1407 1067 defunctorum
1427 1021 1503 1052 eto.
1559 1014 1685 1052 infra:

232 1069 282 1107 de
313 1070 579 1108 iurisdictione
606 1078 739 1109 autem
768 1072 950 1110 ecclesiae
967 1074 1222 1117 Parisiensis,
1248 1093 1306 1100 —
1333 1071 1564 1108 ordinamus
1582 1069 1690 1121 quod

233 1139 261 1162 a
276 1128 410 1175 primo
434 1127 614 1178 inferiori
625 1128 847 1179 graduum,
868 1142 944 1178 per
971 1142 1068 1179 quos
1093 1127 1318 1165 ascenditur
1335 1127 1394 1164 ad
1412 1140 1606 1178 magnum
1621 1125 1687 1163 al-

232 1188 334 1228 tare,
374 1190 411 1219 et
437 1185 693 1220 circumcirca
721 1198 916 1235 magnum
946 1191 981 1221 et
1000 1198 1177 1234 parvum
1207 1183 1375 1229 altaria,
1414 1185 1521 1220 intra
1554 1190 1687 1220 tamen

232 1237 463 1276 clausuram
496 1253 598 1291 quae
626 1239 683 1277 iba·
709 1248 781 1286 est,
811 1248 848 1277 et
871 1254 951 1278 non
982 1247 1108 1286 extra,
1138 1247 1219 1277 tota
1243 1240 1460 1277 iurisdictio
1484 1246 1539 1276 est
1556 1246 1592 1275 et
1614 1239 1688 1275 eric

232 1296 418 1345 episcopi:
449 1296 493 1332 in
514 1297 581 1333 via
601 1303 733 1333 autem
757 1298 868 1334 iuxta
888 1298 992 1348 ipsos
1008 1297 1180 1349 gradus,
1202 1310 1278 1347 per
1300 1310 1421 1348 quam
1439 1298 1521 1333 itur
1538 1295 1586 1332 de
1606 1308 1685 1332 uno

230 1352 327 1388 ostio
346 1352 482 1402 ferreo
510 1353 569 1389 acl
591 1353 710 1390 aliud
733 1355 876 1390 ostium
907 1354 955 1391 (le
983 1361 1222 1398 transverso,
1253 1355 1326 1390 erit
1337 1353 1566 1403 praeventio
1586 1353 1687 1388 inter

231 1409 458 1458 episcopum
478 1416 515 1445 et
532 1409 755 1459 capitulum
775 1417 848 1447 etc.
906 1408 977 1448 sed
993 1416 1037 1447 ut
1056 1409 1106 1447 ad
1125 1411 1275 1450 soleam
1293 1416 1476 1457 revertar,
1505 1421 1596 1460 pars
1614 1408 1687 1445 illa

230 1465 372 1515 templi
390 1466 545 1515 vulgari
571 1478 615 1502 ac
639 1473 794 1517 recepto
815 1465 1006 1518 loquendi
1024 1465 1143 1504 modo
1163 1467 1274 1519 βῆμα
1295 1462 1562 1518 οἷναγνωστῶν
1582 1463 1687 1501 dicta

231 1527 310 1568 est,
340 1520 383 1558 id
405 1528 482 1569 est,
512 1523 553 1558 in
574 1534 651 1573 qua
673 1523 938 1560 consistebant
952 1524 1132 1560 lectores.
1191 1535 1280 1559 culn
1299 1523 1406 1559 enim
1425 1523 1467 1558 in
1484 1522 1600 1558 bema
1619 1533 1688 1559 sa-

232 1589 362 1624 crum,
406 1579 543 1614 ceteris
582 1580 769 1615 ecclesiae
801 1580 977 1629 partibus
1011 1578 1175 1624 editius,
1214 1579 1308 1615 solis
1339 1576 1606 1615 sacerdotibus
1640 1589 1686 1613 ac
1723 1598 1726 1599 ν

232 1632 408 1670 diaconis
449 1635 761 1671 ministrantibus
802 1634 930 1671 aditus
963 1641 1135 1685 pateret,
1177 1633 1408 1671 subdiaconi
1442 1646 1487 1670 ac
1519 1633 1686 1670 lectores

232 1696 345 1726 extra
380 1690 573 1727 cancellos
605 1692 647 1726 in
675 1691 782 1728 solea
813 1689 976 1741 perinde
1008 1689 1163 1727 editiori
1192 1690 1371 1737 stabant3
1412 1687 1518 1726 unde
1549 1701 1687 1726 eorum

233 1745 350 1782 bema
373 1747 570 1796 appellata
596 1753 674 1794 est,
707 1746 757 1783 ad
774 1748 897 1784 instar
918 1747 1085 1784 bematis
1109 1747 1230 1794 sacri,
1260 1747 1302 1782 in
1324 1758 1401 1797 quo
1423 1745 1687 1782 consistebant
1730 1768 1734 1771 -

234 1801 471 1840 sacerdotes.
528 1801 572 1839 id
594 1802 759 1840 adstruit
779 1804 953 1854 Symeon
971 1801 1361 1840 Thessalonicensis:
1390 1797 1688 1848 ὑποδιακόνους

234 1857 304 1898 καὶ
334 1854 591 1928 αναγνῶστας
618 1862 832 1910 καθῆσθαι
857 1875 930 1911 χρη
954 1858 1104 1907 ἔξωθεν
1126 1859 1198 1898 τοῦ
1219 1854 1394 1911 βήματος
1410 1854 1511 1909 πρὸς
1528 1854 1598 1898 τὸν
1617 1868 1689 1897 σο-

235 1913 349 1963 λέαν,
381 1911 426 1962 ὃς
451 1912 501 1966 δη
528 1914 595 1954 καὶ
614 1917 724 1967 βῆμα
741 1919 914 1955 καλεῖται
931 1911 1210 1969 αναγνωστῶν.
1269 1927 1497 1966 quanquam
1515 1926 1597 1952 non
1616 1912 1689 1951 de-

235 1977 329 2008 sunt
358 1973 426 2022 qui
456 1972 607 2009 soleam
636 1973 827 2009 lectorum
858 1972 975 2009 bema
1006 1985 1090 2010 esse
1113 1972 1352 2037 appellatam
1371 1976 1550 2019 censent,
1581 1968 1689 2021 quod

235 2040 283 2064 ea
313 2028 473 2065 amboni
506 2017 804 2080 quodammodo
829 2029 1066 2076 subiaceret,
1097 2029 1160 2064 cui
1186 2026 1229 2064 id
1258 2027 1531 2078 appellationis
1552 2026 1690 2063 tribuit

235 2082 379 2121 diserte
400 2085 642 2122 sozomenus
659 2086 683 2124 9
714 2088 762 2125 2.
793 2081 934 2132 εἰκάζω
958 2080 1085 2135 αὐτήν
1109 2087 1270 2123 κεῖσθαι
1290 2081 1380 2135 περὶ
1404 2079 1473 2123 τόν
1485 2080 1688 2134 ’Ἁμβωνα,

233 2141 345 2192 βῆμα
375 2137 418 2178 δὲ
448 2143 566 2180 τοῦτο
603 2144 682 2180 τῶν
714 2136 838 2192 οἷναγι
842 2142 988 2180 ωστῶν.
1045 2146 1084 2176 et
1111 2140 1139 2176 l.
1161 2139 1186 2178 8
1216 2141 1270 2176 ait
1294 2140 1337 2176 S.
1359 2137 1688 2207 chrysostomum

234 2197 453 2233 orationem
484 2194 670 2233 habuisse
703 2195 754 2233 ad
785 2197 977 2247 populum
1007 2194 1072 2235 ἐπὶ
1102 2198 1176 2235 τοῦ
1201 2192 1378 2247 βήματος
1399 2198 1479 2235 τῶν
1503 2191 1688 2247 οἷναγνω-

233 2253 337 2291 στῶν
365 2247 648 2301 καθεζόμειον.
704 2265 834 2303 neque
867 2253 981 2289 aliter
1015 2252 1194 2289 Socrates
1222 2253 1249 2289 l.
1270 2253 1316 2300 6,
1346 2252 1415 2288 ubi
1435 2252 1567 2289 scribit
1587 2263 1687 2288 eun-
1731 2282 1741 2289 .

233 2306 326 2344 dem
357 2321 410 2345 ex
439 2308 605 2345 ambone
627 2314 670 2345 ut
693 2309 909 2374 plurimum
928 2307 980 2344 ad
999 2310 1192 2359 populum
1214 2321 1440 2359 peror‚asse
1472 2305 1570 2348 ὅθεν
1595 2302 1688 2347 εἷό-

232 2368 303 2404 θει
333 2364 400 2403 καὶ
433 2362 626 2415 πρότερον
655 2362 816 2415 ὁμιλεῖν.
872 2366 915 2401 111
940 2366 1102 2402 concilio
1121 2365 1343 2403 Laodiceno
1362 2377 1449 2401 can.
1475 2364 1524 2405 15
1546 2362 1688 2400 dicun-

232 2427 299 2458 tur
326 2422 505 2457 canonici
534 2421 686 2471 psaltae
709 2419 774 2460 ἐπὶ
794 2435 864 2459 *cuv
887 2418 1052 2472 ἅμβωνα
1077 2418 1330 2473 ἀναβαίνειν,
1361 2427 1400 2458 et
1423 2422 1465 2457 in
1484 2419 1584 2456 libro
1610 2419 1688 2456 Sa-

233 2483 524 2514 cramentorum
551 2477 592 2514 S.
620 2477 819 2526 Gregorii:
848 2477 1025 2514 ascendit
1055 2477 1174 2515 lector
1194 2479 1236 2514 in
1258 2476 1481 2521 ambonem,
1504 2489 1688 2526 pronun-

233 2534 339 2569 tians
366 2539 438 2569 etc.
496 2535 552 2570 ita
579 2531 750 2585 denique
778 2533 820 2570 S.
839 2534 1069 2584 -Cyprianus
1099 2548 1161 2585 ep.
1192 2532 1247 2574 34
1273 2535 1461 2570 lectorem
1490 2534 1543 2569 ait
1571 2545 1688 2582 super

226 2589 450 2640 pulpitum,
481 2589 526 2626 id
543 2596 598 2625 est
614 2603 730 2639 super
749 2588 930 2626 tribunal
946 2590 1145 2635 ecclesiae,
1169 2590 1394 2639 impositum
1414 2588 1553 2639 legisse
1563 2600 1688 2638 prae-

234 2652 348 2696 cepta
382 2653 419 2681 et
450 2645 701 2695 evangelium
729 2645 890 2682 domiui.
953 2647 1102 2683 soleam
1129 2645 1395 2696 Sophianam‚
1422 2652 1467 2681 ut
1487 2651 1526 2682 et
1546 2644 1687 2682 ambo-

234 2715 348 2750 nem,
389 2714 442 2738 ex
472 2700 656 2753 onychite
685 2700 838 2753 lapide,
868 2701 908 2750 ἐξ
940 2698 1119 2753 ὀνυχίτου
1150 2704 1290 2750 λίθου,
1321 2701 1534 2739 confecisse
1565 2702 1688 2740 Iusti-

234 2759 400 2795 nianum
428 2756 607 2805 tradunt,
639 2760 706 2810 qui
736 2764 947 2810 utrumque
969 2771 1062 2796 casu
1089 2759 1231 2795 trullae
1253 2758 1496 2795 confractum
1513 2762 1686 2804 narrant,

234 2815 279 2851 in
300 2814 442 2867 quibus
460 2820 521 2865 est
539 2813 754 2853 cedrenus.
793 2813 1027 2868 Anonymus
1044 2815 1170 2853 multo
1186 2815 1459 2867 pretiosiorem
1479 2812 1686 2853 describit:
