1890 3224
483 216 558 258 DE
591 217 978 262 EXPEDITIONE
1004 221 1231 265 PERSICA
1256 223 1377 267 ACR.
1402 225 1436 270 I.
1608 245 1611 247 ·
1657 232 1689 277 9

452 330 487 371 εἲ
508 327 691 387 δεύτερόν
710 348 770 382 τις
791 331 866 386 0²37:
887 330 1110 390 ἁμαρτήσει
1128 335 1251 391 λέγων

449 397 519 438 τὸν
541 396 595 448 ὥς
615 399 783 454 ἀληθῶς
804 405 964 456 πρῶτον
983 404 1040 452 εἷς
1061 400 1277 460 ἁμαρτίαν.

447 465 586 518 λαβὼν
604 467 648 508 δὲ
671 467 743 521 τὴν
763 471 882 510 θείαν
903 486 945 511 τε
967 472 1033 511 καὶ
1057 470 1277 525 σεβάσμιον

334 528 415 571 140
443 534 607 589 μορφὴν
628 535 777 590 ἕκείνην
794 540 866 592 τῆς
888 543 1051 594 γραφῆς
1068 543 1140 593 τῆς
1161 539 1362 598 ἀγράφου,

442 599 492 654 ἣν
513 609 645 658 χεῖρες
666 603 739 645 οὐκ
762 603 958 661 ἔγραψαν,
983 606 1090 648 ’ἀλλ’
1113 609 1155 649 ἓν
1178 608 1297 650 εἷκόνι

443 666 465 709 ὅ
490 668 620 711 πάντα
638 676 812 728 μορφιῦν
832 675 899 714 καὶ
920 673 1176 717 &anicium
1195 675 1314 732 λόγος

443 735 536 778 ἄνευ
558 743 720 794 γραφῆς
735 738 972 797 μόρφωσιν,
1009 741 1065 793 ὥς
1087 743 1180 786 ἄνευ
1204 748 1360 802 σπορᾶς

440 802 582 858 κύησιν
600 805 743 857 αὐτός,
778 806 834 857 ὥς
853 809 1060 852 ἐπίσταται
1068 841 1083 861 ,
1114 812 1226 868 φέρει

328 868 408 913 145
439 871 580 928 (ἐχρῆν
603 873 680 930 γὰρ
703 873 828 916 αὐτόν
837 906 852 926 ,
890 874 946 925 ὧς
965 875 1054 920 τότε
1080 884 1236 935 σπορᾶς
1258 881 1373 934 δίχα,

437 939 543 981 οὕτω
566 945 797 983 τυποῦσθαι
820 944 887 985 καὶ
910 943 1031 986 πάλιν
1047 952 1208 1003 γραφῆς
1228 946 1336 999 ἄνευ,

433 1005 542 1058 ὅπως
565 1009 624 1050 δι’
651 1009 804 1066 ἀμφοῖν
826 1015 901 1053 τοῦ
922 1011 1044 1067 λόγου
1066 1016 1354 1071 μορφοιῃιείὀυ

431 1076 529 1132 μένῃ
553 1075 599 1118 τὸ
622 1077 762 1120 πιστὸν
783 1083 857 1133 τῆς
879 1080 1237 1137 ἓνανθρωπῆσεως,

431 1147 512 1184 τῶν
533 1151 846 1200 φαντασιαστιῦν
869 1149 1070 1202 ἕξελὲγχον
1091 1149 1164 1204 τὴν
1183 1148 1357 1204 πλάνην)
1378 1177 1429 1185 -

317 1209 400 1253 150
433 1209 563 1269 τούτῳ
584 1214 791 1264 πεποιθὼς
811 1220 870 1272 τῷ
889 1215 1112 1273 θεογράφῳ
1134 1217 1247 1276 τύπῳ

429 1280 549 1321 θείαν
573 1280 760 1336 ἀπαρχὴν
779 1287 860 1324 τῶν
884 1282 1048 1339 ἀγώνων
1067 1284 1264 1340 εῗργάσω·

429 1345 508 1389 ἔδει
529 1347 607 1405 γὰρ
631 1347 747 1403 ἡμῶν
768 1349 839 1391 τὸν
857 1351 1079 1409 συνήγορον
1101 1351 1221 1408 λόγον

427 1413 587 1465 πάντως
607 1424 791 1473 παρεῖναι
816 1422 889 1473 τῆς
909 1421 1022 1475 δίκης
1038 1423 1286 1477 κινουμένης.

426 1487 478 1538 τῇ
500 1485 666 1542 δευτέρᾳ
691 1486 734 1527 δὲ
757 1490 830 1540 τῆς
850 1485 994 1543 ἑορτῆς
1012 1486 1144 1547 ἡμέρᾳ

310 1549 390 1593 155
422 1551 590 1593 σεαυτὸν
613 1552 739 1602 εὐθὺς
757 1553 947 1606 ἐμβαλών
966 1563 1055 1605 ταῖς
1074 1553 1216 1598 ὁλκάσι

421 1618 492 1661 τὸν
509 1617 631 1675 ὗγρόν
651 1621 849 1674 ἔξέτεμνες
866 1621 1035 1673 εὐτόνως
1053 1622 1194 1680 πόρον,

420 1689 488 1729 καὶ
510 1687 559 1741 δὴ
579 1689 794 1744 παρέπλεις
813 1689 940 1740 εὐθὺς
955 1689 1133 1747 εΗραιάς
1152 1690 1322 1741 τόπους·

421 1754 527 1796 οὕτω
546 1754 624 1811 γὰρ
647 1755 774 1811 αὐτὴν
795 1755 1002 1811 ὠνόμαζον
1021 1759 1065 1800 ἐκ
1087 1757 1243 1813 πλάνης

418 1826 492 1876 τῆς
510 1824 602 1878 πρὶν
624 1821 850 1879 κρατούσης
875 1826 1069 1880 διαδοχὴν
1093 1825 1340 1882 δεδεγμένοι,

303 1893 384 1932 160
419 1891 495 1940 ἕως
514 1888 689 1947 ἔτρεψας
707 1890 882 1946 εὐσεβῶς
897 1891 1170 1951 μεθαρμόσας

290 2027 356 2079 137
380 2008 582 2088 ἆμαρτήσῗεῖ
603 2042 634 2076 P
787 2044 854 2079 139
878 2010 1080 2090 σεβάσμίιόζ
1101 2044 1165 2079 cod
1212 2088 1231 2098 ..
1319 2042 1385 2079 148
1407 2010 1508 2088 μένῖἷ
1523 2044 1589 2079 cod
1611 2047 1654 2089 P,

283 2131 389 2177 μένοι
410 2134 444 2166 V
499 2133 580 2172 ‚149
602 2134 867 2176 φαντασιαςῶν
883 2132 1075 2181 ἐξελέγχων
1098 2136 1163 2180 ed,
1176 2100 1496 2180 τι,ιειῖιιντασιαστῶιι·
1518 2132 1654 2182 ἐξελέγ-

281 2191 347 2224 χον
370 2178 435 2213 cod
571 2179 640 2215 152
661 2175 767 2223 ὑμῶν
788 2180 833 2215 ed

189 2272 446 2316 repraesentans
459 2268 613 2314 Mosem,
643 2269 735 2306 acies
752 2269 896 2305 eduxisti
911 2273 1030 2305 contra
1044 2270 1256 2305 Pharaonem
1271 2271 1412 2306 alterum
1423 2298 1434 2315 ‚
1458 2272 1488 2306 si
1502 2271 1578 2317 quis
1594 2276 1648 2307 ta-

189 2326 263 2349 men
279 2327 345 2349 non
361 2318 454 2349 errat
468 2326 594 2349 vocans
609 2315 770 2359 alterum,
807 2317 865 2362 qui
887 2328 972 2351 vere
987 2315 1053 2350 fuit
1067 2316 1194 2361 primus
1208 2317 1242 2351 in
1258 2323 1414 2362 peccato.
1461 2322 1530 2351 tum
1544 2330 1647 2353 manu

188 2361 350 2406 accepisti
365 2360 509 2394 divinam
533 2364 567 2394 et
589 2361 814 2396 venerandam
843 2362 946 2406 (140)
963 2362 1109 2406 effigiem
1135 2362 1226 2396 illam
1248 2363 1404 2407 picturae
1428 2374 1495 2397 non
1520 2364 1644 2408 pictae,

187 2416 284 2451 quam
304 2417 422 2440 manus
445 2417 512 2440 non
535 2405 738 2450 pinxerunt,
778 2406 840 2441 sed
862 2407 896 2440 in
918 2407 1063 2452 imagine
1083 2409 1224 2442 verbum
1240 2409 1390 2452 figurans
1408 2414 1444 2442 et
1465 2408 1644 2443 efformans

185 2452 294 2484 omnia
308 2451 406 2485 finxit
417 2477 427 2494 ‚
455 2451 598 2495 figuram
612 2451 685 2485 sine
700 2452 831 2496 pictura
842 2479 853 2496 ‚
875 2452 965 2487 sicut
978 2453 1052 2487 sine
1065 2453 1189 2487 semine
1202 2453 1289 2487 idem
1306 2454 1558 2498 conceptionem
1569 2481 1579 2497 ‚
1604 2459 1644 2489 ut

185 2496 310 2538 scitur,
331 2497 446 2532 habet.
499 2496 603 2540 (145)
620 2497 802 2542 oportebat
816 2497 902 2532 enim
916 2497 1023 2543 ipsum
1036 2525 1047 2542 ,
1081 2498 1172 2532 sicut
1186 2502 1267 2532 tunc
1281 2499 1354 2532 sine
1368 2499 1494 2533 semine
1505 2525 1516 2543 ,
1539 2500 1593 2534 sic·
1605 2504 1641 2534 et

184 2546 307 2584 postea
321 2542 439 2586 effingi
452 2541 524 2576 sine
538 2542 668 2587 pictura
677 2569 688 2585 ,
726 2547 766 2576 ut
781 2554 844 2588 per
858 2546 1035 2588 utrumque
1056 2544 1155 2578 verbi
1171 2544 1374 2588 configurati
1388 2551 1540 2579 maneret
1553 2545 1640 2579 fides

182 2586 438 2628 incarnationis,
477 2593 514 2621 et
538 2588 839 2632 phantasiastarum
867 2589 1128 2623 confunderetur
1154 2600 1260 2624 error.
1311 2589 1416 2634 (150)
1440 2587 1503 2624 hoc
1526 2591 1639 2625 fretus

181 2631 340 2666 divinitus
364 2632 480 2666 efficto
504 2632 601 2676 signo
624 2638 763 2667 sanctas
783 2633 946 2679 primitias
967 2635 1182 2668 certaminum
1198 2634 1330 2669 fecisti=
1354 2637 1534 2680 oportebat
1550 2637 1637 2670 enim

181 2682 359 2722 patronum
373 2678 512 2711 verbum
527 2678 658 2712 omnino
673 2680 715 2712 ad
742 2690 842 2713 arere
853 2705 865 2722 ‚
888 2689 927 2713 se
947 2683 1110 2714 movente
1133 2679 1271 2713 iustitia.
1318 2681 1466 2714 secunda
1480 2691 1564 2714 vero
1579 2682 1634 2714 fe-

180 2722 343 2756 stivitatis
355 2722 411 2756 die
426 2723 526 2767 (155)
539 2728 576 2756 te
587 2722 696 2768 ipsum
710 2726 719 2733 “
733 2725 800 2759 lico
816 2724 1025 2759 committens
1038 2725 1178 2759 navibus
1193 2725 1360 2760 humidam
1373 2727 1498 2760 secasti
1512 2726 1635 2760 alacri·

179 2771 234 2801 ter
249 2767 348 2810 viam,
365 2771 401 2801 et
414 2767 504 2801 ultra
518 2765 676 2803 Heraea'e
691 2774 794 2815 eaput
809 2769 876 2803 cito
891 2769 1196 2815 praeternavigasti
1211 2782 1220 2803 ε
1242 2770 1291 2803 ita
1306 2771 1394 2805 enim
1407 2771 1515 2816 ipsam
1528 2782 1633 2805 voca-

178 2813 262 2848 bant
276 2825 319 2848 ex
334 2824 469 2856 errore,
500 2813 558 2858 qui
572 2813 695 2848 iamdiu
709 2814 922 2858 invaluerat,
943 2825 1160 2851 successores
1170 2841 1182 2860 ,
1205 2815 1311 2860 (160)
1326 2816 1436 2851 donec
1449 2817 1508 2862 pia
1522 2828 1632 2851 rerum
