1890 3224
272 227 334 273 10
755 223 992 270 GEORGII
1015 223 1227 268 PISIDAE

486 338 532 382 τὸ
554 340 626 393 τῆς
646 333 799 393 πλάνης
819 336 965 388 ἄδοξον
985 338 1040 388 εἷς
1057 333 1250 388 εὗδοξίαν.

545 406 692 462 Τρέμω
713 406 756 448 δὲ
777 403 929 448 τούτων
947 403 1226 460 μνημονεύσας
1247 404 1326 445 τῶν
1346 397 1476 445 τῦπων

486 477 579 530 σιγῇ
599 477 815 530 παρελθεῖν
834 471 884 528 ἢν
902 474 943 515 ἓν
963 473 1100 523 αὐτοῖς
1121 470 1292 529 εἶργάσω

485 538 650 596 ἔναγχος
671 540 892 595 εὐσέβειαν·
921 539 1032 583 ἔσται
1055 541 1132 597 γὰρ
1152 538 1259 594 τάχα

374 606 454 650 165
488 610 556 650 καὶ
573 615 656 659 τοῖς
677 609 781 662 μεθ’
805 607 913 663 ἡμᾶς
933 606 959 663 ἦ
980 608 1110 662 σιωπὴ
1135 608 1267 662 ζημία.

487 676 581 718 ἀλλ’
607 677 648 718 ἓν
667 674 911 733 παρεκβάσει
931 693 981 730 με
1003 680 1076 718 τοῦ
1095 679 1248 718 σκοποῦ
1266 670 1385 715 πάλιν

487 746 655 800 δραμεῖν
677 745 852 786 θέλοντα
870 743 940 786 τὸν
955 747 1138 800 βιωφελῆ
1161 741 1310 799 δρόμον

486 810 545 865 μή
567 828 628 861 τις
647 810 846 868 πάρεργος
866 815 938 853 τοῦ
957 809 1075 866 λόγου
1098 810 1167 852 τὸν
1189 809 1310 852 ἱππέα

484 877 636 935 σπεύσῃ
658 885 869 932 κατασχεῖν
888 884 978 928 ταῖς
1001 875 1178 934 ἀφώνοις
1197 875 1339 932 ἡνίαις.

371 948 452 990 170
536 941 619 988 Ἠν
637 947 710 1000 μὲν
728 944 865 989 Νότου
886 944 1128 995 πνεύσαντος
1149 947 1204 994 εἷς
1224 939 1450 986 τούναντίον

485 1015 834 1071 παλινδρομοῦντα
854 1011 1053 1063 συντόνως
1071 1013 1122 1055 τὰ
1142 1011 1345 1070 ῥεύματα,

485 1083 554 1123 καὶ
574 1081 645 1131 νὺξ
666 1081 841 1138 ἀφεγγὴς
860 1082 927 1123 καὶ
946 1079 1158 1136 βράσαντα
1177 1078 1339 1133 κύματα

487 1150 630 1203 διπλῆν
650 1147 824 1203 ἀνάγκην
846 1152 918 1203 τῆς
939 1146 1061 1202 ζάλης
1080 1146 1301 1203 εῗργάζετω

485 1216 535 1257 σὺ
556 1217 620 1266 δέ,
650 1214 858 1272 κράτιστε,
890 1215 963 1269 τὴν
985 1214 1135 1256 ἄϋπνον
1155 1213 1325 1271 ἑσπέραν

372 1283 452 1325 175
483 1283 719 1336 εἰθισμένως
739 1281 916 1336 ἕτεμνες,
951 1282 1057 1338 εἴπερ
1081 1279 1252 1338 ἑσπέραν

487 1355 620 1392 καλεῖν
641 1348 830 1407 προσήκει
850 1349 922 1404 τὴν
942 1350 998 1391 δι’
1021 1347 1135 1403 ὑμῶν
1154 1347 1321 1405 ἡμέραν.

485 1418 601 1474 φωνὴ
627 1418 667 1459 δ’
692 1417 858 1460 ἄπωθεν
877 1418 999 1468 ὀξέων
1019 1415 1293 1473 θρηνημάτων

482 1485 557 1534 τὰς
576 1485 652 1534 σὰς
671 1483 983 1541 κατεβρόντησεν
1003 1484 1176 1536 εὐσεβεῖς
1196 1483 1359 1540 φρένας.

482 1553 525 1594 ἔκ
547 1550 737 1606 κυμάτων
757 1553 800 1594 δὲ
819 1554 1026 1606 δυστυχῶς
1049 1551 1262 1605 ὥθουμένη

368 1623 448 1663 180
484 1618 606 1669 ὁλκὰς
626 1620 934 1675 προσεσκίρτησε
955 1620 1128 1676 πετραίῳ
1152 1616 1281 1674 πάγῳ,

481 1687 610 1741 πολλὴ
633 1687 676 1728 δὲ
699 1685 966 1742 παφλάζουσα
988 1685 1195 1743 ῥευμάτων
1215 1684 1296 1739 βοὴ

481 1754 552 1796 τὸν
574 1749 673 1808 ἦχον
691 1752 898 1807 ὖψώσασα
919 1760 1007 1803 ταῖς
1027 1754 1189 1810 πέτραις
1210 1751 1304 1795 ὅλον

482 1820 560 1871 ἔξω
578 1821 646 1863 τὸν
668 1819 801 1877 ἀφρὸν
820 1821 968 1877 ἀγρίως
986 1821 1172 1872 ἀνέπτυε,

483 1890 550 1930 καὶ
573 1889 848 1945 προσραγέντα
871 1895 954 1938 τοῖς
973 1889 1106 1939 λίθοις
1126 1886 1178 1930 τά
1198 1884 1358 1940 κύματα

367 1957 448 2000 185
485 1957 528 1999 ἐκ
549 1960 627 1998 τῶν
647 1957 792 2010 βιαίων
814 1955 946 2014 ὥσπερ
968 1953 1295 2013 ἀντικρουμάτων

358 2109 426 2145 166
456 2107 684 2154 παρεμβάσει
708 2108 751 2143 ed
911 2107 977 2143 169
1006 2072 1152 2151 onedo‘iq‘
1176 2105 1206 2140 Ρ
1368 2103 1434 2140 171
1465 2102 1655 2150 συντόμως
1676 2104 1719 2139 ed

358 2198 424 2234 177
448 2165 604 2232 &agea
624 2198 654 2232 Ρ
664 2243 667 2257 Ι

267 2288 528 2323 commutatione
550 2287 745 2323 convertisti
760 2288 881 2324 erroris
905 2287 1051 2323 dedecus
1065 2287 1098 2323 in
1113 2286 1254 2323 nominis
1269 2286 1508 2323 celebritatem.
1553 2285 1718 2333 timerem,

268 2334 298 2368 εἰ
315 2334 399 2367 haec
415 2333 489 2367 loca
503 2345 688 2367 memorans
703 2333 834 2367 silentio
852 2334 1069 2378 praeterirem
1079 2360 1087 2374 ‚
1119 2346 1218 2379 quam
1242 2334 1274 2367 in
1297 2334 1378 2378 ipsis
1394 2331 1595 2367 constituisti
1611 2342 1718 2376 nuper

265 2378 473 2421 religionem.
527 2379 592 2412 erit
607 2379 693 2412 enim
707 2379 803 2412 brevi
820 2379 923 2423 (165)
942 2379 1041 2413 etiam
1057 2379 1202 2425 posteris
1216 2379 1382 2412 silentium
1397 2390 1519 2423 poena.
1563 2377 1626 2411 sed
1641 2387 1718 2411 rur-

265 2434 325 2458 sus
340 2424 374 2457 in
389 2423 596 2467 digressione
611 2424 711 2457 video
728 2435 779 2458 me
795 2435 815 2457 a
829 2425 1002 2469 proposito
1018 2436 1154 2458 currere
1170 2424 1340 2458 volentem
1357 2424 1471 2458 utilem
1487 2433 1618 2457 cursum
1628 2449 1640 2465 ‚
1675 2433 1720 2456 ne

266 2480 376 2502 sermo
393 2469 640 2513 perfunctorius
656 2469 800 2514 equitem
816 2470 996 2503 contendat
1009 2469 1158 2504 retinere
1174 2470 1272 2504 mutis
1286 2470 1435 2503 habenis.
1472 2469 1575 2512 (170)
1592 2468 1717 2501 Austro

264 2514 418 2558 spirante
434 2526 476 2548 ex
490 2514 635 2548 adverso
651 2515 785 2548 fuerant
799 2525 915 2547 rursus
931 2515 1101 2559 relegendi
1114 2514 1312 2560 quantocius
1323 2513 1466 2554 fluctus3
1483 2518 1521 2547 et
1534 2524 1601 2546 nox
1617 2513 1718 2548 caeca

265 2565 302 2593 et
317 2564 511 2593 aestuantes
527 2560 634 2593 undae
650 2559 772 2605 duplex
788 2559 968 2603 periculum
983 2561 1157 2606 procellae
1173 2561 1337 2594 fecerant.
1385 2564 1423 2593 tu
1437 2570 1521 2593 vero
1533 2586 1543 2602 ‚
1568 2557 1719 2592 fortissi-

264 2615 340 2649 me,
373 2604 555 2639 insomnem
569 2609 700 2638 noctem
725 2603 828 2649 (175)
843 2604 888 2637 de
905 2616 996 2639 more
1011 2603 1224 2649 transegisti,
1254 2604 1283 2638 si
1304 2610 1415 2638 tamen
1437 2609 1571 2638 noctem
1592 2613 1719 2637 vocare

265 2650 385 2693 decet,
415 2661 500 2695 quae
515 2661 578 2696 per
592 2655 626 2684 te
642 2650 706 2684 fuit
721 2649 805 2683 dies.
851 2660 920 2683 vox
935 2656 1043 2684 autem
1059 2651 1159 2693 longe
1173 2650 1264 2683 acuti
1281 2650 1422 2683 eiulatus
1438 2650 1482 2683 ad
1499 2655 1576 2683 tuus
1594 2648 1718 2682 circum

263 2694 407 2729 intonuit
422 2696 495 2741 pias
510 2699 647 2730 mentes.
693 2695 738 2728 ab
763 2694 858 2727 undis
883 2706 966 2728 vero
991 2695 1171 2730 infeliciter
1189 2696 1318 2729 iactata
1335 2696 1436 2739 (180)
1454 2694 1550 2728 navis
1564 2693 1651 2728 illisa
1665 2696 1720 2726 est

263 2741 306 2772 nd
322 2745 494 2786 petraeum
508 2741 691 2786 scopulum,
748 2739 869 2774 multus
885 2745 995 2774 autem
1011 2741 1241 2775 effervescens
1258 2740 1421 2774 undarum
1439 2740 1557 2783 fragor
1568 2767 1579 2784 ‚
1597 2738 1720 2773 2inter-

262 2796 331 2829 que
345 2785 502 2831 scopulos
516 2786 680 2820 extollens
696 2786 764 2819 late
778 2784 932 2827 sonitum,
955 2786 1048 2819 foras
1062 2797 1198 2831 spumas
1213 2786 1400 2820 immaniter
1416 2785 1569 2831 exspuit3
1593 2787 1630 2818 et
1643 2781 1719 2817 illisi

263 2831 418 2867 cautibus
444 2831 590 2874 fluctus,
632 2831 735 2877 (185)
762 2830 866 2866 veluti
889 2842 932 2866 ex
958 2831 1149 2866 vehementi
1175 2830 1330 2878 repulsu,
1360 2831 1462 2876 longe
1487 2829 1721 2865 iaculabantur
