<?xml version="1.0" encoding="UTF-8"?>
<!DOCTYPE html PUBLIC "-//W3C//DTD XHTML 1.0 Transitional//EN"
    "http://www.w3.org/TR/xhtml1/DTD/xhtml1-transitional.dtd">
<html xmlns="http://www.w3.org/1999/xhtml" xml:lang="en" lang="en">
 <head>
  <title>
</title>
<meta http-equiv="Content-Type" content="text/html;charset=utf-8" />
  <meta name='ocr-system' content='tesseract 3.04.00' />
  <meta name='ocr-capabilities' content='ocr_page ocr_carea ocr_par ocr_line ocrx_word'/>
</head>
<body>
  <div class='ocr_page' id='page_1' title='image "./corpusscriptorum42niebuoft/corpusscriptorum42niebuoft_0311.png"; bbox 0 0 1890 3224; ppageno 0'>
   <div class='ocr_carea' id='block_1_1' title="bbox 627 165 1621 210">
    <p class='ocr_par' dir='ltr' id='par_1_1' title="bbox 627 165 1621 210">
     <span class='ocr_line' id='line_1_1' title="bbox 627 165 1621 210; baseline 0.003 -3"><span class='ocrx_word' id='word_1_1' title='bbox 627 165 853 208; x_wconf 84' lang='lat' dir='ltr'><strong>BELLUM</strong></span> <span class='ocrx_word' id='word_1_2' title='bbox 883 165 1182 210; x_wconf 81' lang='lat' dir='ltr'>AVARIGUM.</span> <span class='ocrx_word' id='word_1_3' title='bbox 1559 166 1621 210; x_wconf 82' lang='lat'>63</span> 
     </span>
    </p>
   </div>
   <div class='ocr_carea' id='block_1_2' title="bbox 282 277 1418 2038">
    <p class='ocr_par' dir='ltr' id='par_1_2' title="bbox 394 277 1194 337">
     <span class='ocr_line' id='line_1_2' title="bbox 394 277 1194 337; baseline 0.001 -15"><span class='ocrx_word' id='word_1_4' title='bbox 394 283 519 337; x_wconf 75' lang='grc' dir='ltr'><em>κῆρυξ</em></span> <span class='ocrx_word' id='word_1_5' title='bbox 539 278 560 321; x_wconf 86' lang='grc' dir='ltr'><em>ὃ</em></span> <span class='ocrx_word' id='word_1_6' title='bbox 584 279 733 330; x_wconf 81' lang='grc' dir='ltr'><em>καπνὸς</em></span> <span class='ocrx_word' id='word_1_7' title='bbox 754 283 826 322; x_wconf 82' lang='grc' dir='ltr'>τοῦ</span> <span class='ocrx_word' id='word_1_8' title='bbox 849 277 1016 330; x_wconf 81' lang='grc' dir='ltr'><strong><em>σκότους</em></strong></span> <span class='ocrx_word' id='word_1_9' title='bbox 1036 280 1194 336; x_wconf 73' lang='grc' dir='ltr'><em>ἐγίνετο.</em></span> 
     </span>
    </p>

    <p class='ocr_par' dir='ltr' id='par_1_3' title="bbox 282 342 1352 474">
     <span class='ocr_line' id='line_1_3' title="bbox 395 342 1352 406; baseline 0.002 -16"><span class='ocrx_word' id='word_1_10' title='bbox 395 347 495 405; x_wconf 69' lang='grc' dir='ltr'><em>ἴρως</em></span> <span class='ocrx_word' id='word_1_11' title='bbox 515 348 592 405; x_wconf 79' lang='grc' dir='ltr'>γὰρ</span> <span class='ocrx_word' id='word_1_12' title='bbox 613 342 662 403; x_wconf 74' lang='grc' dir='ltr'><em>ἦν</em></span> <span class='ocrx_word' id='word_1_13' title='bbox 683 366 743 398; x_wconf 85' lang='grc' dir='ltr'>τις</span> <span class='ocrx_word' id='word_1_14' title='bbox 767 354 851 398; x_wconf 73' lang='grc' dir='ltr'><em>τοῖς</em></span> <span class='ocrx_word' id='word_1_15' title='bbox 872 348 936 390; x_wconf 73' lang='grc' dir='ltr'>ἐπ’</span> <span class='ocrx_word' id='word_1_16' title='bbox 965 348 1090 406; x_wconf 71' lang='grc' dir='ltr'><em>ἄμφω</em></span> <span class='ocrx_word' id='word_1_17' title='bbox 1113 345 1352 406; x_wconf 80' lang='grc' dir='ltr'><em>βαρβάροις,</em></span> 
     </span>
     <span class='ocr_line' id='line_1_4' title="bbox 282 414 1208 474; baseline 0.003 -17"><span class='ocrx_word' id='word_1_18' title='bbox 282 415 364 458; x_wconf 84' lang='grc'>400</span> <span class='ocrx_word' id='word_1_19' title='bbox 398 417 473 471; x_wconf 82' lang='grc' dir='ltr'><em>οὐχ</em></span> <span class='ocrx_word' id='word_1_20' title='bbox 493 416 602 467; x_wconf 83' lang='grc' dir='ltr'><em>ὅστις</em></span> <span class='ocrx_word' id='word_1_21' title='bbox 622 415 727 459; x_wconf 82' lang='grc' dir='ltr'><em>ὅπλα</em></span> <span class='ocrx_word' id='word_1_22' title='bbox 747 414 1046 474; x_wconf 74' lang='grc' dir='ltr'><em>συντομώτερον</em></span> <span class='ocrx_word' id='word_1_23' title='bbox 1066 417 1208 471; x_wconf 89' lang='grc' dir='ltr'><em>λάβοι,</em></span> 
     </span>
    </p>

    <p class='ocr_par' dir='ltr' id='par_1_4' title="bbox 401 483 1317 542">
     <span class='ocr_line' id='line_1_5' title="bbox 401 483 1317 542; baseline 0.002 -16"><span class='ocrx_word' id='word_1_24' title='bbox 401 485 494 527; x_wconf 79' lang='grc' dir='ltr'><em>ἀλλ’</em></span> <span class='ocrx_word' id='word_1_25' title='bbox 518 483 563 535; x_wconf 75' lang='grc' dir='ltr'>ὃς</span> <span class='ocrx_word' id='word_1_26' title='bbox 583 484 796 542; x_wconf 76' lang='grc' dir='ltr'><em>προφλέξει</em></span> <span class='ocrx_word' id='word_1_27' title='bbox 816 485 910 535; x_wconf 78' lang='grc' dir='ltr'><em>τοὺς</em></span> <span class='ocrx_word' id='word_1_28' title='bbox 937 485 1139 536; x_wconf 78' lang='grc' dir='ltr'><em>ἀναιτίους</em></span> <span class='ocrx_word' id='word_1_29' title='bbox 1163 488 1317 536; x_wconf 88' lang='grc' dir='ltr'><em>λίθους.</em></span> 
     </span>
    </p>

    <p class='ocr_par' dir='ltr' id='par_1_5' title="bbox 399 551 1317 612">
     <span class='ocr_line' id='line_1_6' title="bbox 399 551 1317 612; baseline 0.002 -18"><span class='ocrx_word' id='word_1_30' title='bbox 399 554 464 595; x_wconf 79' lang='grc' dir='ltr'><em>καὶ</em></span> <span class='ocrx_word' id='word_1_31' title='bbox 486 556 615 596; x_wconf 82' lang='grc' dir='ltr'><em>ταῦτα</em></span> <span class='ocrx_word' id='word_1_32' title='bbox 634 553 708 607; x_wconf 75' lang='grc' dir='ltr'>μὲν</span> <span class='ocrx_word' id='word_1_33' title='bbox 731 552 780 608; x_wconf 80' lang='grc' dir='ltr'>δὴ</span> <span class='ocrx_word' id='word_1_34' title='bbox 802 557 944 595; x_wconf 85' lang='grc' dir='ltr'><em>τοῦτον</em></span> <span class='ocrx_word' id='word_1_35' title='bbox 968 551 1044 608; x_wconf 70' lang='grc' dir='ltr'><em>εἶχε</em></span> <span class='ocrx_word' id='word_1_36' title='bbox 1067 555 1137 596; x_wconf 83' lang='grc' dir='ltr'>τὸν</span> <span class='ocrx_word' id='word_1_37' title='bbox 1158 553 1317 612; x_wconf 77' lang='grc' dir='ltr'><em>τρόπον.</em></span> 
     </span>
    </p>

    <p class='ocr_par' dir='ltr' id='par_1_6' title="bbox 400 621 1285 678">
     <span class='ocr_line' id='line_1_7' title="bbox 400 621 1285 678; baseline 0.001 -15"><span class='ocrx_word' id='word_1_38' title='bbox 400 621 478 676; x_wconf 74' lang='grc' dir='ltr'>ἤδη</span> <span class='ocrx_word' id='word_1_39' title='bbox 503 622 545 664; x_wconf 74' lang='grc' dir='ltr'>δὲ</span> <span class='ocrx_word' id='word_1_40' title='bbox 564 621 704 663; x_wconf 82' lang='grc' dir='ltr'><em>λοιπὸν</em></span> <span class='ocrx_word' id='word_1_41' title='bbox 726 626 1034 678; x_wconf 81' lang='grc' dir='ltr'><em>συγκροτοῦντες</em></span> <span class='ocrx_word' id='word_1_42' title='bbox 1054 623 1127 665; x_wconf 51' lang='grc' dir='ltr'>τὶν</span> <span class='ocrx_word' id='word_1_43' title='bbox 1150 621 1285 678; x_wconf 80' lang='grc' dir='ltr'><em>μάχην</em></span> 
     </span>
    </p>

    <p class='ocr_par' dir='ltr' id='par_1_7' title="bbox 287 688 1338 817">
     <span class='ocr_line' id='line_1_8' title="bbox 403 688 1338 747; baseline 0.001 -16"><span class='ocrx_word' id='word_1_44' title='bbox 403 690 441 731; x_wconf 80' lang='grc' dir='ltr'><em>οἳ</em></span> <span class='ocrx_word' id='word_1_45' title='bbox 460 688 665 747; x_wconf 87' lang='grc' dir='ltr'><em>βάρβαροι</em></span> <span class='ocrx_word' id='word_1_46' title='bbox 685 690 758 744; x_wconf 74' lang='grc' dir='ltr'>μὲν</span> <span class='ocrx_word' id='word_1_47' title='bbox 779 694 852 732; x_wconf 86' lang='grc' dir='ltr'>τοῦ</span> <span class='ocrx_word' id='word_1_48' title='bbox 872 692 1064 733; x_wconf 73' lang='grc' dir='ltr'><em>δικαστοῦ</em></span> <span class='ocrx_word' id='word_1_49' title='bbox 1082 691 1178 741; x_wconf 80' lang='grc' dir='ltr'><em>τοῦς</em></span> <span class='ocrx_word' id='word_1_50' title='bbox 1189 690 1338 741; x_wconf 86' lang='grc' dir='ltr'><em>τόπους</em></span> 
     </span>
     <span class='ocr_line' id='line_1_9' title="bbox 287 758 1329 817; baseline 0.001 -18"><span class='ocrx_word' id='word_1_51' title='bbox 287 758 368 801; x_wconf 88' lang='grc'>405</span> <span class='ocrx_word' id='word_1_52' title='bbox 403 759 469 800; x_wconf 83' lang='grc' dir='ltr'><em>καὶ</em></span> <span class='ocrx_word' id='word_1_53' title='bbox 490 762 563 800; x_wconf 82' lang='grc' dir='ltr'>τοῦ</span> <span class='ocrx_word' id='word_1_54' title='bbox 585 762 814 815; x_wconf 78' lang='grc' dir='ltr'><em>στρατηγοῦ</em></span> <span class='ocrx_word' id='word_1_55' title='bbox 835 763 886 813; x_wconf 80' lang='grc' dir='ltr'>τῆ</span> <span class='ocrx_word' id='word_1_56' title='bbox 905 758 1101 816; x_wconf 78' lang='grc' dir='ltr'><em>ἄτρέπτου</em></span> <span class='ocrx_word' id='word_1_57' title='bbox 1123 760 1329 817; x_wconf 76' lang='grc' dir='ltr'><em>παρθένου</em></span> 
     </span>
    </p>

    <p class='ocr_par' dir='ltr' id='par_1_8' title="bbox 402 824 1185 880">
     <span class='ocr_line' id='line_1_10' title="bbox 402 824 1185 880; baseline 0.003 -13"><span class='ocrx_word' id='word_1_58' title='bbox 402 824 593 880; x_wconf 78' lang='grc' dir='ltr'><em>λαβόντες</em></span> <span class='ocrx_word' id='word_1_59' title='bbox 614 825 720 880; x_wconf 75' lang='grc' dir='ltr'><em>εἶχον</em></span> <span class='ocrx_word' id='word_1_60' title='bbox 741 825 886 868; x_wconf 78' lang='grc' dir='ltr'><em>ὡσανεὶ</em></span> <span class='ocrx_word' id='word_1_61' title='bbox 903 827 976 876; x_wconf 77' lang='grc' dir='ltr'>τὰς</span> <span class='ocrx_word' id='word_1_62' title='bbox 999 827 1185 879; x_wconf 77' lang='grc' dir='ltr'><em>ἀσπίδας,</em></span> 
     </span>
    </p>

    <p class='ocr_par' dir='ltr' id='par_1_9' title="bbox 404 893 1381 952">
     <span class='ocr_line' id='line_1_11' title="bbox 404 893 1381 952; baseline 0.002 -17"><span class='ocrx_word' id='word_1_63' title='bbox 404 895 469 936; x_wconf 82' lang='grc' dir='ltr'><em>καὶ</em></span> <span class='ocrx_word' id='word_1_64' title='bbox 489 893 584 944; x_wconf 76' lang='grc' dir='ltr'><em>τοὺς</em></span> <span class='ocrx_word' id='word_1_65' title='bbox 603 893 706 950; x_wconf 74' lang='grc' dir='ltr'><em>παρ’</em></span> <span class='ocrx_word' id='word_1_66' title='bbox 732 893 865 936; x_wconf 73' lang='grc' dir='ltr'><em>αὐτῶν</em></span> <span class='ocrx_word' id='word_1_67' title='bbox 887 896 1094 948; x_wconf 79' lang='grc' dir='ltr'><em>δυσσεβῶς</em></span> <span class='ocrx_word' id='word_1_68' title='bbox 1114 893 1381 952; x_wconf 69' lang='grc' dir='ltr'><em>ὑβρισμένους</em></span> 
     </span>
    </p>

    <p class='ocr_par' dir='ltr' id='par_1_10' title="bbox 404 960 1192 1018">
     <span class='ocr_line' id='line_1_12' title="bbox 404 960 1192 1018; baseline 0.003 -15"><span class='ocrx_word' id='word_1_69' title='bbox 404 960 506 1016; x_wconf 64' lang='grc' dir='ltr'><em>ἔχειν</em></span> <span class='ocrx_word' id='word_1_70' title='bbox 518 961 746 1018; x_wconf 74' lang='grc' dir='ltr'><em>συνεργοὺς</em></span> <span class='ocrx_word' id='word_1_71' title='bbox 767 964 824 1012; x_wconf 80' lang='grc' dir='ltr'>εἷς</span> <span class='ocrx_word' id='word_1_72' title='bbox 843 960 1018 1018; x_wconf 74' lang='grc' dir='ltr'><em>ἀνάγκην</em></span> <span class='ocrx_word' id='word_1_73' title='bbox 1041 963 1192 1018; x_wconf 77' lang='grc' dir='ltr'><em>ἠξίουν.</em></span> 
     </span>
    </p>

    <p class='ocr_par' dir='ltr' id='par_1_11' title="bbox 291 1028 1357 1155">
     <span class='ocr_line' id='line_1_13' title="bbox 406 1028 1357 1087; baseline 0.001 -16"><span class='ocrx_word' id='word_1_74' title='bbox 406 1028 613 1083; x_wconf 79' lang='grc' dir='ltr'><em>Σθλάβων</em></span> <span class='ocrx_word' id='word_1_75' title='bbox 632 1047 674 1072; x_wconf 90' lang='grc' dir='ltr'>τε</span> <span class='ocrx_word' id='word_1_76' title='bbox 698 1029 838 1085; x_wconf 79' lang='grc' dir='ltr'><em>πλήθη</em></span> <span class='ocrx_word' id='word_1_77' title='bbox 861 1029 1116 1087; x_wconf 82' lang='grc' dir='ltr'><em>Βουλγάροις</em></span> <span class='ocrx_word' id='word_1_78' title='bbox 1135 1031 1357 1087; x_wconf 74' lang='grc' dir='ltr'><em>μεμιγμένα</em></span> 
     </span>
     <span class='ocr_line' id='line_1_14' title="bbox 291 1095 1255 1155; baseline -0.001 -13"><span class='ocrx_word' id='word_1_79' title='bbox 291 1100 374 1142; x_wconf 90' lang='grc'>410</span> <span class='ocrx_word' id='word_1_80' title='bbox 407 1095 429 1139; x_wconf 83' lang='grc' dir='ltr'><strong>ὅ</strong></span> <span class='ocrx_word' id='word_1_81' title='bbox 450 1095 663 1155; x_wconf 89' lang='grc' dir='ltr'><em>βάρβαρος</em></span> <span class='ocrx_word' id='word_1_82' title='bbox 678 1100 773 1148; x_wconf 82' lang='grc' dir='ltr'><em>νοῦς</em></span> <span class='ocrx_word' id='word_1_83' title='bbox 793 1098 983 1151; x_wconf 70' lang='grc' dir='ltr'><em>ἐμβαλὼν</em></span> <span class='ocrx_word' id='word_1_84' title='bbox 1003 1105 1093 1148; x_wconf 79' lang='grc' dir='ltr'><em>ταῖς</em></span> <span class='ocrx_word' id='word_1_85' title='bbox 1114 1097 1255 1141; x_wconf 75' lang='grc' dir='ltr'><em>ὁλκάσι</em></span> 
     </span>
    </p>

    <p class='ocr_par' dir='ltr' id='par_1_12' title="bbox 408 1164 1269 1224">
     <span class='ocr_line' id='line_1_15' title="bbox 408 1164 1269 1224; baseline 0.002 -17"><span class='ocrx_word' id='word_1_86' title='bbox 408 1164 590 1221; x_wconf 79' lang='grc' dir='ltr'><em>(γλῦψας</em></span> <span class='ocrx_word' id='word_1_87' title='bbox 609 1166 686 1222; x_wconf 80' lang='grc' dir='ltr'>γὰρ</span> <span class='ocrx_word' id='word_1_88' title='bbox 707 1164 807 1220; x_wconf 68' lang='grc' dir='ltr'><em>εἶχεν</em></span> <span class='ocrx_word' id='word_1_89' title='bbox 827 1166 1092 1223; x_wconf 71' lang='grc' dir='ltr'><em>ἓσκυᾳωμένα</em></span> <span class='ocrx_word' id='word_1_90' title='bbox 1110 1165 1269 1224; x_wconf 74' lang='grc' dir='ltr'><em>σκάφη)</em></span> 
     </span>
    </p>

    <p class='ocr_par' dir='ltr' id='par_1_13' title="bbox 409 1232 1227 1290">
     <span class='ocr_line' id='line_1_16' title="bbox 409 1232 1227 1290; baseline 0.002 -15"><span class='ocrx_word' id='word_1_91' title='bbox 409 1232 515 1287; x_wconf 59' lang='grc' dir='ltr'><em>ἔζιιιξε</em></span> <span class='ocrx_word' id='word_1_92' title='bbox 532 1238 583 1290; x_wconf 82' lang='grc' dir='ltr'>τῇ</span> <span class='ocrx_word' id='word_1_93' title='bbox 602 1238 653 1290; x_wconf 81' lang='grc' dir='ltr'>γῇ</span> <span class='ocrx_word' id='word_1_94' title='bbox 669 1238 742 1288; x_wconf 81' lang='grc' dir='ltr'>τῆς</span> <span class='ocrx_word' id='word_1_95' title='bbox 761 1232 973 1289; x_wconf 79' lang='grc' dir='ltr'><em>θαλάττης</em></span> <span class='ocrx_word' id='word_1_96' title='bbox 989 1234 1062 1289; x_wconf 84' lang='grc' dir='ltr'>τὴν</span> <span class='ocrx_word' id='word_1_97' title='bbox 1077 1233 1227 1290; x_wconf 81' lang='grc' dir='ltr'><em>μάχην.</em></span> 
     </span>
    </p>

    <p class='ocr_par' dir='ltr' id='par_1_14' title="bbox 465 1301 1283 1358">
     <span class='ocr_line' id='line_1_17' title="bbox 465 1301 1283 1358; baseline 0.001 -14"><span class='ocrx_word' id='word_1_98' title='bbox 465 1302 607 1355; x_wconf 77' lang='grc' dir='ltr'><em>Κιῖμοὶ</em></span> <span class='ocrx_word' id='word_1_99' title='bbox 630 1302 674 1343; x_wconf 73' lang='grc' dir='ltr'>δὲ</span> <span class='ocrx_word' id='word_1_100' title='bbox 687 1305 796 1355; x_wconf 80' lang='grc' dir='ltr'><em>μιξις</em></span> <span class='ocrx_word' id='word_1_101' title='bbox 812 1306 1038 1357; x_wconf 80' lang='grc' dir='ltr'><em>συνεπῆλθε</em></span> <span class='ocrx_word' id='word_1_102' title='bbox 1061 1304 1127 1345; x_wconf 82' lang='grc' dir='ltr'><em>καὶ</em></span> <span class='ocrx_word' id='word_1_103' title='bbox 1147 1301 1283 1358; x_wconf 84' lang='grc' dir='ltr'><em>μάχη·</em></span> 
     </span>
    </p>

    <p class='ocr_par' dir='ltr' id='par_1_15' title="bbox 297 1371 1418 1495">
     <span class='ocr_line' id='line_1_18' title="bbox 411 1371 1344 1428; baseline 0.002 -17"><span class='ocrx_word' id='word_1_104' title='bbox 411 1371 479 1411; x_wconf 84' lang='grc' dir='ltr'><em>καὶ</em></span> <span class='ocrx_word' id='word_1_105' title='bbox 503 1374 713 1424; x_wconf 79' lang='grc' dir='ltr'><em>πανταχοῦ</em></span> <span class='ocrx_word' id='word_1_106' title='bbox 731 1387 802 1424; x_wconf 87' lang='grc' dir='ltr'>μοι</span> <span class='ocrx_word' id='word_1_107' title='bbox 822 1375 896 1412; x_wconf 81' lang='grc' dir='ltr'>τοῦ</span> <span class='ocrx_word' id='word_1_108' title='bbox 914 1375 1069 1413; x_wconf 83' lang='grc' dir='ltr'><em>σκοποῦ</em></span> <span class='ocrx_word' id='word_1_109' title='bbox 1089 1371 1344 1428; x_wconf 69' lang='grc' dir='ltr'><em>πεφυρμένου</em></span> 
     </span>
     <span class='ocr_line' id='line_1_19' title="bbox 297 1437 1418 1495; baseline 0 -16"><span class='ocrx_word' id='word_1_110' title='bbox 297 1437 378 1480; x_wconf 86' lang='grc'>415</span> <span class='ocrx_word' id='word_1_111' title='bbox 413 1439 480 1480; x_wconf 80' lang='grc' dir='ltr'><em>καὶ</em></span> <span class='ocrx_word' id='word_1_112' title='bbox 506 1442 819 1494; x_wconf 84' lang='grc' dir='ltr'><em>συγκλονοῦντος</em></span> <span class='ocrx_word' id='word_1_113' title='bbox 837 1438 932 1489; x_wconf 77' lang='grc' dir='ltr'><em>τοὺς</em></span> <span class='ocrx_word' id='word_1_114' title='bbox 951 1438 1095 1495; x_wconf 81' lang='grc' dir='ltr'><em>λόγους</em></span> <span class='ocrx_word' id='word_1_115' title='bbox 1120 1438 1175 1490; x_wconf 83' lang='grc' dir='ltr'>ὥς</span> <span class='ocrx_word' id='word_1_116' title='bbox 1197 1442 1252 1490; x_wconf 79' lang='grc' dir='ltr'>εἷς</span> <span class='ocrx_word' id='word_1_117' title='bbox 1270 1438 1418 1494; x_wconf 88' lang='grc' dir='ltr'><em>μάχην,</em></span> 
     </span>
    </p>

    <p class='ocr_par' dir='ltr' id='par_1_16' title="bbox 413 1504 1257 1564">
     <span class='ocr_line' id='line_1_20' title="bbox 413 1504 1257 1564; baseline 0.001 -16"><span class='ocrx_word' id='word_1_118' title='bbox 413 1507 456 1548; x_wconf 89' lang='grc' dir='ltr'>τί</span> <span class='ocrx_word' id='word_1_119' title='bbox 471 1510 632 1562; x_wconf 81' lang='grc' dir='ltr'><em>πρῶτον</em></span> <span class='ocrx_word' id='word_1_120' title='bbox 651 1506 772 1548; x_wconf 79' lang='grc' dir='ltr'><em>εἴπών</em></span> <span class='ocrx_word' id='word_1_121' title='bbox 792 1504 978 1563; x_wconf 79' lang='grc' dir='ltr'><em>δεύτερον</em></span> <span class='ocrx_word' id='word_1_122' title='bbox 999 1506 1257 1564; x_wconf 77' lang='grc' dir='ltr'><em>ἄπάρξομαι;</em></span> 
     </span>
    </p>

    <p class='ocr_par' dir='ltr' id='par_1_17' title="bbox 462 1569 1310 1632">
     <span class='ocr_line' id='line_1_21' title="bbox 462 1569 1310 1632; baseline 0.001 -16"><span class='ocrx_word' id='word_1_123' title='bbox 462 1573 604 1624; x_wconf 81' lang='grc' dir='ltr'><em>Ἄλλος</em></span> <span class='ocrx_word' id='word_1_124' title='bbox 622 1575 697 1628; x_wconf 77' lang='grc' dir='ltr'>μὲν</span> <span class='ocrx_word' id='word_1_125' title='bbox 716 1569 788 1616; x_wconf 72' lang='grc' dir='ltr'>οὖν</span> <span class='ocrx_word' id='word_1_126' title='bbox 811 1574 970 1617; x_wconf 63' lang='grc' dir='ltr'><em>ἔπιπτεν</em></span> <span class='ocrx_word' id='word_1_127' title='bbox 990 1575 1032 1616; x_wconf 71' lang='grc' dir='ltr'>ἐκ</span> <span class='ocrx_word' id='word_1_128' title='bbox 1054 1574 1173 1632; x_wconf 79' lang='grc' dir='ltr'><em>ῥιπῆς</em></span> <span class='ocrx_word' id='word_1_129' title='bbox 1190 1577 1310 1617; x_wconf 92' lang='grc' dir='ltr'><em>λίθου</em></span> 
     </span>
    </p>

    <p class='ocr_par' dir='ltr' id='par_1_18' title="bbox 415 1641 1381 1699">
     <span class='ocr_line' id='line_1_22' title="bbox 415 1641 1381 1699; baseline 0.001 -16"><span class='ocrx_word' id='word_1_130' title='bbox 415 1641 554 1696; x_wconf 70' lang='grc' dir='ltr'><em>λαβὼν</em></span> <span class='ocrx_word' id='word_1_131' title='bbox 577 1642 668 1684; x_wconf 73' lang='grc' dir='ltr'><em>κατ’</em></span> <span class='ocrx_word' id='word_1_132' title='bbox 692 1642 791 1684; x_wconf 70' lang='grc' dir='ltr'><em>αὐτὸ</em></span> <span class='ocrx_word' id='word_1_133' title='bbox 812 1642 885 1697; x_wconf 85' lang='grc' dir='ltr'>τὴν</span> <span class='ocrx_word' id='word_1_134' title='bbox 903 1643 1032 1697; x_wconf 80' lang='grc' dir='ltr'><em>βολὴν</em></span> <span class='ocrx_word' id='word_1_135' title='bbox 1053 1645 1120 1686; x_wconf 81' lang='grc' dir='ltr'><em>καὶ</em></span> <span class='ocrx_word' id='word_1_136' title='bbox 1138 1643 1208 1685; x_wconf 84' lang='grc' dir='ltr'>τὸν</span> <span class='ocrx_word' id='word_1_137' title='bbox 1227 1641 1381 1699; x_wconf 72' lang='grc' dir='ltr'><em>τάφον·</em></span> 
     </span>
    </p>

    <p class='ocr_par' dir='ltr' id='par_1_19' title="bbox 301 1708 1366 1832">
     <span class='ocr_line' id='line_1_23' title="bbox 408 1708 1366 1768; baseline 0.003 -18"><span class='ocrx_word' id='word_1_138' title='bbox 408 1708 538 1767; x_wconf 4' lang='grc' dir='ltr'><em>,ἄλλος</em></span> <span class='ocrx_word' id='word_1_139' title='bbox 558 1711 602 1752; x_wconf 75' lang='grc' dir='ltr'>δὲ</span> <span class='ocrx_word' id='word_1_140' title='bbox 622 1708 791 1760; x_wconf 79' lang='grc' dir='ltr'><em>σύννους</em></span> <span class='ocrx_word' id='word_1_141' title='bbox 811 1714 1054 1767; x_wconf 82' lang='grc' dir='ltr'><em>προσλαλῶν</em></span> <span class='ocrx_word' id='word_1_142' title='bbox 1074 1714 1133 1768; x_wconf 79' lang='grc' dir='ltr'>τῷ</span> <span class='ocrx_word' id='word_1_143' title='bbox 1150 1709 1366 1768; x_wconf 80' lang='grc' dir='ltr'><em>συμμάχῳ,</em></span> 
     </span>
     <span class='ocr_line' id='line_1_24' title="bbox 301 1776 1203 1832; baseline 0.002 -14"><span class='ocrx_word' id='word_1_144' title='bbox 301 1777 384 1818; x_wconf 82' lang='grc'>420</span> <span class='ocrx_word' id='word_1_145' title='bbox 416 1780 587 1832; x_wconf 79' lang='grc' dir='ltr'><em>βληθεὶς</em></span> <span class='ocrx_word' id='word_1_146' title='bbox 607 1777 766 1820; x_wconf 79' lang='grc' dir='ltr'><em>ἄνωθεν</em></span> <span class='ocrx_word' id='word_1_147' title='bbox 785 1779 827 1828; x_wconf 72' lang='grc' dir='ltr'>ἐξ</span> <span class='ocrx_word' id='word_1_148' title='bbox 844 1776 995 1832; x_wconf 79' lang='grc' dir='ltr'><em>ἀδήλου</em></span> <span class='ocrx_word' id='word_1_149' title='bbox 1023 1777 1203 1829; x_wconf 78' lang='grc' dir='ltr'><em>τοξότου,</em></span> 
     </span>
    </p>

    <p class='ocr_par' dir='ltr' id='par_1_20' title="bbox 418 1844 1292 1902">
     <span class='ocr_line' id='line_1_25' title="bbox 418 1844 1292 1902; baseline -0.001 -14"><span class='ocrx_word' id='word_1_150' title='bbox 418 1845 464 1888; x_wconf 84' lang='grc' dir='ltr'>τὸ</span> <span class='ocrx_word' id='word_1_151' title='bbox 489 1849 644 1899; x_wconf 81' lang='grc' dir='ltr'><em>πνεῦμα</em></span> <span class='ocrx_word' id='word_1_152' title='bbox 664 1849 820 1888; x_wconf 83' lang='grc' dir='ltr'><em>θᾶττον</em></span> <span class='ocrx_word' id='word_1_153' title='bbox 841 1845 1045 1902; x_wconf 80' lang='grc' dir='ltr'><em>ἀνταφῆκε</em></span> <span class='ocrx_word' id='word_1_154' title='bbox 1065 1850 1139 1888; x_wconf 88' lang='grc' dir='ltr'>τοῦ</span> <span class='ocrx_word' id='word_1_155' title='bbox 1157 1844 1292 1900; x_wconf 89' lang='grc' dir='ltr'><em>λόγου.</em></span> 
     </span>
    </p>

    <p class='ocr_par' dir='ltr' id='par_1_21' title="bbox 421 1913 1292 1970">
     <span class='ocr_line' id='line_1_26' title="bbox 421 1913 1292 1970; baseline 0 -15"><span class='ocrx_word' id='word_1_156' title='bbox 421 1915 492 1955; x_wconf 86' lang='grc' dir='ltr'><em>καί</em></span> <span class='ocrx_word' id='word_1_157' title='bbox 509 1931 570 1964; x_wconf 87' lang='grc' dir='ltr'>τις</span> <span class='ocrx_word' id='word_1_158' title='bbox 590 1913 691 1970; x_wconf 76' lang='grc' dir='ltr'><em>παρ’</em></span> <span class='ocrx_word' id='word_1_159' title='bbox 715 1913 852 1964; x_wconf 72' lang='grc' dir='ltr'><em>αὐτοῖς</em></span> <span class='ocrx_word' id='word_1_160' title='bbox 871 1914 913 1955; x_wconf 76' lang='grc' dir='ltr'><em>ἔν</em></span> <span class='ocrx_word' id='word_1_161' title='bbox 934 1914 1139 1970; x_wconf 87' lang='grc' dir='ltr'><em>μεγίσταις</em></span> <span class='ocrx_word' id='word_1_162' title='bbox 1161 1913 1292 1964; x_wconf 81' lang='grc' dir='ltr'><em>ἀξίαις</em></span> 
     </span>
    </p>

    <p class='ocr_par' dir='ltr' id='par_1_22' title="bbox 419 1980 1201 2038">
     <span class='ocr_line' id='line_1_27' title="bbox 419 1980 1201 2038; baseline 0.001 -15"><span class='ocrx_word' id='word_1_163' title='bbox 419 1980 536 2032; x_wconf 81' lang='grc' dir='ltr'><em>τάξαι</em></span> <span class='ocrx_word' id='word_1_164' title='bbox 556 1983 727 2036; x_wconf 83' lang='grc' dir='ltr'><em>νομίζων</em></span> <span class='ocrx_word' id='word_1_165' title='bbox 743 1984 799 2032; x_wconf 79' lang='grc' dir='ltr'>εἷς</span> <span class='ocrx_word' id='word_1_166' title='bbox 818 1982 908 2024; x_wconf 77' lang='grc' dir='ltr'><em>δέον</em></span> <span class='ocrx_word' id='word_1_167' title='bbox 928 1981 980 2024; x_wconf 80' lang='grc' dir='ltr'>τὰ</span> <span class='ocrx_word' id='word_1_168' title='bbox 1001 1980 1201 2038; x_wconf 87' lang='grc' dir='ltr'><em>τάγματα,</em></span> 
     </span>
    </p>
   </div>
   <div class='ocr_carea' id='block_1_3' title="bbox 292 2098 1658 2146">
    <p class='ocr_par' dir='ltr' id='par_1_23' title="bbox 292 2098 1658 2146">
     <span class='ocr_line' id='line_1_28' title="bbox 292 2098 1658 2146; baseline -0.001 -10"><span class='ocrx_word' id='word_1_169' title='bbox 292 2102 358 2137; x_wconf 92' lang='grc'>401</span> <span class='ocrx_word' id='word_1_170' title='bbox 374 2098 593 2146; x_wconf 77' lang='grc' dir='ltr'><em>προσφλέξει</em></span> <span class='ocrx_word' id='word_1_171' title='bbox 607 2099 742 2136; x_wconf 84' lang='lat' dir='ltr'>codices</span> <span class='ocrx_word' id='word_1_172' title='bbox 757 2103 792 2135; x_wconf 92' lang='lat' dir='ltr'>et</span> <span class='ocrx_word' id='word_1_173' title='bbox 808 2100 848 2135; x_wconf 89' lang='lat' dir='ltr'>ed</span> <span class='ocrx_word' id='word_1_174' title='bbox 916 2100 985 2137; x_wconf 87' lang='lat'>415</span> <span class='ocrx_word' id='word_1_175' title='bbox 1000 2100 1292 2146; x_wconf 82' lang='grc' dir='ltr'><em>συγκροτοῧντος</em></span> <span class='ocrx_word' id='word_1_176' title='bbox 1306 2099 1348 2135; x_wconf 86' lang='lat' dir='ltr'>ed</span> <span class='ocrx_word' id='word_1_177' title='bbox 1422 2099 1492 2135; x_wconf 88' lang='grc'>417</span> <span class='ocrx_word' id='word_1_178' title='bbox 1506 2099 1613 2141; x_wconf 76' lang='grc' dir='ltr'><em>λίθος</em></span> <span class='ocrx_word' id='word_1_179' title='bbox 1629 2102 1658 2135; x_wconf 91' lang='grc' dir='ltr'>Ρ</span> 
     </span>
    </p>
   </div>
   <div class='ocr_carea' id='block_1_4' title="bbox 203 2201 1670 2841">
    <p class='ocr_par' dir='ltr' id='par_1_24' title="bbox 203 2201 1670 2841">
     <span class='ocr_line' id='line_1_29' title="bbox 203 2201 1661 2248; baseline -0.001 -10"><span class='ocrx_word' id='word_1_180' title='bbox 203 2202 439 2238; x_wconf 89' lang='lat' dir='ltr'>tenebricosus</span> <span class='ocrx_word' id='word_1_181' title='bbox 453 2203 563 2237; x_wconf 81' lang='lat' dir='ltr'>sumus</span> <span class='ocrx_word' id='word_1_182' title='bbox 578 2202 689 2237; x_wconf 83' lang='lat' dir='ltr'>factus</span> <span class='ocrx_word' id='word_1_183' title='bbox 705 2205 759 2236; x_wconf 88' lang='lat' dir='ltr'>est</span> <span class='ocrx_word' id='word_1_184' title='bbox 772 2213 911 2248; x_wconf 88' lang='lat' dir='ltr'>praeco.</span> <span class='ocrx_word' id='word_1_185' title='bbox 940 2204 1148 2238; x_wconf 86' lang='lat' dir='ltr'>convenerat</span> <span class='ocrx_word' id='word_1_186' title='bbox 1161 2201 1249 2236; x_wconf 88' lang='lat' dir='ltr'>enim</span> <span class='ocrx_word' id='word_1_187' title='bbox 1263 2201 1353 2235; x_wconf 88' lang='lat' dir='ltr'>inter</span> <span class='ocrx_word' id='word_1_188' title='bbox 1364 2204 1525 2247; x_wconf 79' lang='lat' dir='ltr'>utrosque</span> <span class='ocrx_word' id='word_1_189' title='bbox 1535 2201 1661 2237; x_wconf 85' lang='lat' dir='ltr'>barba-</span> 
     </span>
     <span class='ocr_line' id='line_1_30' title="bbox 205 2247 1663 2294; baseline -0.001 -11"><span class='ocrx_word' id='word_1_190' title='bbox 205 2260 276 2293; x_wconf 87' lang='lat' dir='ltr'>ros,</span> <span class='ocrx_word' id='word_1_191' title='bbox 299 2249 408 2292; x_wconf 88' lang='grc'>(400)</span> <span class='ocrx_word' id='word_1_192' title='bbox 424 2260 468 2282; x_wconf 89' lang='lat' dir='ltr'>ne</span> <span class='ocrx_word' id='word_1_193' title='bbox 489 2249 565 2293; x_wconf 87' lang='lat' dir='ltr'>quis</span> <span class='ocrx_word' id='word_1_194' title='bbox 581 2259 674 2282; x_wconf 79' lang='lat' dir='ltr'>arma</span> <span class='ocrx_word' id='word_1_195' title='bbox 688 2248 787 2282; x_wconf 87' lang='lat' dir='ltr'>citius</span> <span class='ocrx_word' id='word_1_196' title='bbox 803 2250 910 2283; x_wconf 84' lang='lat' dir='ltr'>altero</span> <span class='ocrx_word' id='word_1_197' title='bbox 928 2254 1065 2294; x_wconf 84' lang='lat' dir='ltr'>caperet</span> <span class='ocrx_word' id='word_1_198' title='bbox 1081 2259 1179 2293; x_wconf 83' lang='lat' dir='ltr'>quam</span> <span class='ocrx_word' id='word_1_199' title='bbox 1197 2248 1255 2281; x_wconf 87' lang='lat' dir='ltr'>ille</span> <span class='ocrx_word' id='word_1_200' title='bbox 1271 2252 1370 2282; x_wconf 85' lang='lat' dir='ltr'>antea</span> <span class='ocrx_word' id='word_1_201' title='bbox 1388 2247 1594 2282; x_wconf 76' lang='lat' dir='ltr'>incendisset</span> <span class='ocrx_word' id='word_1_202' title='bbox 1609 2249 1663 2282; x_wconf 92' lang='lat' dir='ltr'>in-</span> 
     </span>
     <span class='ocr_line' id='line_1_31' title="bbox 207 2293 1666 2340; baseline -0.001 -12"><span class='ocrx_word' id='word_1_203' title='bbox 207 2294 390 2339; x_wconf 82' lang='lat' dir='ltr'>cuipabiles</span> <span class='ocrx_word' id='word_1_204' title='bbox 408 2293 547 2338; x_wconf 88' lang='lat' dir='ltr'>lapides.</span> <span class='ocrx_word' id='word_1_205' title='bbox 595 2299 699 2338; x_wconf 83' lang='lat' dir='ltr'>atque</span> <span class='ocrx_word' id='word_1_206' title='bbox 713 2294 797 2328; x_wconf 83' lang='lat' dir='ltr'>haec</span> <span class='ocrx_word' id='word_1_207' title='bbox 811 2295 946 2340; x_wconf 88' lang='lat' dir='ltr'>quidem</span> <span class='ocrx_word' id='word_1_208' title='bbox 966 2306 1031 2328; x_wconf 90' lang='lat' dir='ltr'>non</span> <span class='ocrx_word' id='word_1_209' title='bbox 1058 2294 1124 2328; x_wconf 89' lang='lat' dir='ltr'>alio</span> <span class='ocrx_word' id='word_1_210' title='bbox 1146 2299 1246 2338; x_wconf 83' lang='lat' dir='ltr'>gesta</span> <span class='ocrx_word' id='word_1_211' title='bbox 1261 2298 1339 2327; x_wconf 86' lang='lat' dir='ltr'>sunt</span> <span class='ocrx_word' id='word_1_212' title='bbox 1354 2293 1466 2327; x_wconf 91' lang='lat' dir='ltr'>modo.</span> <span class='ocrx_word' id='word_1_213' title='bbox 1513 2298 1585 2327; x_wconf 81' lang='lat' dir='ltr'>tum</span> <span class='ocrx_word' id='word_1_214' title='bbox 1602 2294 1666 2327; x_wconf 90' lang='lat' dir='ltr'>de-</span> 
     </span>
     <span class='ocr_line' id='line_1_32' title="bbox 206 2338 1666 2385; baseline -0.001 -10"><span class='ocrx_word' id='word_1_215' title='bbox 206 2351 294 2375; x_wconf 89' lang='lat' dir='ltr'>mum</span> <span class='ocrx_word' id='word_1_216' title='bbox 310 2339 457 2384; x_wconf 88' lang='lat' dir='ltr'>undique</span> <span class='ocrx_word' id='word_1_217' title='bbox 474 2338 602 2373; x_wconf 83' lang='lat' dir='ltr'>cientes</span> <span class='ocrx_word' id='word_1_218' title='bbox 615 2350 762 2384; x_wconf 86' lang='lat' dir='ltr'>pugnam</span> <span class='ocrx_word' id='word_1_219' title='bbox 777 2340 914 2374; x_wconf 85' lang='lat' dir='ltr'>barbari</span> <span class='ocrx_word' id='word_1_220' title='bbox 933 2340 1066 2385; x_wconf 84' lang='lat' dir='ltr'>quidem</span> <span class='ocrx_word' id='word_1_221' title='bbox 1082 2340 1205 2373; x_wconf 83' lang='lat' dir='ltr'>iudicis</span> <span class='ocrx_word' id='word_1_222' title='bbox 1219 2339 1312 2373; x_wconf 88' lang='lat' dir='ltr'>locos</span> <span class='ocrx_word' id='word_1_223' title='bbox 1328 2339 1427 2382; x_wconf 80' lang='grc'>(405)</span> <span class='ocrx_word' id='word_1_224' title='bbox 1444 2342 1479 2372; x_wconf 93' lang='lat' dir='ltr'>et</span> <span class='ocrx_word' id='word_1_225' title='bbox 1495 2338 1666 2384; x_wconf 87' lang='lat' dir='ltr'>imperan-</span> 
     </span>
     <span class='ocr_line' id='line_1_33' title="bbox 207 2384 1666 2431; baseline 0 -12"><span class='ocrx_word' id='word_1_226' title='bbox 207 2384 252 2420; x_wconf 72' lang='lat' dir='ltr'>tis</span> <span class='ocrx_word' id='word_1_227' title='bbox 267 2385 487 2419; x_wconf 72' lang='lat' dir='ltr'>intemeratae</span> <span class='ocrx_word' id='word_1_228' title='bbox 500 2385 651 2429; x_wconf 82' lang='lat' dir='ltr'>virginis,</span> <span class='ocrx_word' id='word_1_229' title='bbox 674 2396 761 2429; x_wconf 85' lang='lat' dir='ltr'>quos</span> <span class='ocrx_word' id='word_1_230' title='bbox 776 2391 993 2431; x_wconf 83' lang='lat' dir='ltr'>occuparant,</span> <span class='ocrx_word' id='word_1_231' title='bbox 1017 2385 1190 2419; x_wconf 80' lang='lat' dir='ltr'>habebant</span> <span class='ocrx_word' id='word_1_232' title='bbox 1203 2385 1266 2419; x_wconf 84' lang='lat' dir='ltr'>sibi</span> <span class='ocrx_word' id='word_1_233' title='bbox 1284 2396 1347 2430; x_wconf 87' lang='lat' dir='ltr'>pro</span> <span class='ocrx_word' id='word_1_234' title='bbox 1365 2384 1482 2418; x_wconf 88' lang='lat' dir='ltr'>scutis.</span> <span class='ocrx_word' id='word_1_235' title='bbox 1516 2385 1565 2418; x_wconf 84' lang='lat' dir='ltr'>ita</span> <span class='ocrx_word' id='word_1_236' title='bbox 1580 2396 1666 2430; x_wconf 83' lang='lat' dir='ltr'>quos</span> 
     </span>
     <span class='ocr_line' id='line_1_34' title="bbox 206 2430 1669 2475; baseline -0.001 -11"><span class='ocrx_word' id='word_1_237' title='bbox 206 2431 258 2465; x_wconf 84' lang='lat' dir='ltr'>ini</span> <span class='ocrx_word' id='word_1_238' title='bbox 275 2430 376 2475; x_wconf 80' lang='lat' dir='ltr'>impie</span> <span class='ocrx_word' id='word_1_239' title='bbox 393 2430 653 2472; x_wconf 85' lang='lat' dir='ltr'>lacessiverant,</span> <span class='ocrx_word' id='word_1_240' title='bbox 687 2430 750 2464; x_wconf 83' lang='lat' dir='ltr'>sibi</span> <span class='ocrx_word' id='word_1_241' title='bbox 776 2431 904 2465; x_wconf 84' lang='lat' dir='ltr'>habere</span> <span class='ocrx_word' id='word_1_242' title='bbox 927 2431 1099 2466; x_wconf 87' lang='lat' dir='ltr'>adiutores</span> <span class='ocrx_word' id='word_1_243' title='bbox 1121 2431 1157 2464; x_wconf 86' lang='lat' dir='ltr'>in</span> <span class='ocrx_word' id='word_1_244' title='bbox 1182 2431 1386 2464; x_wconf 79' lang='lat' dir='ltr'>necessitate</span> <span class='ocrx_word' id='word_1_245' title='bbox 1408 2431 1584 2475; x_wconf 82' lang='lat' dir='ltr'>putabant.</span> <span class='ocrx_word' id='word_1_246' title='bbox 1632 2435 1669 2464; x_wconf 89' lang='lat' dir='ltr'>at</span> 
     </span>
     <span class='ocr_line' id='line_1_35' title="bbox 209 2475 1669 2521; baseline -0.001 -11"><span class='ocrx_word' id='word_1_247' title='bbox 209 2477 427 2510; x_wconf 82' lang='lat' dir='ltr'>Sthlaborum</span> <span class='ocrx_word' id='word_1_248' title='bbox 444 2475 686 2510; x_wconf 83' lang='lat' dir='ltr'>multitudinem</span> <span class='ocrx_word' id='word_1_249' title='bbox 702 2475 839 2510; x_wconf 81' lang='lat' dir='ltr'>mixtam</span> <span class='ocrx_word' id='word_1_250' title='bbox 856 2477 1012 2521; x_wconf 83' lang='lat' dir='ltr'>Bulgaris</span> <span class='ocrx_word' id='word_1_251' title='bbox 1030 2477 1133 2521; x_wconf 89' lang='grc'>(410)</span> <span class='ocrx_word' id='word_1_252' title='bbox 1150 2487 1225 2510; x_wconf 91' lang='lat' dir='ltr'>cum</span> <span class='ocrx_word' id='word_1_253' title='bbox 1242 2475 1441 2510; x_wconf 79' lang='lat' dir='ltr'>coniecisset</span> <span class='ocrx_word' id='word_1_254' title='bbox 1453 2475 1620 2510; x_wconf 82' lang='lat' dir='ltr'>barbarus</span> <span class='ocrx_word' id='word_1_255' title='bbox 1635 2476 1669 2508; x_wconf 91' lang='lat' dir='ltr'>in</span> 
     </span>
     <span class='ocr_line' id='line_1_36' title="bbox 210 2521 1667 2567; baseline -0.001 -12"><span class='ocrx_word' id='word_1_256' title='bbox 210 2532 338 2564; x_wconf 83' lang='lat' dir='ltr'>naves,</span> <span class='ocrx_word' id='word_1_257' title='bbox 371 2522 545 2566; x_wconf 86' lang='lat' dir='ltr'>(habebat</span> <span class='ocrx_word' id='word_1_258' title='bbox 566 2522 654 2555; x_wconf 89' lang='lat' dir='ltr'>enim</span> <span class='ocrx_word' id='word_1_259' title='bbox 675 2522 775 2555; x_wconf 85' lang='lat' dir='ltr'>trabe</span> <span class='ocrx_word' id='word_1_260' title='bbox 798 2528 982 2557; x_wconf 81' lang='lat' dir='ltr'>excavatas</span> <span class='ocrx_word' id='word_1_261' title='bbox 1006 2522 1188 2567; x_wconf 80' lang='lat' dir='ltr'>cymbas),</span> <span class='ocrx_word' id='word_1_262' title='bbox 1222 2521 1354 2554; x_wconf 88' lang='lat' dir='ltr'>miscuit</span> <span class='ocrx_word' id='word_1_263' title='bbox 1370 2524 1566 2555; x_wconf 85' lang='lat' dir='ltr'>terrestrem</span> <span class='ocrx_word' id='word_1_264' title='bbox 1593 2532 1667 2554; x_wconf 88' lang='lat' dir='ltr'>cum</span> 
     </span>
     <span class='ocr_line' id='line_1_37' title="bbox 210 2567 1668 2612; baseline -0.002 -11"><span class='ocrx_word' id='word_1_265' title='bbox 210 2567 339 2602; x_wconf 85' lang='lat' dir='ltr'>marina</span> <span class='ocrx_word' id='word_1_266' title='bbox 353 2578 480 2612; x_wconf 84' lang='lat' dir='ltr'>pugna.</span> <span class='ocrx_word' id='word_1_267' title='bbox 515 2572 551 2601; x_wconf 82' lang='lat' dir='ltr'>at</span> <span class='ocrx_word' id='word_1_268' title='bbox 565 2567 645 2601; x_wconf 86' lang='lat' dir='ltr'>mihi</span> <span class='ocrx_word' id='word_1_269' title='bbox 659 2577 794 2612; x_wconf 86' lang='lat' dir='ltr'>quoque</span> <span class='ocrx_word' id='word_1_270' title='bbox 809 2568 960 2602; x_wconf 79' lang='lat' dir='ltr'>confusio</span> <span class='ocrx_word' id='word_1_271' title='bbox 975 2567 1128 2602; x_wconf 88' lang='lat' dir='ltr'>oboritur</span> <span class='ocrx_word' id='word_1_272' title='bbox 1146 2571 1181 2601; x_wconf 90' lang='lat' dir='ltr'>et</span> <span class='ocrx_word' id='word_1_273' title='bbox 1198 2567 1396 2600; x_wconf 59' lang='lat' dir='ltr'>conflictum</span> <span class='ocrx_word' id='word_1_274' title='bbox 1421 2577 1563 2611; x_wconf 82' lang='lat' dir='ltr'>cumque</span> <span class='ocrx_word' id='word_1_275' title='bbox 1576 2571 1668 2600; x_wconf 81' lang='lat' dir='ltr'>tanta</span> 
     </span>
     <span class='ocr_line' id='line_1_38' title="bbox 213 2612 1670 2658; baseline -0.002 -12"><span class='ocrx_word' id='word_1_276' title='bbox 213 2612 258 2646; x_wconf 86' lang='lat' dir='ltr'>sit</span> <span class='ocrx_word' id='word_1_277' title='bbox 269 2613 436 2658; x_wconf 77' lang='lat' dir='ltr'>propositi</span> <span class='ocrx_word' id='word_1_278' title='bbox 452 2613 638 2657; x_wconf 84' lang='lat' dir='ltr'>argumenti</span> <span class='ocrx_word' id='word_1_279' title='bbox 651 2613 863 2658; x_wconf 84' lang='lat' dir='ltr'>perturbatio</span> <span class='ocrx_word' id='word_1_280' title='bbox 875 2638 886 2654; x_wconf 91' lang='lat'><strong>‚</strong></span> <span class='ocrx_word' id='word_1_281' title='bbox 917 2613 1024 2657; x_wconf 76' lang='lat'>(415)</span> <span class='ocrx_word' id='word_1_282' title='bbox 1047 2618 1086 2647; x_wconf 91' lang='lat' dir='ltr'>ut</span> <span class='ocrx_word' id='word_1_283' title='bbox 1106 2612 1214 2647; x_wconf 79' lang='lat' dir='ltr'>veluti</span> <span class='ocrx_word' id='word_1_284' title='bbox 1233 2612 1275 2645; x_wconf 86' lang='lat' dir='ltr'>ad</span> <span class='ocrx_word' id='word_1_285' title='bbox 1301 2622 1445 2656; x_wconf 83' lang='lat' dir='ltr'>pugnam</span> <span class='ocrx_word' id='word_1_286' title='bbox 1463 2613 1670 2646; x_wconf 85' lang='lat' dir='ltr'>concitentur</span> 
     </span>
     <span class='ocr_line' id='line_1_39' title="bbox 213 2657 1668 2704; baseline -0.001 -13"><span class='ocrx_word' id='word_1_287' title='bbox 213 2668 397 2700; x_wconf 82' lang='lat' dir='ltr'>sermones,</span> <span class='ocrx_word' id='word_1_288' title='bbox 419 2659 499 2702; x_wconf 85' lang='lat' dir='ltr'>quid</span> <span class='ocrx_word' id='word_1_289' title='bbox 513 2658 657 2703; x_wconf 88' lang='lat' dir='ltr'>primum</span> <span class='ocrx_word' id='word_1_290' title='bbox 672 2658 792 2697; x_wconf 87' lang='lat' dir='ltr'>dicam,</span> <span class='ocrx_word' id='word_1_291' title='bbox 815 2658 892 2702; x_wconf 89' lang='lat' dir='ltr'>quid</span> <span class='ocrx_word' id='word_1_292' title='bbox 907 2659 1030 2693; x_wconf 85' lang='lat' dir='ltr'>deinde</span> <span class='ocrx_word' id='word_1_293' title='bbox 1044 2668 1234 2704; x_wconf 84' lang='lat' dir='ltr'>prosequar</span> <span class='ocrx_word' id='word_1_294' title='bbox 1244 2658 1263 2690; x_wconf 74' lang='lat'><strong><em>2</em></strong></span> <span class='ocrx_word' id='word_1_295' title='bbox 1309 2663 1346 2691; x_wconf 84' lang='lat' dir='ltr'>at</span> <span class='ocrx_word' id='word_1_296' title='bbox 1363 2668 1444 2691; x_wconf 86' lang='lat' dir='ltr'>vero</span> <span class='ocrx_word' id='word_1_297' title='bbox 1461 2657 1594 2702; x_wconf 86' lang='lat' dir='ltr'>quidam</span> <span class='ocrx_word' id='word_1_298' title='bbox 1611 2667 1668 2689; x_wconf 85' lang='lat' dir='ltr'>ce-</span> 
     </span>
     <span class='ocr_line' id='line_1_40' title="bbox 214 2701 1670 2749; baseline -0.001 -13"><span class='ocrx_word' id='word_1_299' title='bbox 214 2703 298 2737; x_wconf 82' lang='lat' dir='ltr'>cidit</span> <span class='ocrx_word' id='word_1_300' title='bbox 311 2714 355 2737; x_wconf 87' lang='lat' dir='ltr'>ex</span> <span class='ocrx_word' id='word_1_301' title='bbox 368 2702 459 2737; x_wconf 82' lang='lat' dir='ltr'>iactu</span> <span class='ocrx_word' id='word_1_302' title='bbox 470 2703 605 2748; x_wconf 82' lang='lat' dir='ltr'>lapidis,</span> <span class='ocrx_word' id='word_1_303' title='bbox 632 2703 729 2738; x_wconf 84' lang='lat' dir='ltr'>simul</span> <span class='ocrx_word' id='word_1_304' title='bbox 742 2704 884 2738; x_wconf 87' lang='lat' dir='ltr'>vulnere</span> <span class='ocrx_word' id='word_1_305' title='bbox 898 2708 1039 2749; x_wconf 82' lang='lat' dir='ltr'>accepto</span> <span class='ocrx_word' id='word_1_306' title='bbox 1056 2708 1092 2738; x_wconf 90' lang='lat' dir='ltr'>et</span> <span class='ocrx_word' id='word_1_307' title='bbox 1106 2703 1291 2748; x_wconf 83' lang='lat' dir='ltr'>sepultura.</span> <span class='ocrx_word' id='word_1_308' title='bbox 1337 2702 1425 2736; x_wconf 85' lang='lat' dir='ltr'>alter</span> <span class='ocrx_word' id='word_1_309' title='bbox 1438 2713 1522 2736; x_wconf 87' lang='lat' dir='ltr'>vero</span> <span class='ocrx_word' id='word_1_310' title='bbox 1540 2701 1670 2744; x_wconf 85' lang='lat' dir='ltr'>cogita-</span> 
     </span>
     <span class='ocr_line' id='line_1_41' title="bbox 216 2746 1666 2801; baseline -0.003 -19"><span class='ocrx_word' id='word_1_311' title='bbox 216 2748 368 2790; x_wconf 86' lang='lat' dir='ltr'>bundus,</span> <span class='ocrx_word' id='word_1_312' title='bbox 400 2748 540 2794; x_wconf 81' lang='lat' dir='ltr'>loquens</span> <span class='ocrx_word' id='word_1_313' title='bbox 556 2760 631 2783; x_wconf 85' lang='lat' dir='ltr'>cum</span> <span class='ocrx_word' id='word_1_314' title='bbox 647 2749 739 2783; x_wconf 87' lang='lat' dir='ltr'>socio</span> <span class='ocrx_word' id='word_1_315' title='bbox 751 2775 762 2790; x_wconf 94' lang='lat'>,</span> <span class='ocrx_word' id='word_1_316' title='bbox 796 2750 904 2793; x_wconf 77' lang='lat'>(420)</span> <span class='ocrx_word' id='word_1_317' title='bbox 926 2750 1089 2784; x_wconf 83' lang='lat' dir='ltr'>traiectus</span> <span class='ocrx_word' id='word_1_318' title='bbox 1111 2748 1260 2801; x_wconf 78' lang='lat' dir='ltr'>desuper</span> <span class='ocrx_word' id='word_1_319' title='bbox 1282 2748 1325 2781; x_wconf 85' lang='lat' dir='ltr'>ab</span> <span class='ocrx_word' id='word_1_320' title='bbox 1341 2748 1475 2782; x_wconf 83' lang='lat' dir='ltr'>occulto</span> <span class='ocrx_word' id='word_1_321' title='bbox 1490 2746 1666 2789; x_wconf 80' lang='lat' dir='ltr'>sagittario</span> 
     </span>
     <span class='ocr_line' id='line_1_42' title="bbox 215 2790 1666 2841; baseline -0.002 -13"><span class='ocrx_word' id='word_1_322' title='bbox 215 2793 316 2828; x_wconf 86' lang='lat' dir='ltr'>citius</span> <span class='ocrx_word' id='word_1_323' title='bbox 343 2793 451 2828; x_wconf 82' lang='lat' dir='ltr'>emisit</span> <span class='ocrx_word' id='word_1_324' title='bbox 475 2794 630 2841; x_wconf 87' lang='lat' dir='ltr'>spiritum</span> <span class='ocrx_word' id='word_1_325' title='bbox 655 2804 755 2840; x_wconf 82' lang='lat' dir='ltr'>quam</span> <span class='ocrx_word' id='word_1_326' title='bbox 780 2796 898 2830; x_wconf 85' lang='lat' dir='ltr'>verba.</span> <span class='ocrx_word' id='word_1_327' title='bbox 949 2806 1080 2830; x_wconf 84' lang='lat' dir='ltr'>necnon</span> <span class='ocrx_word' id='word_1_328' title='bbox 1099 2793 1173 2838; x_wconf 85' lang='lat' dir='ltr'>quis</span> <span class='ocrx_word' id='word_1_329' title='bbox 1190 2796 1278 2827; x_wconf 84' lang='lat' dir='ltr'>mter</span> <span class='ocrx_word' id='word_1_330' title='bbox 1293 2793 1386 2839; x_wconf 88' lang='lat' dir='ltr'>ipsos</span> <span class='ocrx_word' id='word_1_331' title='bbox 1406 2804 1448 2828; x_wconf 84' lang='lat' dir='ltr'>ex</span> <span class='ocrx_word' id='word_1_332' title='bbox 1467 2790 1666 2838; x_wconf 86' lang='lat' dir='ltr'>primoribus</span> 
     </span>
    </p>
   </div>
  </div>
 </body>
</html>
