1890 3224
378 169 456 215 DE
483 167 663 216 REBUS
695 166 842 213 POST
874 163 1192 218 MAURIGIUM
1207 161 1428 211 -.GESTIS.
1562 161 1628 209 41

177 285 331 328 »τέλειον
365 283 488 328 αὐτὸν
515 285 558 329 ἐν
583 281 748 339 θεότητι
774 281 844 325 καὶ
871 279 1017 324 τέλειον
1041 280 1082 323 ἐν
1105 274 1387 335 ἆνθρωπότητι
1408 273 1632 331 διατρανώ-

176 370 315 405 σασα,
353 354 420 395 καὶ
449 357 508 411 τῷ
540 353 767 407 ἀναθὲματι
789 349 884 400 τοὺς
903 353 974 404 τῆς
998 348 1186 405 αἲρέσεως
1202 345 1399 403 ἄρξαντας
1415 343 1631 400 παραπέμ-

184 434 319 476 ψασα.
387 419 514 472 οὕτως
543 422 585 463 ἓν
612 419 763 476 γαλήνῃ
790 420 857 461 καὶ
885 419 1061 474 εἲρηνικῇ
1079 413 1319 458 καταστάσει
1336 413 1382 456 τὸ
1402 412 1540 454 λοιπὸν
1558 415 1631 466 τῆς

177 491 291 544 ζωῆς
318 490 546 539 διατελέσας
568 493 626 545 τῷ
651 484 971 542 ἑπτακαιδεκάτῳ
995 484 1070 528 ἔτει
1090 489 1164 539 τῆς
1179 483 1386 538 βασιλείας
1407 481 1530 524 αὐτοῦ
1547 481 1631 522 ἐτε-

154 556 321 601 5λεύτα.
388 559 454 599 καὶ
472 558 729 600 κατατίθεται
749 555 873 606 αὐτοῦ
890 553 933 598 τὸ
952 555 1142 609 λείψανον
1161 553 1204 594 ἓν
1219 558 1303 601 τοῖς
1317 551 1533 605 βασιλείοις
1551 552 1632 592 τῶν

187 624 310 681 ἁγίων
331 624 563 667 ἀποστόλων
583 624 779 679 μνήμασι.

322 691 628 747 Καταλιμπάνει
647 694 690 736 δὲ
712 695 766 743 εἷς
783 691 857 746 τὴν
873 690 1080 744 βασιλείαν
1095 687 1182 731 υἱὸν
1197 685 1475 730 Ἰουστινιανόν
1498 682 1634 727 ἕκκαι-

188 759 354 803 δέκατον
376 761 463 811 ἔτος
479 766 552 816 τῆς
570 760 727 817 ἡλικίας
749 759 897 816 ἄγοντα
907 790 921 811 ,
936 797 941 799 a
955 758 1001 809 ὃς
1026 762 1100 812 τῆς
1121 757 1327 811 βασιλείας
1348 752 1632 807 ἐπιλαβόμενος

188 829 240 871 τὰ
274 826 352 871 ὕπὸ
386 833 459 872 τοῦ
488 829 642 886 πατρὸς
669 834 742 883 τῆς
772 826 929 884 εἲρήνης
954 827 1080 869 ἕνεκεν
1101 827 1168 867 καὶ
1190 830 1262 879 τῆς
1286 824 1410 877 ἄλλης
1432 824 1636 874 πολιτικῆς

134 905 180 940 10
192 896 373 948 εὐταξίας
388 899 669 954 βραβευθέντα
688 897 904 954 διέστρεφε.
952 894 1054 949 μεθ’
1077 888 1132 937 ὧν
1151 892 1235 935 λύει
1251 894 1318 935 καὶ
1335 891 1408 946 τὴν
1424 890 1526 947 πρὸς
1543 889 1638 937 τοὺς

187 964 450 1022 Βουλγάρους
469 967 679 1021 γενομένην
699 963 870 1021 εῗρήνην.
913 962 1053 1006 ἱππικὰ
1073 963 1117 1004 δὲ
1136 959 1419 1018 στρατεύματα
1437 957 1537 1014 πρὸς
1552 963 1636 1006 τοῖς
1656 957 1687 991 C

193 1031 406 1091 Θρᾳκῴοις
427 1034 628 1089 διαγαγὼν
644 1034 808 1089 χωρίοις
825 1031 927 1073 κατὰ
943 1035 1023 1073 τῶν
1037 1033 1284 1083 Σκλαβηνῶν
1301 1028 1452 1076 εὐθέως
1465 1025 1640 1081 ὥρμησε.

187 1101 304 1156 μέχρι
325 1102 369 1143 δὲ
391 1101 686 1155 Θεσσαλονίκης
703 1099 914 1157 ἐκδραμών
927 1097 1092 1148 πόλεως,
1119 1095 1251 1139 πολλὰ
1267 1100 1346 1138 τῶν
1366 1095 1486 1136 ἐκεῖσε
1505 1096 1642 1135 Σκλα-

188 1173 324 1222 βηνῶν
352 1170 442 1224 γε’νη
473 1169 525 1212 τὰ
550 1170 624 1223 μὲν
651 1169 811 1225 πολέμῳ
833 1167 886 1209 τὰ
909 1167 952 1209 δὲ
976 1165 1167 1222 ὁμολογίᾳ
1190 1161 1459 1221 παραλαβών,
1494 1164 1550 1212 εἷς
1568 1160 1642 1216 τὴν

136 1244 181 1280 15
192 1240 265 1278 τοῦ
285 1236 472 1291 Ὀψικίου
499 1237 710 1292 λεγομένην
729 1234 870 1290 χώραν
892 1234 959 1276 διὰ
981 1238 1053 1288 τῆς
1064 1231 1238 1286 Ἀβύδου
1264 1229 1508 1284 διαβιβάσας
1525 1230 1644 1271 κατέ-

193 1320 349 1358 στησεν.
417 1305 459 1355 ἐξ
492 1299 548 1347 ὧν
579 1302 784 1361 στρατεύει
805 1302 899 1359 ἄχρι
919 1303 985 1344 καὶ
1003 1303 1077 1351 ἕως
1094 1299 1306 1356 τριάκοντα
1320 1297 1510 1353 χιλιάδας
1530 1296 1644 1348 λαόν,

184 1371 266 1422 οὓς
288 1373 500 1423 ε’ξοπλίσας
529 1372 628 1414 λαὸν
655 1370 817 1415 ἐκάλεσε
845 1369 1094 1427 περιούσιον,
1128 1367 1306 1425 ἄρχοντα
1336 1367 1471 1416 αὐτοῖς
1494 1367 1537 1407 ἐκ
1563 1369 1644 1407 τῶν

182 1440 473 1496 -εὖγενεστέρων
501 1438 717 1495 ἐπιστήσας
746 1441 788 1481 Γ
784 1442 949 1502 εβρῦλον
982 1436 1172 1490 τοῦνομα.
1242 1437 1298 1485 εἷς
1329 1434 1399 1484 οὓς
1429 1432 1646 1490 θαρρήσας

194 1506 279 1551 λύει
296 1508 368 1563 τὴν
389 1508 491 1564 πρὸς
511 1509 607 1558 τοὺς
626 1508 890 1563 Σαρακηνοὺς
907 1505 1020 1562 παρὰ
1038 1510 1109 1548 τοῦ
1132 1503 1284 1559 πατρὸς
1305 1503 1513 1558 γενομένην
1536 1499 1646 1557 εἰρή-

137 1585 289 1630 2ονην,
318 1577 534 1630 μεθίστησι
554 1577 598 1618 δὲ
617 1578 683 1617 καὶ
703 1575 799 1625 τούς
819 1576 859 1616 ἕν
877 1579 935 1631 τῷ
959 1573 1043 1630 ὄρει
1061 1577 1134 1626 τοῦ
1153 1570 1344 1624 Λιβάνου
1366 1574 1584 1624 λοχοῦντας
1603 1572 1645 1612 ἐκ
1666 1573 1698 1607 D

194 1648 369 1686 παλαιοῦ
386 1642 535 1699 χρόνον
556 1642 734 1692 ὁπλίτας.
802 1641 1051 1697 ἐκστρατεύει
1077 1642 1121 1682 δὲ
1143 1640 1237 1682 κατ’
1266 1639 1399 1680 αὐτῶν
1406 1670 1421 1690 ,
1455 1640 1521 1680 καὶ
1543 1638 1647 1679 κατὰ

193 1711 268 1765 τὴν
295 1709 595 1765 Σεβαστόπολιν
620 1712 781 1766 γίνεται.
848 1711 916 1751 καὶ
951 1710 1067 1752 αὐτοὶ
1098 1709 1142 1751 df?
1170 1705 1525 1763 ἐκστρατεύσαντες
1547 1705 1649 1761 πρὸς

195 1778 318 1822 αὐτὸν
346 1781 649 1836 παραγίνονται·
677 1780 745 1820 καὶ
771 1776 824 1820 τὰ
844 1778 917 1831 μὲν
936 1782 1008 1831 τῆς
1029 1774 1186 1832 εἰρήνης
1204 1773 1482 1832 φυλάττεσθαι
1499 1774 1649 1828 βέβαια

288 1874 333 1911 16
356 1869 446 1918 ἕως]
470 1872 549 1913 ele?
683 1872 731 1911 22
753 1883 815 1917 γρ,
832 1868 1179 1916 ἐπιστρατεύσαντες
1195 1881 1314 1914 margo
1333 1869 1364 1904 P

196 1951 289 1987 mino
310 1952 507 1987 voluntates
529 1951 743 1996 totidemque
763 1949 937 1991 naturales
961 1950 1116 1990 actiones
1139 1960 1220 1983 rece
1243 1952 1302 1985 tae
1324 1952 1422 1991 sunt3
1455 1948 1652 1983 decretum-

197 2009 266 2043 que
288 1998 382 2032 illnm
408 2010 484 2035 cum
506 1997 692 2032 divinitate
710 1997 889 2043 perfecta,
914 2002 985 2030 tum
1004 1996 1163 2040 perfecta
1181 1994 1218 2028 ni
1242 1993 1401 2028 ilominus
1421 1993 1568 2027 hominis
1587 2005 1652 2028 na-

197 2050 277 2079 tura
299 2049 473 2081 constare.
522 2043 717 2081 contrariae
739 2054 824 2077 vero
845 2042 1001 2076 haeresis
1022 2046 1180 2075 auctores
1200 2038 1418 2074 anathemate
1436 2040 1653 2073 damnantur.

188 2090 290 2124 rhunc
312 2090 349 2124 in
371 2091 507 2124 modum
530 2089 699 2134 reliquum
721 2088 817 2123 vitae
838 2094 974 2133 tempus
991 2087 1029 2121 in
1048 2086 1121 2121 otio
1145 2098 1186 2120 ac
1208 2097 1298 2130 pace
1320 2084 1518 2129 transigens
1541 2084 1653 2129 impe-

198 2142 296 2170 rator
316 2136 449 2170 decimo
471 2135 619 2180 septimo
640 2135 778 2180 imperii
800 2146 890 2168 anno
912 2133 1066 2168 excessit
1086 2144 1106 2166 e
1123 2131 1218 2174 vita3
1240 2130 1336 2165 cuius
1358 2142 1484 2175 corpus
1501 2130 1539 2164 in
1555 2129 1656 2176 regia

199 2187 397 2216 sanctorum
419 2181 653 2227 apostolorum
674 2180 820 2215 basilica
842 2180 929 2214 aede
952 2178 1124 2223 sepultum
1147 2182 1213 2211 est.

292 2226 450 2271 Reliquit
477 2226 616 2273 imperii
644 2237 878 2261 successorem
900 2225 1129 2259 Iustinianum
1151 2222 1278 2266 filium,
1312 2221 1371 2266 qui
1394 2221 1462 2255 iam
1480 2220 1654 2255 sexdecim

201 2270 311 2306 annos
330 2272 508 2316 attigerat.
553 2278 660 2316 atque
676 2273 734 2306 hic
752 2272 933 2317 imperium
951 2279 1072 2304 nactus
1083 2296 1093 2313 ,
1114 2280 1203 2314 qnae
1222 2279 1243 2302 a
1260 2273 1405 2312 parente
1422 2268 1548 2301 suo·de
1565 2279 1652 2312 pace
1676 2279 1710 2303 a.
1733 2268 1799 2303 685

202 2329 245 2352 ac
266 2317 401 2362 reliqua
423 2317 477 2351 rei
500 2317 658 2362 publicae
681 2318 900 2352 ordinatione
930 2317 1119 2351 constituta
1143 2316 1305 2357 fuerant,
1340 2313 1454 2347 omnia
1474 2313 1659 2358 pervertit,

201 2374 340 2408 unaque
359 2368 394 2397 et
411 2362 533 2398 initam
553 2374 629 2398 cum
648 2363 809 2407 Bulgaris
827 2375 947 2408 pacem
965 2361 1138 2396 dissolvit.
1184 2360 1266 2394 hinc
1283 2359 1459 2403 equitibus
1478 2360 1522 2393 ad
1541 2359 1657 2393 Thra-

203 2409 281 2443 ciae
302 2408 379 2443 loca
399 2408 514 2443 missis
537 2413 657 2443 contra
685 2408 868 2443 sclavinos
891 2407 1136 2453 proficiscitur.
1186 2411 1223 2439 et
1243 2404 1526 2439 Thessalonicam
1546 2416 1658 2450 usque
1681 2416 1714 2439 a.
1737 2404 1804 2438 688

203 2455 452 2508 progrediens,
476 2453 734 2500 quamplurimis
750 2453 822 2488 illic
838 2454 1077 2496 Sclavinorum
1098 2451 1259 2497 gentibus
1280 2450 1405 2494 partim
1426 2450 1518 2484 bello
1535 2451 1662 2496 partim

205 2500 384 2535 deditione
406 2500 444 2534 in
468 2505 675 2545 potestatem
698 2499 871 2544 acceptis,
895 2501 1034 2534 easdem
1056 2499 1093 2532 in
1117 2496 1309 2542 Opsiciana
1331 2507 1433 2541 quam
1453 2502 1580 2531 vocant
1602 2509 1662 2532 re-

204 2545 311 2590 gione
333 2557 398 2591 per
416 2546 577 2589 Abydum
598 2544 784 2580 translatas
807 2545 965 2580 collocat.
1013 2557 1059 2579 ex
1087 2544 1212 2588 quibus
1243 2542 1287 2575 ad
1317 2542 1461 2587 triginta
1482 2542 1578 2576 milia
1603 2554 1662 2575 ar-

206 2596 375 2625 matorum
406 2591 545 2636 eduxit,
581 2602 727 2636 eumque
759 2590 968 2636 peculiarem
998 2590 1139 2625 militem
1164 2587 1374 2632 appellavit,
1407 2587 1464 2622 cui
1489 2588 1662 2623 Gebulum

210 2647 256 2670 ex
277 2636 506 2671 nobilioribus
552 2637 698 2671 uendam
719 2635 935 2683 praeposuit.
980 2642 1086 2682 anlne
1106 2635 1158 2668 his
1176 2635 1287 2667 fretus
1311 2645 1431 2678 pacem
1456 2645 1531 2668 cum
1552 2636 1664 2668 Sara-

210 2681 307 2716 cenis
329 2693 350 2716 a
370 2688 515 2727 parente
536 2682 658 2717 initam
675 2681 848 2717 dissolvit.
893 2682 939 2717 ad
958 2682 1045 2718 haec
1063 2680 1248 2716 stationem
1267 2678 1357 2714 illam
1376 2679 1540 2724 militum,
1572 2690 1663 2723 qnae

210 2728 250 2761 in
281 2727 416 2762 Libano
449 2732 566 2763 monte
595 2729 665 2763 iam
694 2733 767 2762 tum
789 2728 834 2762 ab
856 2727 1009 2773 antiquis
1036 2725 1250 2771 temporibus
1299 2725 1391 2760 osita
1409 2727 1548 2770 fuerat,
1579 2725 1664 2758 inde

211 2773 379 2808 detrahit.
423 2772 533 2818 igitur
553 2773 710 2809 exercitu
731 2777 854 2808 contra
869 2773 948 2809 illos
970 2779 1047 2808 acto
1071 2773 1266 2816 Sebastopo
1348 2771 1522 2817 pervenit.
1569 2774 1606 2803 at
1625 2768 1663 2803 hi

192 2818 393 2866 productis
415 2830 460 2854 ex
480 2819 629 2856 adverso
658 2819 771 2866 copiis
800 2830 922 2866 pacem
947 2819 1088 2866 quidem
1108 2829 1169 2862 se,
1204 2823 1369 2863 quantum
1384 2817 1423 2853 in
1442 2828 1521 2851 sese
1542 2814 1663 2861 fuerit,
