1838 3210
229 189 326 235 102
795 186 875 229 DU
910 183 1095 228 CANGII

225 311 267 351 p
297 296 547 346 132,133,
598 292 696 341 184,
737 290 981 341 146,150,
1028 289 1122 334 174.
1177 303 1292 343 porro
1327 292 1519 332 Paulinus
1558 293 1672 347 epist.

227 353 279 391 ad
301 355 434 392 Sever.
467 349 639 391 conchae
670 356 904 401 apparatum
933 348 1159 387 describens
1190 361 1352 388 coronas
1379 352 1525 402 pariter
1551 352 1594 389 in
1627 363 1675 388 ea

225 412 385 450 statuit:

499 474 653 499 crucem
671 473 815 498 corona
832 459 965 498 lucido
983 461 1109 512 cingit
1124 459 1263 512 globo,

501 519 568 555 cui
583 530 746 555 coronae
764 524 858 554 sunt
878 531 1021 554 corona
1036 516 1221 567 apostoli,

499 587 667 626 quorum
675 573 822 625 figura
844 580 900 610 est
917 574 962 610 in
980 572 1252 610 columbarum
1271 571 1399 610 choro.

226 643 364 669 verum
391 643 441 667 an
471 632 620 681 priores
646 632 902 681 imperatores
925 630 968 666 in
985 629 1134 680 templo
1153 630 1328 667 coronati
1347 628 1465 666 sacris
1482 627 1676 666 inter-fue·
1728 650 1731 653 ν

227 689 317 734 rint,
340 686 504 723 dubium
516 687 645 724 facere
663 685 848 723 videntur
866 685 987 722 verba
1003 683 1102 723 haec
1119 683 1339 723 Theodosii
1356 692 1394 722 et
1412 682 1678 723 Valentiniani

224 744 270 781 in
292 744 576 780 Constitutione
595 754 716 795 quam
734 740 853 779 modo
868 741 1140 779 laudavimus:
1171 742 1236 778 dei
1254 741 1443 792 templum
1462 738 1679 792 ingressuri

216 800 325 852 jot-is
341 813 456 835 arma
476 799 752 851 relinquimus,
789 804 826 834 el
850 798 980 848 ipsum
1004 799 1122 834 etiam
1142 797 1328 835 diadema
1349 798 1602 847 deponimus;
1643 799 1680 835 et

227 866 304 908 quo
333 854 595 892 SlbbmlSSlorlS
619 868 775 905 Imperlb
797 867 962 904 speclem
983 854 1265 905 prafferimlbb‘)
1304 868 1345 891 eo
1373 855 1504 905 magi&
1526 848 1682 904 ἰῙΙΖΡθΓὶί

228 911 340 949 nobis
361 913 546 948 maiestas
561 911 822 961 promittitur.
883 923 977 947 sane
999 911 1072 947 etsi
1092 909 1232 947 aedem
1250 923 1401 948 sacram
1425 912 1598 947 coronati
1614 912 1682 947 in-

227 967 486 1019 grederentur
511 968 747 1018 posteriores
774 967 968 1016 Augusti,
1023 979 1114 1003 cum
1143 973 1277 1004 tamen
1308 965 1360 1004 ad
1387 967 1514 1016 regias
1547 974 1681 1018 portas

228 1031 487 1071 accesserant,
518 1035 680 1061 coronas
698 1021 960 1073 deponebant.
994 1023 1077 1060 Leo
1097 1023 1413 1060 Grammaticus
1403 1036 1445 1059 in
1431 996 1682 1061 ὃΜ1(>11ειέἐ1(εε

229 1080 339 1133 μέχρι
372 1077 416 1120 δὲ
446 1095 528 1119 των
555 1073 775 1148 βασιλικῶνι
793 1080 931 1118 πυλων
951 1074 1124 1118 ἐλθῶν“
1102 1095 1123 1119 ο
1147 1077 1334 1146 βασιλευς
1354 1093 1429 1119 ουκ
1448 1075 1620 1120 ἐπέθετο
1639 1078 1684 1122 vd

230 1137 396 1187 στέφος,
427 1132 567 1183 καθως
586 1134 681 1182 ἔθος
699 1133 780 1176 ἐστὶ
798 1138 880 1181 τοῖς
897 1135 1147 1187 βασιλεῦσιν,
1178 1129 1276 1174 αλλα
1300 1130 1384 1187 μετ’
1411 1130 1536 1175 αὐτοῦ
1552 1136 1684 1187 εἰσῆλ-

229 1197 307 1232 θεν
338 1191 447 1244 μέχρι
475 1194 555 1230 τῶν
584 1189 711 1243 dyacona
739 1193 896 1242 θυρων.
952 1189 1051 1228 haec
1074 1189 1122 1228 de
1145 1191 1300 1229 corollis
1329 1198 1537 1229 annotasse
1559 1194 1686 1230 inter-

231 1255 327 1296 erat,
352 1260 441 1285 cum
457 1253 495 1284 et
513 1246 564 1283 ad
586 1245 725 1283 aedem
737 1245 981 1297 Sophianam
1003 1246 1296 1298 quodammodo
1313 1249 1558 1299 pertineant:
1577 1261 1685 1287 nunc

230 1305 427 1356 reliquam
445 1302 748 1354 descriptionem
767 1315 1064 1354 prosequamur.

341 1359 409 1401 44.
467 1359 630 1409 Templi
646 1359 918 1409 pavimentum
936 1359 1116 1409 pretiosis
1134 1359 1313 1411 variique
1334 1359 1489 1410 generis
1508 1372 1686 1399 marmo-

230 1417 360 1463 ribus,
403 1422 490 1452 tum
516 1412 804 1466 porphyreticis
825 1415 1116 1452 subvirentibus
1139 1422 1227 1452 tum
1246 1416 1409 1467 reliquis
1427 1428 1537 1453 roseo
1556 1414 1687 1455 colore

230 1473 442 1522 variegatis
466 1484 511 1508 ac
530 1471 760 1522 perpolitis,
802 1477 968 1508 stratum
991 1472 1241 1523 conspicitur.
1298 1472 1556 1523 Anonymus:
1585 1470 1628 1512 τὸ
1644 1471 1689 1514 δὲ

232 1527 383 1579 ἔδαφος
399 1529 473 1567 τοῦ
488 1529 590 1567 ναοῦ
612 1523 882 1577 κατεκόσμησε
901 1524 968 1566 dtu?
989 1529 1214 1567 πολυτελῶν
1234 1525 1300 1566 καὶ
1325 1530 1518 1569 ποικίλων
1535 1544 1690 1582 μαρμα-

233 1599 337 1636 ρων,
382 1578 449 1623 δια
475 1596 516 1622 τε
542 1580 611 1620 καὶ
634 1580 833 1648 Ῥωμαίων
848 1583 1119 1648 πηγανησίων
1143 1581 1211 1622 καὶ
1228 1598 1310 1621 των
1327 1586 1478 1623 λοιπων
1499 1585 1690 1637 ροδοποι-

231 1640 376 1689 κίλων,
417 1637 485 1678 καὶ
512 1632 729 1689 στιλβιόσας
756 1632 873 1679 αυτοὶ.
927 1635 992 1675 his
1034 1638 1205 1675 concinit
1238 1638 1488 1678 SilentIarius
1526 1648 1629 1692 part.
1661 1639 1691 1684 2

345 1750 413 1792 45.
473 1747 653 1787 Testudo
678 1762 772 1787 vero
798 1762 917 1800 opere
944 1750 1100 1788 musivo
1119 1750 1269 1803 ubique
1290 1757 1527 1802 exornatur,
1568 1758 1614 1791 ut
1635 1753 1691 1792 ait

234 1804 343 1844 idem
362 1806 611 1845 Silentiarius
634 1812 734 1856 part.
754 1807 781 1845 2
801 1818 839 1842 v
861 1803 966 1844 251:

454 1857 811 1931 χρυσεοκολλήτους
832 1858 875 1900 δὲ
895 1859 1005 1927 τέγος
1021 1861 1208 1912 ψηφῖδας
1226 1860 1369 1931 ἐέργει,

454 1932 511 1957 ων
532 1913 613 1957 ἄπο
631 1917 898 1969 μαρμαίρουσι
917 1913 1044 1969 χύδην
1062 1915 1323 1971 χρυσόρρυτος
1333 1914 1455 1984 cinric

454 1968 736 2026 ἄνδρομέοισιν
756 1970 920 2022 ατλητος
940 1972 1190 2025 ἐπεσκίρτησε
1207 1970 1446 2042 προσώποις.
1479 1992 1484 1995 ·

238 2026 311 2066 sed
329 2034 367 2064 et
386 2041 619 2097 31110,“,Ρ111·ο
656 2035 701 2065 ut
716 2030 803 2067 vult
825 2030 1065 2079 Procopius:
1088 2032 1230 2097 χρυσῷ
1245 2046 1320 2084 γαρ
1340 2026 1544 2096 ἅκιβδήλω
1566 2032 1693 2074 κατεί-

239 2086 385 2134 ληπται
415 2083 445 2135 ἦ
476 2081 608 2136 ὀροφή
637 2086 768 2129 πᾶσα,
799 2087 1032 2152 κεραννῦσα
1055 2082 1123 2125 τὸν
1142 2081 1302 2137 κόμπον
1324 2089 1379 2141 τῷ
1397 2083 1543 2127 κάλλει.
1599 2092 1694 2144 νικᾷ

241 2138 374 2190 μέντοι
394 2138 424 2190 ἦ
441 2138 483 2179 ἐκ
500 2154 580 2178 των
603 2139 734 2179 λίθων
757 2135 861 2192 αὐγὴ
883 2135 1229 2210 ἅναστροῖπτουσα.
1286 2143 1351 2180 vel
1372 2144 1504 2213 potius
1523 2145 1694 2183 tessellis

240 2196 375 2232 vitreis
396 2196 607 2242 inauratis,
646 2200 692 2231 ut
711 2196 972 2248 Anonymus:
1010 2194 1282 2250 κατεχρῦσωσε
1302 2196 1349 2238 τοὶ
1370 2197 1502 2252 όροφα
1525 2199 1565 2249 ἐξ
1584 2199 1695 2242 vel-[-

239 2265 315 2290 νου
334 2253 483 2302 χρυσοῦ
501 2246 766 2301 λαμπρότατα.

351 2305 421 2346 46.
478 2304 591 2352 Quod
612 2304 664 2342 ad
682 2312 830 2343 tectum
851 2313 1018 2358 spectat,
1056 2307 1176 2345 tradit
1193 2307 1302 2346 idem
1323 2308 1570 2349 silentiarius
1591 2319 1694 2363 part.

240 2363 269 2401 2
290 2374 329 2398 v.
355 2362 466 2402 108
455 2375 497 2398 111
520 2360 732 2412 operienda
753 2361 849 2398 aede
869 2365 1102 2415 neutiquam
1128 2364 1249 2416 lignis
1275 2379 1394 2404 usum
1415 2369 1692 2417 lastinianum,

243 2415 315 2454 sed
332 2423 459 2454 totam
478 2417 607 2468 longis
628 2419 857 2455 marmoreis
881 2419 1026 2457 tabulis
1045 2421 1218 2459 texisse:

410 2473 479 2512 καὶ
499 2489 574 2526 γαρ
596 2470 696 2521 ἅναξ
719 2469 960 2525 πολύυμνος,
989 2473 1015 2515 δι’
1035 2473 1090 2528 μὴ
1112 2473 1234 2526 φύσις
1253 2471 1356 2544 ευρε
1360 2473 1542 2536 καλύψαι

410 2528 586 2579 δένδρεσι
603 2529 877 2580 μηκεδανοῖσι,
907 2532 1039 2571 λίθων
1059 2528 1284 2583 ἐκαλύψατο
1303 2529 1477 2580 κύκλοις.

246 2596 324 2636 quo
353 2586 527 2635 respexit
554 2583 766 2636 Agathias‚
811 2586 984 2624 scribens
1009 2589 1271 2625 lastinianum
1299 2601 1554 2641 nequaquam
1584 2590 1696 2658 ligna

247 2638 494 2688 adhibuisse,
523 2654 574 2678 ne
603 2639 817 2689 incendiis,
850 2648 895 2679 ut
918 2644 1050 2694 prius,
1079 2642 1197 2682 aedes
1222 2643 1394 2682 obnoxia
1414 2652 1541 2684 esset·
1572 2645 1625 2694 ὦς
1643 2662 1696 2687 αν

246 2693 302 2748 μή
329 2692 576 2737 εὖκολοὸτατα
592 2699 847 2749 πυρπολοῖτο.

357 2751 423 2792 47.
479 2751 609 2790 Aedis
629 2754 833 2800 inter-cora,
853 2754 983 2807 inquit
994 2755 1162 2806 Gyllius,
1179 2754 1351 2806 fulgent
1367 2755 1590 2794 clarissima
1608 2757 1696 2794 luco

246 2806 294 2843 ob
312 2807 605 2846 multitudinem
624 2809 833 2848 luminum.
894 2824 1071 2849 summus
1090 2823 1244 2857 murm,
1264 2813 1335 2863 qui
1353 2813 1398 2851 in
1415 2812 1545 2851 orbem
1557 2813 1696 2864 ser-tw
