1890 3224
0 181 1 230 ³
522 151 828 199 NICEPHORI
859 150 1261 198 mensuum.
1524 149 1618 195 135

167 265 200 308 δι’
213 268 294 308 τῶν
314 263 534 320 εἰρημένων
553 264 708 315 ἐδέξατο
728 262 777 306 τὰ
795 266 926 314 κῶλα,
955 264 1097 315 σαφῶς
1112 258 1464 303 ὑποδεικνύουσιν.
1505 258 1622 312 ἔργον

168 321 246 379 γαρ
275 326 349 376 τῆς
381 325 592 375 Σκυθικῆς
622 322 816 375 μαχαίρας
837 317 947 362 ἅπαν
969 317 1109 372 σχεδόν
1125 315 1169 360 ‘td
1189 314 1410 372 στράτευμα
1425 318 1509 358 τῶν
1530 316 1623 357 Ῥω·-

170 381 302 433 μαίων
328 378 500 433 γέγονεν.
556 379 594 420 εἰ
624 378 668 420 δέ
694 393 733 419 τι
757 375 902 432 μικρόν
929 376 999 418 καὶ
1017 371 1066 418 οὗ
1083 372 1194 417 πάνυ
1215 370 1424 427 ἀξιόλογον
1445 372 1622 427 ἔδρασεν,

171 439 289 478 τοῦτο
318 435 422 477 ἐστί·
456 432 551 485 τοῦς
580 431 656 488 γὰρ
683 432 782 487 πρὸς
806 430 1002 482 ἀνατολὰς
1027 433 1238 480 οἰκοῦντας
1264 426 1497 485 βαρβάρους
1523 425 1627 480 ἄκη-

138 491 275 541 5κοῶς
301 492 394 546 περὶ
425 489 521 540 τοῦς
549 492 723 540 οἰκείους
745 487 946 546 ἡγεμόνας
971 484 1320 537 διαστασιάζοντας
1342 486 1410 528 καὶ
1429 482 1530 538 πρὸς
1550 484 1622 527 τόν
1646 492 1678 526 D

171 542 370 602 ἐμφύλιον
400 545 577 601 πόλεμον
610 544 926 601 ἀσχολουμένους
934 576 946 597 ,
973 542 1284 603 λῃστρικῶτερόν
1310 559 1397 592 πως
1425 545 1575 595 μᾶλλον
1595 538 1626 594 ἢ

172 601 530 659 στρατηγικώτερον
553 603 608 653 ῶς
631 607 788 645 λυσσῶν
813 600 940 646 &adv
965 607 1051 652 τοῖς
1066 599 1270 656 Ἀρμενίας
1286 600 1356 642 καὶ
1378 599 1529 652 Συρίας
1547 614 1628 651 χω-

171 663 299 715 ρίοις,
327 664 408 702 τῶν
436 661 604 710 ἐκείνοις
627 661 836 714 φρουρίων
863 660 972 714 αἱρεῖ
988 659 1180 715 ὁμολογίᾳ
1198 661 1281 699 τῶν
1301 652 1628 708 προσοικούντων

172 718 242 758 καὶ
258 716 323 760 ἐπὶ
340 715 415 770 τήν
430 715 597 774 Θρᾴκην
614 714 764 766 αὐτοῦς
778 713 982 771 μετήγαγε.
1038 718 1204 757 τοιαῦτα
1219 712 1293 767 μὲν
1312 708 1389 755 οὖν
1406 710 1455 753 τοὶ
1473 711 1629 753 ἐκείνου

117 778 162 813 10
174 770 515 827 ἇνδραγαθήματα
530 773 599 815 καὶ
615 772 664 815 τοὶ
680 769 769 815 κατ’
784 773 942 827 ἐχθρῶν
958 769 1232 825 σχεδιαζόμενα
1248 765 1428 824 τρόπαια.
1463 770 1630 809 τοιαῦτα

171 830 242 871 καὶ
257 829 306 871 τοὶ
322 829 421 871 κατοέ
436 833 508 883 τῆς
526 827 722 884 ἀληθείας
736 830 804 872 καὶ
820 827 1025 883 εὐσεβείας
1037 824 1313 880 νεανιεύματα.
1350 820 1630 877 ἀπηναισχύν-

171 900 292 939 τησεν
321 885 397 941 γαρ
427 884 527 928 κατά
555 902 598 928 τε
626 890 700 928 τοῦ
726 889 831 928 θεοῦ
856 885 996 940 μανεὶς
1022 885 1092 926 καὶ
1109 882 1209 926 κατοῖ
1225 886 1306 925 τῶν
1327 883 1446 934 ἱερῶν
1466 877 1630 934 α’νδρῶν

171 946 253 983 τῶν
277 940 408 998 ὥσπερ
431 939 540 998 αὐτῷ
560 939 837 996 α’ναθημᾶτων
853 937 1148 996 προσηκόντων.
1206 940 1275 981 καὶ
1290 936 1333 980 ui
1351 934 1558 992 α’γγελικδν
1576 933 1629 988 δή

173 1002 291 1040 τοῦτο
317 1000 387 1040 καὶ
418 997 680 1040 ἄποστολικὸν
697 1002 771 1040 τοῦ
789 1002 1007 1051 μοναχικοῦ
1025 999 1118 1051 βίου
1137 999 1267 1049 σχῆμα
1285 992 1587 1048 βδελυττόμενος
1608 991 1630 1034 ὃ

118 1058 162 1095 15
175 1052 369 1107 θεομισής
391 1069 432 1096 τε
451 1054 519 1095 καὶ
539 1055 725 1107 βέβηλος,
753 1053 968 1108 ἐπώνυμον
996 1058 1068 1106 τῆς
1095 1054 1346 1104 θεοσεβείας,
1374 1049 1420 1092 τό
1444 1045 1627 1101 (ἔμνημό-
1649 1045 1678 1079 Ρ
1704 1044 1747 1079 38

173 1126 315 1152 νευτον
343 1107 480 1159 αὐτοῖς
506 1110 730 1164 ἐπέγραψεν
752 1108 892 1162 ὄνομα.
946 1109 1144 1163 βδέλυγμα
1161 1106 1243 1175 γάρ
1265 1106 1510 1161 ἆμαρτωλῶν
1530 1110 1630 1146 θεο-

174 1166 331 1217 σέβεια,
359 1165 426 1206 καὶ
458 1165 484 1206 ὁ
516 1163 628 1213 ὅσιος
654 1162 886 1217 ἀκάθαρτος
908 1163 1018 1217 παρα
1045 1179 1296 1218 κακουργοις.
1358 1159 1423 1203 οἷα
1453 1161 1495 1202 δὲ
1526 1158 1630 1214 πρός

175 1220 323 1271 αὐτοῦς
339 1222 556 1275 τυραννίδα
574 1220 699 1263 έπιῶν
718 1221 740 1262 ὅ
756 1218 952 1271 τύραννος
973 1221 1121 1271 ἔδρασε,
1140 1221 1200 1267 τίς
1212 1217 1276 1266 ἅν,
1297 1217 1354 1267 ῶς
1374 1218 1490 1270 ἔφην,
1507 1213 1632 1266 α’ξίως

176 1276 425 1332 διηγήσεται,·
451 1274 523 1326 τοὶς
549 1292 591 1319 τε
619 1275 694 1331 γὰρ
717 1275 825 1330 παροὲ
847 1279 935 1332 θεῷ
951 1276 1238 1331 ἐπηγγελμένας
1260 1271 1396 1322 αὐτοῖς
1418 1273 1631 1327 ὁμολογίας

119 1335 245 1378 eonati
272 1331 480 1385 συνθήκας
507 1330 668 1374 ἀθετεῖν
695 1329 989 1386 ἐκβιαζόμενος,
1017 1332 1086 1373 καὶ
1108 1331 1152 1373 τὸ
1173 1328 1282 1384 ἱερόν
1305 1333 1435 1383 σχῆμα
1459 1326 1632 1382 ἀπορρί-

178 1401 338 1443 ψαντας
356 1389 401 1431 τό
419 1393 499 1430 τῶν
515 1393 666 1430 λαϊκῶν
685 1389 709 1431 ὁ
722 1386 956 1442 παράνομος
969 1387 1235 1441 ἐνομοθέτησε
1249 1385 1632 1439 μεταμφιέννυσθαι.

175 1445 224 1488 τοὶ
253 1445 297 1487 δὲ
327 1447 385 1495 εἰς
410 1443 529 1495 δόξαν
552 1449 629 1487 τοῦ
650 1449 755 1487 θεοῦ
773 1443 964 1498 ἱδρυμένα
981 1442 1227 1498 μοναστήρια
1248 1445 1497 1496 στρατιωτῶν
1517 1442 1634 1493 οἰκη-

175 1500 296 1556 τήρια
323 1502 391 1543 καὶ
417 1498 658 1543 ίπποστάσια
677 1502 744 1542 καὶ
764 1504 976 1555 κοπρῶνας
996 1500 1018 1543 o‘
1036 1498 1260 1553 κοπρόνους
1278 1498 1346 1540 καὶ
1365 1495 1632 1552 κοπρῶνυμος

175 1560 407 1610 πεποίηκεν.
463 1555 546 1599 εἶτα
571 1554 672 1611 πρὸς
695 1561 755 1613 τῷ
780 1558 880 1599 τέλει
907 1560 987 1598 τῶν
1016 1560 1153 1598 κακῶν
1183 1555 1252 1596 καὶ
1281 1557 1355 1596 τοῦ
1385 1556 1634 1607 θεοστυγοῦς

120 1612 306 1657 esaiam?
328 1615 420 1667 βίου
443 1611 674 1667 γενόμενος,
701 1613 771 1655 καὶ
795 1616 978 1668 πυρετῶν
994 1609 1156 1666 ὀξύτητι
1174 1611 1240 1653 καὶ
1264 1606 1492 1665 φλογῶσεσι
1509 1625 1634 1651 κατα·

269 1693 290 1726 1
311 1691 386 1725 τῶν
409 1685 672 1735 ἆνῃρημένωνῖ

177 1768 283 1804 nities
310 1767 461 1811 indicat,
499 1779 676 1802 caesorum
697 1767 859 1802 membris
881 1779 922 1802 eo
946 1770 1105 1813 tempore
1125 1769 1320 1801 constratat
1355 1775 1433 1799 nam
1450 1764 1636 1799 universus

176 1826 269 1860 pene
306 1814 537 1848 Romanorum
578 1814 750 1848 exercitus
791 1814 998 1856 Scytharum
1030 1812 1156 1857 gladiis
1186 1813 1366 1846 confossus
1395 1816 1462 1844 est.
1510 1810 1636 1855 quodsi

177 1861 272 1894 forte
301 1860 460 1904 exiguum
493 1859 655 1904 quiddam
690 1865 726 1893 et
756 1860 1039 1893 contemnendum
1060 1860 1103 1892 ab
1131 1870 1173 1891 eo
1197 1863 1330 1901 gestum
1358 1862 1433 1899 est,
1467 1855 1636 1890 eiusmodi

177 1905 273 1939 istud
292 1904 370 1939 fuit.
420 1910 643 1949 posteaquam
664 1905 849 1938 orientales
867 1906 1037 1938 barbaros
1057 1916 1078 1937 a
1095 1903 1240 1937 ducibus
1258 1902 1330 1936 suis
1349 1901 1519 1935 dissidere
1538 1913 1632 1934 com-

178 1950 273 1997 perit
296 1955 333 1983 et
356 1950 452 1985 civili
471 1950 562 1984 bello
586 1950 765 1993 distineri,
800 1949 945 1983 latronis
968 1961 1064 1983 more
1085 1949 1203 1994 potius
1230 1959 1331 1992 quam
1354 1946 1574 1991 imperatoris
1596 1947 1635 1980 in

177 1995 375 2031 Armeniam
410 2001 447 2030 et
479 1996 618 2039 Syriam
651 1996 858 2029 furibundus
889 1994 1070 2039 irrumpit,
1105 1993 1226 2038 ibique
1245 1992 1433 2027 incolarum
1455 1991 1635 2026 deditione

178 2041 358 2086 occupatis
391 2041 525 2086 aliquot
554 2041 702 2075 castellis
733 2042 870 2075 eosdem
900 2040 978 2074 illos
1007 2040 1045 2074 in
1067 2039 1253 2073 Thraciam
1272 2042 1500 2082 transportat.
1547 2037 1635 2071 haec

179 2092 260 2121 sunt
282 2086 384 2120 istius
402 2086 550 2121 hominis
569 2087 711 2131 egregia
729 2088 841 2130 facta,
864 2086 950 2120 haec
970 2085 1208 2119 commenticia
1226 2085 1269 2118 de
1289 2083 1447 2117 hostibus
1468 2088 1634 2128 tropaea:

179 2132 368 2175 eiusmodi,
391 2132 551 2177 inquam,
576 2138 656 2166 sunt
673 2143 762 2176 quae
783 2131 973 2165 insolenter
990 2131 1048 2166 ille
1069 2136 1188 2165 contra
1211 2129 1395 2164 veritatem
1414 2134 1450 2162 et
1468 2129 1636 2173 pietatem

179 2177 318 2218 molitus
343 2182 408 2211 est.
457 2177 585 2212 etenim
610 2177 699 2211 citra
722 2177 822 2211 ullam
845 2177 1088 2211 verecundiam
1107 2182 1228 2210 contra
1251 2176 1352 2209 deum
1372 2174 1561 2208 bacchatus
1581 2178 1638 2208 est

179 2233 367 2266 sacrasque
400 2234 458 2256 res
493 2223 528 2256 ei
560 2229 722 2268 tanquam
754 2223 899 2265 donaria
931 2227 1162 2256 consecratas.
1211 2221 1296 2266 quin
1319 2219 1422 2254 etiam
1449 2219 1641 2263 angelicum

180 2268 266 2301 illud
295 2272 332 2300 et
356 2267 580 2312 apostolicum
611 2268 823 2302 monasticae
856 2269 952 2302 vitae
986 2279 1095 2313 genus
1128 2267 1228 2300 homo
1253 2278 1273 2300 a
1296 2266 1361 2299 deo
1388 2271 1569 2300 execratus
1595 2276 1638 2298 ac

179 2313 348 2358 profanus
378 2318 415 2346 et
448 2324 469 2346 a
488 2313 688 2347 Christiana
710 2314 880 2358 religione
902 2313 990 2348 falso
1015 2312 1275 2357 cognominatus
1299 2311 1455 2345 illaudati
1481 2309 1639 2355 appella-

180 2359 278 2392 tione
297 2358 451 2392 notavit:
484 2358 692 2392 abominatio
713 2360 802 2393 enim
819 2359 997 2405 peccatori
1020 2365 1074 2393 est
1096 2358 1228 2404 pietas,
1265 2361 1300 2391 et
1321 2362 1458 2390 sanctus
1481 2356 1638 2401 impurus

183 2409 238 2438 est
260 2404 351 2448 apud
374 2403 574 2438 sceleratos.
629 2404 697 2437 iam
731 2416 816 2438 vero
852 2405 987 2450 qualem
1016 2405 1054 2438 in
1085 2415 1144 2437 eos
1177 2402 1396 2446 tyrannidem
1428 2401 1638 2445 exercuerit,

182 2448 260 2494 quis
289 2460 352 2493 pro
383 2449 526 2493 merito,
560 2452 600 2483 ut
622 2454 703 2483 ante
725 2450 819 2492 dixi,
853 2461 1118 2485 commemorare
1145 2448 1284 2494 possit?
1329 2447 1459 2493 quippe
1483 2458 1638 2480 conven-

181 2495 296 2528 tiones
327 2494 403 2528 illas
433 2500 604 2540 pactaque
626 2495 750 2539 quibus
780 2495 899 2529 divino
926 2507 966 2529 se
995 2494 1126 2530 numini
1151 2493 1410 2527 obstrinxerant
1436 2492 1638 2526 rescindere

183 2544 343 2583 coactos,
376 2551 417 2573 ac
440 2541 549 2574 sacris
571 2540 729 2574 vestibus
752 2546 874 2574 exutos
898 2540 1062 2575 laicorum
1084 2540 1129 2574 ad
1155 2538 1280 2572 cultum
1297 2538 1368 2572 lata
1383 2538 1462 2582 lege
1480 2538 1638 2572 nefarius

181 2584 241 2618 ille
270 2585 459 2619 transtulit.
507 2597 597 2630 quae
624 2597 709 2619 vero
739 2587 783 2620 ad
806 2586 970 2620 honorem
1001 2587 1059 2621 dei
1087 2583 1274 2619 constituta
1297 2589 1396 2618 erant
1415 2582 1643 2626 monasteria,

183 2642 227 2664 ea
255 2629 291 2663 in
315 2630 459 2664 militum
482 2630 677 2665 diversoria
706 2636 742 2664 et
765 2642 930 2675 equorum
960 2630 1097 2667 stabula
1119 2635 1155 2663 et
1176 2629 1320 2664 latrinas
1343 2635 1539 2664 stercoreas
1562 2634 1599 2661 et
1616 2639 1639 2662 a

182 2680 338 2709 stercore
362 2677 623 2719 cognominatus
647 2677 836 2711 convertit.
882 2678 1020 2712 tandem
1044 2687 1119 2710 cum
1142 2675 1307 2709 scelerum
1331 2686 1469 2710 suorlun
1489 2686 1532 2708 ex
1554 2685 1636 2706 exe-

183 2720 323 2756 crabilis
354 2720 450 2757 vitae
480 2722 662 2758 terminum
698 2722 896 2769 attigisset,
928 2728 1104 2759 acutarum
1139 2720 1287 2758 febrium
1317 2720 1500 2758 ardoribus
1533 2730 1638 2755 exae-
