1890 3224
238 191 302 239 56
717 178 960 226 -·GEORG11
992 175 1204 221 PISJDAE

337 304 419 348 215
453 302 547 351 τοὺς
567 301 739 355 γηγενεῖς
759 291 979 336 πλάττουσι
1000 289 1096 339 τοὺς
1114 282 1432 343 ψευδοσπόρους,

455 374 527 425 τῆς
544 371 617 424 γῆς
637 364 658 408 ὅ
679 363 847 418 πυθμὴν
866 357 1104 418 βαρβάρους
1125 355 1333 406 ἀνέπλασε,

457 439 524 481 καὶ
545 435 646 493 πρὸς
668 433 720 475 τὰ
742 432 851 486 τείχη
872 433 944 484 τῆς
969 426 1175 485 φιλοξένου
1196 420 1324 477 πύλης

457 503 595 560 πλήθη
614 504 867 559 προσῆλθεν,
889 496 1028 552 <ὥσπερ
1051 489 1101 549 ῆν
1124 491 1349 545 εἷκασμένα,

461 572 565 616 ὄκτιὺ
585 570 904 626 συναθροίζοντα
922 562 1180 620 μυριαρχίας,

344 649 427 691 220
460 644 593 698 παρῆν
613 639 656 682 ὁὲ
674 636 844 692 σάλπιγξ
865 635 932 676 καὶ
953 633 1052 687 βέλη
1074 630 1141 672 καὶ
1165 623 1368 685 φάσγανα,

460 714 540 766 πῦρ
565 709 632 750 καὶ
649 709 822 761 χελῶναι
843 704 910 745 καὶ
930 698 1156 747 διάττοντες
1175 697 1286 738 λίθοι

460 776 596 821 νόθων
616 792 658 817 τε
679 771 841 831 πύργων
863 769 1041 825 μηχαναὶ
1062 767 1130 808 καὶ
1152 761 1371 814 συνθέσεις,

463 848 530 889 καὶ
550 848 671 886 πᾶσιν
692 837 743 897 ῆν
761 840 928 888 ἄπιστος
946 835 973 891 ἡ
994 834 1186 890 σωτηρία,

467 913 562 957 ὅσον
581 909 683 968 παρ’
707 908 803 965 ῆμΐν
812 939 826 960 ,
858 905 983 954 αὐτὸς
1003 901 1102 957 εἶχες
1123 899 1267 942 ἐλπίδα

350 984 431 1028 225
465 982 713 1040 σφίγγουσαν
731 975 847 1031 ἡμῶν
861 974 934 1029 τὴν
954 973 1018 1014 ἐπὶ
1039 969 1219 1027 σφαίρας
1236 962 1373 1017 τύχην.

517 1048 621 1104 Ἐγὼ
643 1046 686 1088 δὲ
705 1048 836 1088 ταῦτα
856 1037 1116 1096 συγκαλύψαι
1137 1053 1202 1079 σοι
1217 1033 1351 1076 θέλων

470 1117 572 1171 (οῦκ
592 1111 762 1170 ἠγνόουν
780 1103 859 1166 γὰρ
878 1107 935 1157 ὡς
955 1110 1097 1148 λαθεῖν
1114 1105 1181 1145 καὶ
1195 1106 1267 1143 νῦν
1284 1098 1443 1152 θέλεις)

472 1188 587 1240 σιγᾶν
606 1182 804 1237 ἴμελλονξ
827 1174 920 1219 ἀλλ’
948 1173 969 1215 ὃ
991 1176 1086 1221 νοῦς
1108 1169 1290 1227 ἠρυθρία

471 1252 620 1306 κλέψαι
641 1245 848 1295 τοσούτοις
870 1245 1036 1299 εἰσορῶν
1057 1235 1301 1284 συνειδότας.

358 1326 442 1368 230
476 1320 620 1362 οῦκοῦν
646 1314 844 1369 ἀνάσχου·
874 1308 1063 1366 δυσχερὲς
1085 1305 1163 1362 γὰρ
1187 1301 1346 1351 εἲκότως

476 1386 611 1440 κοινῆν
634 1381 817 1437 καλύψαι
836 1381 903 1422 καὶ
923 1381 1066 1420 λαθεῖν
1085 1372 1282 1428 ὕποψίαν.

478 1454 577 1510 εἶχες
597 1450 675 1510 γάρ
687 1484 700 1504 ,
737 1448 836 1504 εἶχες
856 1446 1171 1503 συμφρονοῦσαν
1191 1436 1408 1496 παρθένον,

479 1522 507 1578 ’ῆ
530 1539 595 1565 σοι
614 1521 660 1563 τὸ
683 1518 831 1574 μέλλον
852 1518 926 1557 τοῦ
948 1514 1101 1555 σκοποῦ
1125 1505 1366 1566 προϊστόρει.

483 1589 632 1644 ταύτην
652 1585 974 1636 συνασπίζουσαν
993 1580 1035 1630 ἐξ
1052 1577 1175 1626 ἴθους
1195 1574 1296 1629 ἔχων

335 1719 339 1722 ⁴
365 1662 447 1706 235
472 1652 811 1714 ,ἇντεστρατῆγεις
833 1653 875 1701 ἐξ
897 1648 1022 1692 &mov
1049 1645 1219 1702 καρδίας

487 1733 572 1776 τοῖς
594 1723 834 1777 ἀντιτέχνοις
853 1722 934 1761 τῶν
956 1711 1121 1772 ἀγώνων
1139 1707 1338 1768 ὀργάνοις.

487 1793 603 1845 τόξον
622 1784 700 1848 γὰρ
723 1788 822 1843 εἶχες
841 1789 914 1829 τοῦ
934 1786 1038 1826 θεοῦ
1054 1781 1127 1835 τὴν
1149 1779 1291 1822 ἐλπίδα

489 1859 718 1917 τομώτερον
736 1856 957 1914 τρέχουσαν
978 1851 1188 1906 ἀστραπῆς
1206 1843 1370 1900 τάχους,

491 1929 669 1987 πύργους
689 1927 732 1969 ὁὲ
750 1925 882 1967 πίστιν
901 1922 969 1964 καὶ
984 1919 1083 1974 βέλη
1105 1916 1158 1959 τὰ
1179 1912 1338 1970 δάκρυα

378 1999 462 2044 240
497 2001 565 2041 καὶ
585 2001 664 2054 πῦρ
683 1994 730 2038 τὸ
750 1995 926 2045 πνεῦμα·
962 1989 1030 2031 καὶ
1047 1981 1228 2041 χελώνας
1249 1975 1421 2037 εἲργάσω

370 2115 439 2153 224
462 2112 560 2152 ὅσων
583 2114 613 2148 P

283 2221 339 2255 lae
362 2217 464 2263 (215)
490 2218 584 2250 terra
606 2211 741 2257 genitos
760 2209 894 2254 fingunt
915 2205 1004 2240 filios
1018 2199 1204 2241 mendacii,
1226 2206 1345 2232 rursus
1359 2204 1404 2228 ex
1418 2191 1484 2226 imo
1499 2188 1602 2224 tellus
1637 2184 1744 2221 rodu-

282 2265 391 2300 xisset
411 2263 577 2296 barbaros
587 2285 598 2301 ‚
622 2262 658 2292 et
672 2257 718 2291 ad
731 2265 845 2290 muros
859 2249 1034 2297 hospitalis
1049 2251 1171 2294 portae
1190 2242 1337 2279 maxima
1351 2237 1550 2275 accessisset
1562 2237 1619 2279 tur
1643 2242 1684 2272 a,
1706 2232 1747 2264 ut

284 2321 360 2345 esse
375 2308 507 2342 diceres
523 2309 600 2340 octo
617 2302 712 2338 simul
725 2302 888 2335 collectas
903 2294 1125 2341 myriarchias
1134 2317 1145 2334 ‚
1170 2289 1272 2335 (220)
1289 2290 1362 2322 erat
1376 2283 1497 2319 videre
1510 2280 1612 2315 tubas
1625 2280 1662 2312 et
1674 2275 1747 2310 tela

287 2359 324 2390 et
347 2353 478 2399 gladios
488 2379 498 2397 ‚
520 2352 634 2396 ignem
656 2347 910 2389 testudinesque
925 2347 961 2377 et
974 2338 1193 2375 iaculatorios
1206 2334 1336 2380 lapides
1346 2359 1356 2376 ‚
1380 2334 1417 2364 et
1431 2325 1592 2363 falsarum
1606 2321 1747 2358 turrium

288 2400 458 2436 machinas
473 2401 510 2432 et
525 2394 761 2440 compagines3
777 2403 818 2426 ac
831 2394 930 2424 tanta
943 2388 1011 2422 iam
1024 2389 1100 2420 erat
1113 2382 1263 2418 omnibus
1274 2378 1392 2414 salutis
1403 2371 1607 2419 desperatio,
1621 2369 1750 2414 quanta

289 2446 354 2481 tibi
369 2456 448 2491 spes
462 2454 524 2490 pro
539 2441 636 2477 nobis
652 2440 762 2474 inerat
772 2463 782 2479 ‚
805 2435 912 2480 (225)
929 2432 1020 2479 quod
1034 2432 1131 2466 firmo
1148 2430 1257 2463 staret
1271 2424 1361 2471 pede
1375 2423 1492 2456 nostra
1506 2417 1656 2452 fortuna.
1695 2414 1749 2446 at-

291 2503 358 2537 que
382 2491 468 2525 haec
490 2500 573 2533 ego,
595 2490 658 2521 tua
681 2484 792 2529 gratia
812 2482 926 2516 celare
941 2477 1082 2524 cupidus
1107 2474 1276 2521 (sciebam
1293 2469 1376 2504 enim
1392 2471 1430 2502 te
1443 2463 1531 2500 velle
1545 2461 1649 2496 etiam
1661 2468 1751 2493 nunc

295 2548 337 2572 ea
359 2536 494 2580 latere)
519 2544 609 2569 eram
630 2531 813 2566 taciturus:
838 2527 899 2562 sed
922 2534 1016 2560 mens
1031 2521 1166 2557 erubuit
1181 2530 1222 2554 ea
1236 2512 1395 2553 suffurari
1409 2519 1552 2557 quorum
1564 2506 1663 2541 videt
1675 2513 1753 2538 esse

296 2582 381 2617 alios
396 2580 558 2616 conscios.
598 2577 696 2622 (230)
718 2575 823 2620 igitur
838 2573 884 2607 da
897 2570 1042 2606 veniam.
1080 2571 1134 2603 est
1147 2565 1233 2600 enim
1249 2564 1343 2597 certe
1357 2556 1498 2594 difficile
1513 2552 1657 2589 omnium
1671 2559 1754 2585 eva-

298 2628 380 2662 dere
395 2632 431 2662 et
444 2626 562 2661 fallere
575 2622 810 2668 sagacitatem.
856 2616 1003 2653 habuisti
1023 2614 1111 2650 enim
1122 2641 1132 2657 ‚
1156 2607 1303 2646 habuisti
1317 2603 1563 2650 conspirantem
1576 2595 1754 2642 virginem,

299 2684 388 2719 quae
409 2672 473 2707 tibi
495 2670 585 2716 quod
607 2671 683 2703 erat
707 2668 857 2701 futurum
879 2659 1183 2710 praemonstrabat.
1229 2656 1317 2689 hanc
1332 2655 1445 2686 tecum
1458 2647 1588 2682 habens
1603 2643 1648 2677 de
1659 2649 1756 2693 moge

298 2719 381 2754 belli
406 2717 531 2753 sociam
554 2715 654 2761 (235)
678 2724 723 2748 ex
746 2715 806 2747 tuo
831 2708 990 2757 pugnasti
1016 2717 1085 2741 non
1109 2707 1244 2738 terreno
1261 2698 1364 2734 corde
1379 2706 1455 2730 cum
1467 2686 1756 2727 instrumenti-us

301 2764 462 2799 similibus
484 2761 569 2796 artis
594 2760 746 2795 bellicae.
792 2757 855 2792 tibi
869 2755 956 2790 enim
972 2756 1046 2788 erat
1060 2761 1122 2798 pto
1136 2749 1206 2783 telo
1220 2747 1254 2781 in
1269 2745 1367 2779 deum
1381 2739 1526 2780 fiducia,
1550 2734 1650 2770 citius
1675 2739 1756 2765 cur-

300 2821 380 2845 rens
399 2810 534 2855 fulgure
556 2805 687 2848 veloci3
715 2814 777 2851 pro
805 2801 891 2838 turri
914 2800 1022 2843 fides,
1043 2807 1106 2845 pro
1130 2793 1250 2840 iaculis
1272 2789 1448 2831 lacrimae,
1473 2783 1578 2829 (240)
1598 2788 1661 2826 pro
1675 2775 1758 2822 igue
