1838 3210
278 194 339 238 12
745 195 906 239 PAULI
934 194 1261 240 SILENTLARH
1300 201 1303 206 “

406 307 624 364 μισγομένη
641 307 850 366 νεφέλῃσιν
867 307 1110 365 ὃμιχλιῖεσσα
1127 311 1236 367 κονίη

408 378 598 433 οὐρανίης
620 376 840 434 ἀμάρυγμα
858 379 1134 437 μεσημβρινὸν
1149 380 1308 423 ἔσκεπεν
1326 378 1488 439 αἶ’θρης.

408 447 564 502 λῗριστὲ
579 444 741 502 μάκαρ,
775 446 826 490 σύ
852 448 896 490 δὲ
918 454 999 490 σεῖο
1021 448 1113 490 κατ’
1137 448 1248 491 ἴνδια
1264 454 1383 505 χεῖρα
1403 448 1603 503 τανύσσας

405 515 570 567 αἰζιιασιν
588 513 638 555 οὗ
654 515 858 569 μεθέηκας
873 514 948 558 ὕπ’
972 515 1255 573 ἅνδροφόνοισι
1273 521 1415 571 μιῆναι
1677 526 1723 560 60

290 580 370 621 195
405 581 480 634 σὴν
493 580 630 635 χθόνα
654 586 847 637 Τελχῖνας
864 585 1123 640 κακοεργέας·
1158 585 1251 626 οὐδὲ
1269 586 1347 642 γὰρ
1371 586 1486 640 ἔτλης

404 648 585 703 ὄμματος
605 649 818 707 ιἰχράντοιο
837 655 943 707 βολῇ
963 652 1177 707 πανδερκέί
1193 650 1372 695 λεύσσειν

404 715 507 770 αἷμα
523 719 655 771 χυθὲν
671 719 895 772 τεμένεσσιν
917 716 1178 773 ἀναιμάκτοιο
1198 723 1370 774 θυηλῆς.
1392 732 1393 735 ’

401 785 496 827 οὐδὲ
512 787 587 839 μὲν
605 784 862 844 εὐρύστερνος
876 783 1088 829 ὗπώκλασε
1105 788 1223 845 μέχρι
1241 790 1438 842 θεμείλων

401 852 519 907 νηός,
555 852 817 911 ἅριστώδινος
839 854 1022 908 ἐελμένος
1039 853 1196 910 ἅμμασι
1215 856 1375 912 τέχνης·
1674 879 1718 914 65

283 923 367 962 200
401 922 503 963 ἀλλὰ
520 927 618 976 μιῆς
633 920 785 977 ἁψῖδος
802 921 1063 978 ἀπωλίσθησε
1083 926 1219 981 κεραίη

402 989 588 1045 ἄντολική
597 1022 610 1041 ,
646 992 821 1048 σφαίρης
839 1007 880 1033 τε
899 989 1024 1046 λάχος
1039 993 1212 1048 κονίῃσιν
1230 992 1393 1047 ε’μίχθη.

401 1052 453 1111 ἦν
475 1059 580 1101 δὲτὸ
603 1059 675 1112 μὲν
697 1060 924 1111 δαπέδοισι,
958 1060 1004 1102 τὸ
1027 1059 1071 1102 δ’
1098 1061 1234 1111 εἷσέτι,
1265 1059 1431 1115 θάμβος
1451 1061 1628 1115 ἰδέσθαι,

403 1124 543 1182 οἷάπερ
566 1126 806 1184 ἄστῆρικτον
820 1125 974 1181 ὃμίλεεν
993 1129 1178 1186 ἐκκρεμὲς
1199 1127 1367 1186 αὔραις·

402 1198 482 1244 πᾶς
505 1196 548 1237 δὲ
566 1197 760 1252 κατηφείῃ
775 1197 1045 1251 βεβολημένος
1064 1197 1214 1240 ἔστενεν
1234 1196 1350 1254 ἀνήρ.
1670 1205 1715 1240 70

285 1261 368 1303 205
400 1260 460 1317 μή
477 1280 538 1313 τις
556 1264 655 1318 ε’μὴν
676 1269 841 1321 σειρῆνα
857 1263 978 1318 βάλοι
997 1265 1234 1321 νεμεσήμονι
1249 1265 1375 1324 μύθῳ

402 1330 583 1387 ἀτραπὸν
600 1330 816 1386 ἀμνήστοιο
837 1334 1139 1388 διαστείχουσαν
1163 1335 1294 1388 ἀνίης·
1360 1345 1363 1347 ’

397 1397 590 1455 ἡδύτερος
606 1400 709 1454 μετὰ
730 1399 858 1458 δάκρυ
877 1403 1021 1457 γέλως,
1054 1403 1156 1458 μετὰ
1174 1407 1319 1444 νοῦσον
1338 1400 1461 1457 ὗγείη.

401 1467 475 1521 οὐχ
495 1466 622 1519 οὕτως
640 1467 840 1524 ἆκάχησεν
856 1469 929 1512 ἀπ’
951 1471 1119 1529 αἰθέρος
1137 1470 1330 1524 ἕκχυμένη
1351 1470 1455 1527 φλὸξ

397 1534 544 1590 ἀνέρας
551 1566 564 1585 ,
599 1534 746 1576 ὁππότε
770 1540 879 1577 νῶτα
898 1539 1135 1591 κατέφλεγεν
1157 1538 1284 1590 ἄχλοα
1305 1538 1435 1590 γαιής,
1668 1542 1712 1575 75

279 1604 362 1644 210
394 1603 521 1658 μυρία
539 1602 803 1659 κάρφομένων
822 1600 887 1645 ὅτε
901 1600 1087 1656 χεύματα
1107 1605 1210 1655 σι’ζεν
1226 1601 1425 1659 ἀναύρων,

394 1670 490 1712 οὐδ>
508 1668 571 1711 ὅτε
594 1668 861 1727 καρποτόκοιο
879 1671 982 1711 κατὰ
999 1670 1153 1724 χθονὸς
1172 1670 1343 1727 οὐρανὸς
1359 1671 1493 1714 αἴθων

396 1737 493 1794 εὐρὺ
503 1737 640 1791 χανὼν
660 1736 757 1788 ὤϊξε
778 1736 908 1788 πύλας
928 1737 1154 1793 δηλήμονος
1172 1738 1328 1795 ὄμβρου

391 1807 459 1847 καὶ
478 1805 680 1862 τραφερὸν
697 1804 847 1856 ’ξύνωσε
869 1807 989 1848 πέδον
1008 1806 1184 1863 ῥοθίοισι
1199 1805 1427 1860 θαλάσσης.

463 1874 611 1929 Αὐτὰρ
631 1873 726 1927 ἐμὸς
746 1878 997 1928 σκηπτοῦχος
1016 1872 1242 1931 ἀπότροπον
1263 1873 1383 1929 ἄλγος
1400 1870 1578 1923 ἀκούσας
1662 1881 1709 1915 80

277 1940 360 1983 215
395 1940 467 1983 οὐκ
485 1941 622 1996 ἔπιδὴν
642 1940 818 1998 ἐκάλυψε
839 1939 936 1985 νόου
947 1941 1072 1992 ’σέλας
1078 1973 1092 1995 ,
1131 1941 1226 1984 οὐδὲ
1242 1941 1426 1998 κατηφὴς
1467 1955 1470 1956 ’

260 2072 338 2106 bat:
380 2070 538 2105 obscuris
562 2070 690 2105 mixtus
721 2069 868 2105 nubibus
900 2071 1109 2116 caliginosus
1164 2071 1254 2107 ulvis
1287 2070 1512 2107 meridianum
1542 2070 1705 2106 caelestis

258 2115 347 2150 lucis
370 2116 588 2160 splendorem
610 2116 821 2150 occuluerat.
869 2120 906 2151 at
925 2120 985 2160 tu,
1015 2119 1105 2152 bone
1166 2118 1294 2162 hriste,
1325 2129 1459 2152 manum
1480 2121 1575 2151 tuam
1598 2128 1706 2162 super

257 2161 422 2206 templum
445 2162 635 2195 extendens
660 2162 737 2205 (60)
760 2166 889 2195 terram
914 2162 980 2196 tibi
1003 2169 1238 2198 consecratam
1256 2164 1403 2198 humana
1420 2163 1527 2197 caede
1550 2174 1570 2196 a
1590 2163 1704 2196 scele-

255 2206 345 2242 ratis
377 2218 418 2240 ac
448 2206 612 2240 maleficis
640 2205 748 2252 pollui
782 2218 852 2240 non
882 2218 918 2241 es
950 2219 1086 2252 passus.
1132 2209 1263 2255 quippe
1285 2221 1355 2243 non
1376 2214 1477 2254 potes
1501 2207 1609 2242 oculis
1631 2208 1705 2242 tuis

253 2251 480 2286 immaculatis
506 2252 635 2285 intueri
662 2251 700 2286 in
728 2251 865 2296 templis
895 2253 1008 2287 fusum
1029 2254 1246 2298 sanguinem,
1279 2254 1317 2288 in
1340 2254 1470 2299 quibus
1487 2254 1705 2288 incruentum

254 2297 463 2333 sacrificium
491 2297 683 2343 peragitur.
730 2302 767 2331 at
797 2309 910 2342 neque
945 2303 1019 2332 tota
1052 2299 1129 2343 (65)
1160 2300 1255 2334 aedis
1286 2300 1440 2344 inclytae
1472 2299 1660 2354 amplitudo
1680 2311 1706 2334 a.

253 2342 487 2378 fundamentis
506 2343 700 2389 procubuit,
724 2343 808 2377 artis
828 2343 991 2387 egregiae
1008 2344 1154 2379 vinculis
1173 2346 1377 2380 constricta:
1399 2346 1465 2380 sed
1479 2356 1581 2380 umus
1599 2355 1704 2379 arcus

254 2392 379 2423 vertex
401 2388 579 2423 orientalis
600 2388 742 2434 corruit,
766 2400 916 2433 parsque
936 2401 1004 2423 una
1023 2390 1194 2435 sphaerae
1213 2391 1412 2436 pulveribus
1433 2397 1487 2425 est
1505 2390 1702 2424 commixta.

255 2439 332 2469 erat
362 2445 466 2480 porro
499 2446 580 2479 pars
612 2433 724 2469 altera
746 2434 820 2468 solo
842 2434 978 2478 iacens,
1013 2436 1126 2470 altera
1148 2438 1193 2471 ad
1216 2438 1305 2471 hanc
1327 2448 1440 2481 usque
1460 2436 1576 2478 diem,
1607 2435 1702 2480 quod

252 2479 335 2514 visu
353 2485 429 2514 erat
451 2479 671 2524 admirabile,
696 2479 835 2513 minime
856 2484 1048 2515 sustentata
1071 2487 1108 2516 et
1130 2482 1231 2527 quasi
1253 2481 1402 2528 pendula
1425 2483 1537 2516 adhuc
1558 2481 1594 2515 in
1618 2482 1702 2515 aete

251 2526 463 2560 morabatur.
511 2527 588 2569 (70)
612 2537 728 2559 omnes
754 2536 910 2560 maerore
932 2526 1083 2571 perculsi
1103 2530 1298 2572 gemebant.
1344 2540 1465 2563 verum
1496 2538 1595 2561 nemo
1618 2526 1700 2560 Mu-

250 2582 311 2606 sae
342 2575 484 2606 nostrae
513 2571 633 2605 verbis
664 2570 880 2605 mordacibus
903 2578 1126 2617 succenseat,
1163 2574 1257 2618 quod
1287 2574 1324 2607 in
1359 2573 1538 2608 oblivione
1568 2571 1701 2607 deletas

251 2628 330 2652 sese
349 2617 503 2651 effundat
526 2616 750 2651 calamitates.
807 2617 942 2661 gratior
965 2623 1017 2652 est
1038 2625 1119 2662 post
1141 2618 1298 2653 lacrimas
1319 2618 1411 2654 risus
1434 2624 1514 2664 post
1539 2629 1583 2652 ue
1606 2629 1699 2652 mor-

252 2664 333 2698 bum
356 2662 499 2697 sanitas.
546 2674 615 2696 non
643 2662 695 2695 sic
729 2663 773 2696 ab
804 2663 885 2696 aete
917 2663 1100 2698 demissum
1122 2664 1237 2709 fulgur
1258 2664 1414 2710 perculit.
1432 2665 1511 2708 (75)
1554 2663 1700 2707 omines,

254 2719 331 2741 cum
353 2708 533 2742 immensos
557 2708 784 2742 arescentium
808 2709 1010 2743 torrentium
1032 2720 1151 2743 cursus
1174 2711 1366 2755 repressit3
1406 2709 1463 2744 vel
1497 2709 1529 2744 si
1561 2708 1698 2755 quando

254 2753 384 2788 caelum
405 2754 529 2788 ardens
554 2754 591 2788 in
611 2754 814 2799 frugiferam
837 2759 964 2788 terram
986 2753 1055 2788 late
1078 2755 1258 2790 dehiscens
1280 2755 1396 2801 largos
1422 2761 1459 2791 et
1479 2766 1609 2790 nocuos
1631 2754 1699 2788 im-

253 2799 335 2835 bres
357 2800 481 2834 effudit
499 2803 534 2834 et
551 2799 662 2834 siccos
685 2810 787 2845 agros
813 2799 953 2835 marinis
977 2799 1160 2836 immiscuit
1180 2802 1356 2836 fluctibus.
1403 2823 1405 2826 <

344 2846 421 2891 (80)
445 2845 492 2882 At
513 2857 608 2882 meus
630 2845 838 2893 imperator,
868 2849 1044 2893 comperta
1059 2849 1130 2883 tam
1151 2849 1278 2884 acerba
1299 2847 1518 2894 calamitate3
1547 2856 1617 2882 non
1637 2843 1707 2879 diu
