1890 3224
272 195 365 242 158
606 195 884 249 QUERCIUS
917 196 977 238 IN
1010 196 1372 241 HERACLIADIS

267 319 424 345 summa
442 318 529 343 arce
552 305 785 343 collocatam
804 318 889 343 esse
909 303 1004 343 dicit
1016 334 1027 354 ‚
1057 305 1270 344 affectuum
1287 313 1420 346 autem
1437 306 1573 347 sedem
1590 309 1633 347 in
1650 310 1715 347 in-

266 363 411 401 feriore
430 369 540 413 parte
559 363 706 400 ventris
724 369 913 414 tanquam
930 363 972 399 in
990 375 1180 414 praesepe
1201 365 1317 401 sitam
1338 377 1423 402 esse
1446 363 1595 403 definit.

377 418 444 460 53.
502 430 653 455 novum
688 419 876 468 verbum,
921 417 1029 471 quod
1066 432 1090 456 a
1128 433 1225 457 voce
1259 416 1392 472 φάτνη
1421 420 1623 467 stabulum·
1650 423 1715 460 vel

259 488 448 526 praesepe
475 473 610 512 Pisida
642 475 846 513 confinxit.
902 482 1075 526 praestat
1107 476 1241 514 locum
1270 478 1471 526 Platonis,
1517 477 1568 515 ad
1594 491 1714 531 quem

264 532 424 582 respicit
453 535 596 600 poeta,
625 529 692 568 hic
717 531 933 569 subiicere·
963 547 1006 572 το
1031 529 1074 572 δὲ
1091 535 1171 572 τοῖν
1192 534 1311 574 σίτων
1329 547 1370 574 τε
1391 532 1459 573 καὶ
1477 532 1608 574 πότων
1627 534 1715 575 ἐπι-

262 585 492 640 θυμητικόν
524 589 597 639 τῆς
609 591 805 657 ψυχῆς..
834 590 981 629 .τοῦτο
1005 588 1062 636 εἰς
1079 585 1127 628 τοὶ
1146 587 1289 641 μεταξὺ
1315 605 1395 630 των
1412 604 1453 630 τε
1471 592 1631 642 φρενῶν
1648 589 1718 630 καὶ

261 647 337 684 τοῦ
366 641 468 697 πρός
495 659 567 684 τον
595 640 779 696 ὀμφαλόν
809 617 906 712 ορου
936 642 1179 700 κατῴκισαν,
1210 642 1297 687 οἷον
1326 644 1486 698 φάτνην
1506 643 1597 687 ἔν”
1571 661 1718 687 απαντι

261 715 396 768 τουτῳ
421 702 477 754 τῷ
503 696 614 755 τόπῳ
632 703 682 756 τῇ
700 704 774 741 τοῦ
794 698 974 752 σώματος
990 703 1124 770 τροφῇ
1141 699 1438 756 τεκτηνάμενοι·
1466 702 1534 743 καὶ
1550 702 1717 755 κατέδη-

262 768 338 798 σαν
355 754 399 797 τὸ
417 759 602 797 τοιοῦτον
624 741 801 798 ἐνταῦθα
819 773 874 804 ως
888 756 1087 810 θρέμμα’
1070 755 1222 810 ἄγριον.

374 812 442 854 56.
501 810 734 866 δημαγωγός
765 821 824 852 est
849 815 883 851 is
912 816 1021 852 cuius
1051 816 1272 853 auctoritati
1293 821 1332 852 et
1351 815 1525 852 consiliis
1544 815 1715 866 populus

264 869 508 921 obsequitur.
568 883 659 907 cum
685 871 933 923 δημαγωγῶν
951 886 1160 923 ταγματων
1175 867 1349 925 τρόπους
1365 873 1630 922 composuisse
1650 869 1714 908 di-

262 928 336 976 cit,
354 926 589 978 factionum
611 927 745 976 capita
757 927 921 976 flexisse
942 928 1126 966 affirmat.

372 981 440 1023 57.
497 981 589 1019 vide
606 997 730 1033 supra
747 996 787 1020 v.
807 982 875 1024 48.

372 1039 440 1079 61.
499 1034 622 1088 φύσις
649 1038 799 1076 dictum
822 1038 1114 1092 ὕπερβολικῶς,
1143 1037 1225 1076 tota
1253 1037 1428 1076 hmnana
1445 1045 1607 1086 natura,
1637 1036 1713 1076 hoc

263 1101 342 1143 est,
369 1096 433 1131 cui
458 1096 515 1131 rei
543 1094 808 1132 conficiendae
829 1108 1088 1148 quaecunque
1105 1094 1271 1132 humani
1289 1096 1440 1146 ingenii
1461 1096 1563 1133 vires
1581 1096 1714 1146 impa-

260 1165 322 1189 res
345 1151 526 1188 fuissent.

373 1205 440 1248 64.
497 1205 600 1244 nihil
616 1207 658 1244 in
675 1205 871 1244 historicis
889 1207 1120 1258 Byzantinis
1136 1219 1183 1244 ea
1201 1204 1251 1243 de
1271 1219 1313 1243 re
1331 1207 1522 1257 scriptum
1539 1206 1712 1247 invenio.

258 1262 348 1302 vide
369 1277 493 1313 supra
514 1263 687 1300 Acroas.
710 1264 732 1302 1
766 1264 834 1302 97.

369 1322 437 1360 67.
494 1325 643 1370 perstat
671 1320 713 1356 in
743 1319 932 1370 allegoria
958 1331 982 1355 a
1013 1316 1169 1355 medica
1191 1318 1379 1355 facultate
1403 1315 1633 1368 desumpta,
1663 1316 1714 1355 de

256 1389 335 1428 qua
367 1388 491 1426 supra
519 1389 559 1413 v.
584 1374 652 1416 41.
712 1372 903 1427 ἒκχερσόω
933 1376 1097 1420 exsicco,
1119 1375 1282 1424 penitus
1306 1373 1497 1421 emundo;
1540 1372 1648 1425 quod
1669 1374 1714 1411 fit

257 1434 301 1469 in
331 1432 584 1480 vulneribus,
614 1439 659 1469 ut
685 1429 884 1469 sanentur.
944 1428 1228 1472 οἰκοδεσπότου
1253 1431 1371 1482 δίκην
1398 1443 1479 1468 Ιιοιι
1510 1432 1618 1468 saevi
1647 1436 1713 1482 ty-

258 1490 373 1525 ranni
392 1489 669 1537 inclementia,
700 1487 771 1526 sed
790 1489 886 1525 boni
905 1489 1027 1539 patris
1047 1488 1221 1525 familias
1239 1486 1396 1524 affectu.

369 1548 436 1586 70-
497 1541 648 1597 ω’μότης
677 1544 854 1581 cruditas
884 1558 937 1581 ex
963 1546 1059 1581 vitio
1082 1542 1297 1581 humorum
1315 1544 1381 1580 vel
1399 1556 1452 1580 ex
1471 1541 1628 1580 defectu
1644 1555 1713 1580 ca-

256 1601 375 1648 loris3
418 1613 497 1652 qua
535 1600 602 1637 hic
637 1602 896 1664 exprimitur
897 1602 941 1636 in
966 1601 1108 1636 animis
1135 1601 1281 1636 civium
1306 1601 1425 1636 insita
1451 1599 1499 1635 ab
1525 1600 1713 1650 exemplo

256 1655 412 1694 Phocae
431 1655 666 1694 crudelitas:
695 1669 791 1693 nam
814 1651 970 1707 ω’μὸτης
987 1669 1059 1707 per
1078 1654 1354 1706 metaphoram
1374 1661 1433 1692 est
1453 1655 1680 1693 crudelitas.

370 1714 440 1754 71.
496 1711 603 1750 hunc
623 1714 757 1750 locum
773 1713 945 1749 illustrat
966 1710 1235 1762 Theophanes
1250 1725 1295 1762 Ρ.
1318 1710 1423 1751 248:
1454 1710 1496 1750 οἰ
1516 1709 1590 1761 μὲν
1607 1711 1713 1781 Πέρ-

259 1781 326 1810 σαι
351 1767 424 1818 ἔξω
449 1772 521 1819 τῆς
543 1765 693 1816 πόλεως
720 1766 966 1834 ἐτυράννουν
982 1767 1216 1820 Ῥωμαίους,
1247 1767 1268 1808 ὁ
1292 1764 1334 1807 δὲ
1359 1768 1505 1816 Φωκᾶς
1527 1766 1643 1808 ἔνδον
1662 1764 1711 1808 τὰ

257 1826 416 1891 χείρονα
444 1822 580 1873 αὐτοῖς
607 1824 731 1866 ἐποίει
760 1820 945 1875 φονεύων
974 1823 1042 1864 καὶ
1074 1824 1378 1876 αἰχμαλωτίζων.
1432 1820 1482 1863 τοὶ
1509 1821 1614 1876 νέφη
1638 1826 1714 1876 τῆς

259 1877 422 1937 Θρᾴκης
442 1888 534 1919 sunt
553 1882 723 1930 Abares,
755 1882 824 1933 qui
847 1893 938 1918 cum
959 1893 1076 1932 saepe
1100 1882 1143 1917 in
1165 1883 1362 1919 Romanas
1379 1881 1602 1931 provincias
1619 1887 1710 1918 ten-

257 1945 408 1976 tassent
428 1940 666 1989 irrumpere,
697 1937 859 1975 tandem
877 1936 1095 1974 Thraciam
1113 1939 1356 1988 superiorem
1377 1943 1636 1988 occuparunt,
1665 1943 1713 1976 ut

262 1996 420 2045 copiose
453 1994 710 2033 disseruimus
735 1996 776 2032 in
803 1995 997 2045 principio
1027 1993 1075 2030 de
1109 1993 1209 2031 bello
1236 1992 1370 2031 Ahar.
1404 1999 1444 2030 et
1472 1992 1524 2030 ad
1551 2006 1592 2032 v.
1612 1993 1709 2042 276,

260 2052 330 2088 ubi
355 2050 452 2103 quid
473 2053 602 2090 simile
620 2050 741 2089 habet
761 2057 895 2088 noster
915 2052 1122 2101 Georgius.

368 2110 438 2149 73.
494 2109 703 2159 paululum
741 2106 894 2145 diverse
931 2105 1031 2144 haec
1063 2104 1204 2144 eadem
1231 2111 1365 2143 narrat
1388 2109 1506 2156 poeta
1531 2105 1580 2143 de
1608 2104 1710 2142 bello

258 2162 391 2201 Ahar.
413 2166 495 2205 297
516 2172 553 2201 et
569 2178 675 2215 seqq.
682 2193 698 2210 ,
727 2165 855 2202 varias
874 2164 1130 2200 barbarorum
1148 2163 1327 2199 nationes
1353 2174 1608 2211 enumerans,
1639 2162 1708 2216 qui

258 2219 308 2258 de
340 2220 552 2258 evertenda
586 2221 700 2271 Cpoli
727 2221 937 2257 consilium
961 2221 1143 2258 inierant.
1201 2225 1317 2271 atque
1338 2218 1490 2256 ibidem
1508 2217 1591 2259 304
1608 2222 1710 2270 poe-

257 2278 336 2314 tica
354 2277 536 2314 libertate
557 2289 639 2313 non
660 2273 871 2328 Χάρυβδιν
888 2274 960 2313 sed
975 2272 1158 2314 Σκύλλαν
1176 2271 1400 2328 σύντροφον
1418 2275 1606 2326 appellat.

367 2335 436 2373 76.
493 2332 639 2369 ibidem
661 2345 700 2370 v.
724 2333 805 2372 297
825 2333 928 2368 inter
947 2332 1133 2373 barbaros
1152 2331 1329 2383 Scythis,
1358 2331 1401 2369 id
1420 2339 1478 2370 est
1495 2331 1706 2381 Aban-ibus,

258 2390 486 2427 coniunctos
521 2389 682 2426 Sclavos
707 2394 905 2425 recenset:
937 2387 1008 2426 sed
1030 2401 1128 2440 quos
1148 2389 1205 2425 ibi
1225 2383 1458 2440 Σθλᾶβους,
1484 2387 1552 2425 hio
1572 2385 1707 2428 Σκλᾶ-

256 2447 356 2496 βους
382 2446 570 2496 appellat.
628 2443 772 2482 horum
801 2451 934 2481 autem
959 2445 1217 2482 barbarorum
1241 2444 1453 2482 multitudo
1482 2446 1706 2483 conscensis

252 2503 480 2554 monoxylis
509 2503 575 2540 vel
600 2502 780 2539 trabariis
801 2502 969 2552 navigiis
989 2515 1061 2552 per
1077 2502 1222 2539 fretum
1243 2502 1468 2539 ceratinum
1485 2501 1626 2539 urbem
1642 2500 1708 2539 di-

256 2559 383 2609 ripere
407 2571 591 2609 aggressa
612 2557 777 2596 dicitur:
808 2565 851 2595 ut
872 2560 979 2595 enim
996 2558 1141 2595 ibidem
1160 2565 1294 2595 noster
1312 2559 1367 2595 ait
1385 2571 1423 2595 v.
1440 2558 1534 2606 512,
1564 2554 1707 2598 Σθλοὶ-

253 2615 337 2684 βων
357 2630 410 2682 τε,
420 2611 558 2667 πλήθη
578 2611 822 2669 Βουλγάροις
849 2613 1065 2668 μεμιγμένα
1098 2614 1204 2668 ἔμιξε
1221 2611 1294 2667 τήν
1310 2617 1387 2668 γῆν
1411 2616 1484 2666 τῆς
1505 2612 1708 2667 θαλάττης

255 2687 282 2711 τ’
307 2685 330 2711 ν
385 2686 431 2722 αχ
463 2687 494 2710 v.

280 2687 301 2724 q
355 2686 458 2770 μ79.η
495 2726 587 2766 vide
604 2740 642 2765 v.
663 2726 745 2768 592
767 2734 804 2764 et
825 2740 931 2778 seqq.

372 2786 439 2825 80.
495 2797 567 2836 per
581 2782 822 2835 Charybdim
838 2784 1002 2832 Abares,
1032 2797 1103 2834 per
1121 2782 1298 2835 Scyllam
1315 2783 1489 2832 Sclavos,
1514 2796 1588 2835 per
1603 2783 1706 2820 Gor-

263 2854 407 2892 gonem
429 2839 589 2879 demum
610 2843 749 2880 Persas
767 2842 966 2892 intelligit,
993 2842 1061 2893 qui
1079 2840 1246 2878 San-baro
1263 2838 1361 2878 duce
1382 2847 1568 2891 occupata
1583 2837 1706 2877 chal-
