1890 3224
678 184 951 228 AGROASJN
984 182 1006 226 1
1036 184 1110 227 ET
1144 183 1198 226 11.
1567 181 1661 226 155

318 296 415 337 226.
473 292 601 332 codex
618 292 739 332 habet
757 291 921 347 ὄμβρων
940 294 1178 331 reclamante
1198 298 1339 331 metro.

317 354 414 393 238.
470 350 619 400 Pisida,
647 358 691 388 ut
708 349 878 399 viderur,
905 348 1007 388 haec
1025 349 1219 388 scribebat
1234 347 1417 387 Heraclio
1433 346 1477 384 in
1492 343 1656 383 Perside

206 406 337 446 adhuc
355 414 510 459 agente,
539 406 712 445 necdum
737 408 895 445 Persico
915 407 1021 444 bello
1038 407 1196 457 penitus
1216 405 1416 451 confector,
1446 414 1526 456 qua
1545 400 1595 439 de
1611 415 1654 439 re

205 466 260 502 ait
291 477 334 502 se
362 463 528 502 dubium
558 471 597 502 et
629 463 860 501 haerentem
896 464 1091 501 abstinere
1123 463 1171 500 ab
1205 459 1445 500 exornandis
1473 460 1524 497 iis
1550 470 1654 510 quac

202 519 383 559 nondmn
410 522 504 559 satis
531 521 634 558 clare
664 528 703 558 et
729 519 911 558 distincte
939 520 988 557 ab
1015 521 1253 571 imperatore
1276 524 1387 569 gesta
1406 516 1530 559 fuisse
1546 514 1655 553 feren

203 578 363 626 bantur,
395 576 520 615 donec
541 576 652 614 idem
667 579 752 628 ipse
770 578 986 628 imperator
1004 575 1134 613 redux
1149 577 1191 614 in
1208 575 1350 613 urbem
1361 603 1371 622 ,
1401 586 1464 611 res
1481 579 1525 610 ut
1537 578 1655 609 verant

203 641 360 684 gestae,
391 647 436 671 ea
465 646 543 686 qua
569 634 745 685 pollebat
770 632 928 671 dicendi
948 633 1159 682 facultate,
1189 631 1419 684 singulatim
1441 635 1653 677 enarraret,

202 686 312 730 λύων
329 687 376 729 τὰ
397 687 522 730 πολλὰ
542 693 625 730 ταῖν
644 686 770 744 λογων
788 685 1058 742 ἐμφράγματα.

312 748 500 785 ΑοιιοΑε.
517 749 544 787 2
564 759 604 784 v.
625 748 662 787 1.
720 754 824 784 reete
852 748 894 783 iu
918 745 997 783 fine
1028 745 1241 796 superioris
1262 754 1466 782 acroaseos
1486 739 1590 778 dixit
1608 752 1651 777 se

202 803 328 851 velle,
355 810 545 855 tanquam
568 804 611 840 in
638 804 781 854 pelago
806 809 1029 851 natantem,
1059 802 1233 840 Heraclii
1257 806 1369 852 gesta
1397 807 1650 850 percurrere:

201 871 297 896 nam
327 872 421 897 vere
455 860 599 897 cursim
626 866 665 896 et
693 861 839 910 raptim
856 872 962 896 nunc
981 872 1027 897 ea
1045 859 1203 909 attingit
1221 870 1323 910 quae
1343 860 1568 893 memoratu
1587 851 1652 890 di-

201 916 339 966 gniora
367 918 405 953 ei
428 915 677 954 videbantur.
734 917 869 967 itaque
892 913 993 952 haec
1026 916 1194 952 acroasis
1214 920 1274 952 est
1292 910 1491 965 quaedam
1508 906 1653 950 ἀνακε-

201 972 425 1023 φαλαίωσις
460 979 501 1010 et
543 973 760 1011 summaria
795 971 1006 1022 descriptio
1040 983 1173 1008 rerum
1203 968 1527 1007 memorabilium
1553 978 1653 1018 quas

201 1029 324 1078 gessit
341 1029 562 1066 Heraclius.
619 1029 792 1066 continet
813 1034 947 1066 autem
964 1034 1051 1064 octo
1071 1039 1190 1077 supra
1211 1025 1351 1063 decem
1375 1035 1569 1062 annorum
1586 1019 1653 1058 hi-

201 1086 384 1134 storiam,
409 1084 597 1123 videlicet
624 1098 647 1122 a
674 1083 739 1121 die
767 1097 845 1137 quo
865 1084 1071 1122 Heraclius
1093 1095 1147 1120 ex
1162 1082 1298 1120 Africa
1318 1087 1453 1118 contra
1475 1077 1653 1116 Phocam

202 1141 360 1192 Cpolim
384 1143 513 1190 venit,
544 1140 596 1178 ad
623 1140 730 1178 diem
758 1154 837 1193 quo
866 1138 1040 1178 Chosroa
1073 1140 1201 1177 occiso
1225 1145 1263 1176 et
1287 1150 1385 1189 pace
1408 1149 1499 1174 cum
1520 1135 1654 1173 Persis

202 1199 420 1248 composita
441 1199 484 1234 in
511 1198 654 1235 urbem
676 1198 802 1234 victor
829 1196 1110 1234 revertebatur.
1165 1199 1283 1246 poeta
1307 1189 1548 1246 ἀποστροφῇ
1570 1192 1654 1228 Ro-

199 1266 310 1291 mam
340 1254 604 1305 compellans,
634 1259 679 1290 ut
705 1251 755 1290 de
779 1254 924 1290 virtute
947 1251 1120 1288 Heraclii
1139 1249 1333 1288 iudicium
1353 1249 1477 1297 ferat,
1508 1246 1561 1285 ad
1579 1259 1656 1299 pa-

200 1310 338 1348 rallela
359 1307 563 1347 Plutarchi
585 1308 742 1347 videtur
760 1309 975 1360 respicere,
1004 1305 1053 1344 de
1078 1306 1220 1359 quibus
1238 1319 1363 1356 supra
1383 1318 1422 1345 v.
1447 1307 1542 1344 110.

311 1365 352 1407 5.
410 1364 545 1403 Phoca
565 1364 674 1416 apud
694 1363 900 1402 historicos
918 1364 1180 1415 Byzantinos,
1209 1369 1253 1400 ut
1271 1369 1484 1413 tyrannus,
1514 1359 1652 1411 pestis,

199 1423 373 1471 malum,
404 1429 443 1459 et
463 1423 498 1460 si
517 1421 615 1474 quid
631 1423 746 1473 peius
764 1423 808 1458 in
828 1419 1036 1458 hominem
1058 1419 1195 1470 obgeri
1217 1425 1348 1470 potest
1361 1447 1371 1466 ‚
1402 1417 1552 1468 passim
1578 1428 1653 1452 au-

200 1477 272 1517 dit.
328 1479 406 1516 fuit
434 1485 585 1526 autem,
619 1479 653 1516 si
681 1476 859 1515 Cedreno
885 1475 983 1514 fides
1015 1482 1093 1523 est,
1121 1482 1213 1512 tom.
1238 1479 1258 1516 1
1280 1489 1328 1524 p.
1354 1472 1458 1521 404,
1488 1472 1654 1523 οἰνοβα-

198 1531 287 1587 ρής,
317 1532 548 1586 αἷμοχαρής,
577 1533 645 1573 καὶ
663 1531 765 1585 πρὸς
780 1536 971 1586 γυναῖκας
992 1530 1254 1582 ἐπτοημένος,
1281 1526 1444 1583 βριαρός
1462 1527 1531 1567 καὶ
1548 1532 1654 1579 θρα-

198 1589 272 1638 σύς
293 1590 336 1642 ἐν
353 1594 408 1646 τῷ
434 1589 706 1642 φθέγγεσθαι,
737 1583 984 1640 ἀσυμπαθὴς
1003 1586 1073 1627 καὶ
1095 1583 1303 1638 θηριώδης
1328 1583 1395 1626 τὸν
1416 1581 1563 1635 τρόπον
1586 1582 1656 1623 καὶ

197 1645 407 1699 αἱρετικός.
462 1646 598 1684 confer
625 1658 727 1697 quae
758 1652 893 1683 contra
921 1642 1094 1682 eundem
1117 1642 1294 1685 Phocam
1319 1642 1494 1692 congerit
1514 1638 1655 1678 Theo-

196 1703 407 1756 phylactus
425 1703 639 1740 Simocatta
654 1703 697 1738 in
713 1701 870 1752 dialogo
890 1714 1011 1752 quem
1027 1713 1121 1738 suae
1135 1701 1341 1751 praemisit
1356 1696 1558 1735 historiae.

309 1762 351 1801 7.
409 1757 678 1809 Theophanes
689 1772 737 1808 p.
758 1757 840 1799 243
861 1756 910 1794 de
927 1755 1062 1794 Phoca
1084 1755 1136 1793 ad
1159 1768 1327 1806 regnum
1348 1753 1558 1804 adsumpto
1575 1754 1652 1790 ita:

198 1818 280 1857 τῶν
311 1811 453 1867 δήμων
478 1810 773 1866 εὐφημούντων
798 1810 871 1853 τὸν
898 1808 1097 1863 τύραννον
1129 1806 1413 1864 ἀναγορεύεται
1441 1806 1488 1850 τὸ
1518 1804 1654 1858 κακόν,

197 1871 267 1914 καὶ
294 1869 433 1923 κύριος
456 1872 535 1910 τῶν
564 1867 777 1922 σκήπτρων
801 1867 826 1910 o‘
850 1865 1048 1920 τύραννος
1074 1868 1378 1920 προχειρίζεται,
1419 1864 1493 1906 καὶ
1518 1867 1658 1916 κρατεῖ

197 1932 272 1981 τῆς
297 1924 554 1979 εὐδαιμονίας
571 1925 601 1979 ἦ
621 1922 832 1979 συμφορά,
864 1923 934 1965 καὶ
953 1920 1148 1977 λαμβάνει
1166 1920 1242 1976 τὴν
1261 1922 1417 1976 ἔναρξιν
1434 1918 1482 1963 τὰ
1502 1916 1654 1974 μεγάλα

197 1988 279 2026 τῶν
295 1983 503 2037 Ῥωμαίων
522 1979 764 2035 ἀτυχήματα.

310 2043 351 2082 9.
411 2039 552 2078 caedes
568 2039 876 2078 immanissimas
893 2050 917 2075 a
931 2035 1066 2075 Phoca
1083 2037 1128 2074 in
1145 2036 1251 2074 cives
1272 2035 1502 2073 commissas
1520 2038 1654 2071 narrat

198 2096 469 2150 Theophanes
493 2111 542 2148 p.
569 2095 652 2138 245
681 2102 720 2133 et
746 2097 850 2143 246,
894 2101 934 2132 et
966 2091 1294 2146 Theophylactus
1326 2092 1473 2131 Simoc.
1496 2104 1545 2142 p,
1570 2090 1656 2131 210

199 2162 235 2191 et
253 2169 380 2251 889191.
434 2217 514 2248 tres
531 2209 693 2247 fuerunt
710 2189 862 2247 sorores
882 2207 1086 2258 Gorgones
1111 2204 1238 2245 dictae
1250 2235 1262 2254 ‚
1303 2202 1470 2242 Medusa
1498 2199 1651 2240 Stheno

199 2267 396 2319 Euryale,
443 2278 592 2316 angues
618 2279 691 2317 pro
719 2266 873 2316 capillis
897 2263 1090 2302 habentes
1119 2270 1159 2301 et
1183 2264 1302 2301 unico
1329 2261 1444 2298 oculo
1475 2259 1651 2297 vicissim

198 2330 377 2372 utentes,
408 2335 509 2374 quae
536 2329 730 2374 quotquot
756 2320 1047 2372 adspiciebant‚
1076 2327 1122 2358 ut
1145 2318 1389 2372 mythologis
1417 2318 1549 2356 visum
1576 2322 1649 2364 est,

198 2382 241 2418 in
265 2393 362 2419 saxa
383 2379 602 2418 vertebant.
658 2377 750 2416 vide
769 2377 1059 2429 Palaephatum
1075 2379 1144 2418 32.

311 2438 379 2477 12.
437 2449 506 2474 cur
530 2430 695 2483 αὐτούς,
723 2448 804 2472 non
829 2431 976 2475 αὖτὸνῗ
1031 2446 1131 2471 num
1145 2430 1280 2470 Pisida
1295 2428 1502 2469 ostendere
1522 2428 1648 2466 voluit

197 2491 373 2531 Phocam
391 2505 473 2530 non
495 2493 612 2530 unius
630 2498 787 2529 tantum
810 2491 1005 2542 Gorgonis
1033 2489 1107 2529 sed
1136 2490 1315 2528 omnium
1332 2488 1440 2527 virus
1459 2484 1647 2526 habuisse

199 2548 438 2588 collectum?
496 2556 613 2601 atque
635 2547 735 2586 adeo
765 2560 864 2585 num
887 2548 1021 2600 aliqua
1050 2546 1214 2585 honoris
1234 2544 1518 2595 significatione
1535 2556 1646 2580 mor-

197 2612 311 2642 tuum
329 2607 568 2657 principem,
598 2606 780 2658 quamvis
801 2603 1057 2642 deterrimum
1072 2603 1230 2642 hostem
1248 2602 1428 2653 imperii,
1458 2599 1645 2652 prosequi

198 2662 345 2711 voluit,
374 2664 431 2700 ita
458 2669 503 2700 ut
529 2657 677 2711 αὐτοὺς
700 2675 773 2714 pro
799 2658 922 2702 αὐτόν
945 2660 1110 2709 dixerit,
1137 2660 1308 2711 loquens
1338 2657 1388 2697 de
1414 2656 1569 2705 Pboou,
1599 2660 1643 2692 ut

199 2731 317 2769 saepe
338 2717 448 2772 ὑμᾶς
466 2731 537 2770 pro
557 2717 600 2759 σέ
617 2726 656 2757 et
675 2718 774 2771 »ὑμῖν
788 2731 861 2770 pro
881 2717 945 2759 col
963 2717 1057 2756 dicit
1074 2716 1124 2755 de
1140 2713 1353 2754 Heraclio‘!

316 2774 379 2816 14.
435 2776 642 2814 Heraclius
659 2776 816 2827 Cpolim
834 2776 987 2826 appulit
1001 2788 1094 2812 oum
1108 2772 1298 2822 navibus,
1326 2787 1348 2811 e
1369 2784 1539 2824 quarum
1555 2781 1644 2808 ma-

198 2832 269 2881 lis,
300 2832 409 2870 velut
432 2833 678 2882 flammulae,
708 2831 803 2870 hinc
824 2831 919 2870 inde
943 2838 1054 2870 erant
1082 2841 1283 2881 appensae
1308 2830 1473 2880 virginis
1496 2827 1647 2870 Mariae
