1890 3224
317 180 413 228 130
922 177 1148 222 PETAVII

315 280 575 342 Theophanis
607 286 736 327 codex
767 284 884 338 alter,
915 288 984 340 qui
1009 289 1264 326 Anastasium
1288 285 1432 326 obiisse
1450 287 1569 327 refert
1585 295 1765 343 tempore

316 349 563 401 pestilentiae
583 347 666 383 sive
682 343 823 383 Indict.
840 347 868 387 3
879 373 891 394 ,
921 345 991 396 qui
1007 345 1083 382 fuit
1099 345 1338 396 Copronymi
1356 345 1398 384 9.

427 429 465 466 Ρ.
477 416 530 454 73
546 426 583 451 v
594 412 662 453 23.
717 408 891 453 σύνοδον
914 407 1106 464 ἁθροίζει]
1136 413 1225 449 iniit
1242 410 1342 449 haec
1358 410 1692 464 pseudosynodus
1713 427 1766 452 ex

316 485 353 509 a.
377 470 416 508 d.
438 471 464 510 4
487 469 564 507 eid.
585 469 697 506 Febr.
718 475 756 506 et
773 481 898 521 usque
919 467 970 505 ad
988 470 1013 509 6
1036 467 1113 506 eid.
1131 470 1236 519 Aug.
1255 468 1450 506 celebrata
1470 475 1540 517 est,
1570 468 1712 507 Indict.
1727 473 1767 519 7,

318 541 354 564 a.
379 526 417 564 d.
439 525 535 568 754.
593 523 642 562 de
663 537 741 577 qua
745 523 1053 592 Theophanes
1083 522 1353 565 ἕπανελθαὶν’
1335 540 1378 565 εν
1396 528 1449 580 τῇ
1463 521 1574 565 πόλει
1595 522 1770 567 σύνοδον

318 583 570 650 συναθροίζει
590 579 690 621 κατοέ
708 583 788 621 τῶν
810 580 935 636 ἁγίων
954 576 1123 621 εἰκόνων
1146 580 1190 621 ἐν
1208 566 1467 634 Βλαχέρναις,
1495 575 1590 621 ἐν
1559 598 1586 636 ’ῃ
1611 586 1770 623 πολλων

315 636 442 680 πολλὰ
470 635 569 678 κατά
596 639 671 678 τοῦ
701 637 842 706 κυρίου
875 633 1222 705 κενολογησοῖντων
1254 638 1296 678 οἱ
1321 638 1438 691 ἱερεῖς
1474 639 1546 706 τῆς
1578 634 1771 706 αἰσχύνης

315 695 386 736 καὶ
418 692 490 742 τοὶς
521 709 665 747 μιαρας
694 689 827 734 αυτῶν
857 697 988 761 χεῖρας
1010 693 1068 742 εἰς
1087 690 1198 745 υψος
1229 691 1394 763 α’ραντες
1413 692 1480 733 καὶ
1506 689 1771 743 ἀλαλάξαντες

318 751 487 818 ε’ρρηξαν
522 748 596 801 τήν
633 747 810 801 ἒλεεινην
842 746 1018 801 φωνήν,
1062 746 1294 803 λε’γοντες“
1307 746 1482 803 σήμερον
1515 752 1687 802 σωτηρία
1716 753 1774 806 τῷ

316 806 451 873 κόσμῳ
480 805 672 877 γέγονεν,
721 803 784 847 ὅτι
820 804 869 847 σύ
907 807 1073 859 βασιλεῦ’
1107 804 1326 863 ἔλυτρώσῃς
1365 804 1475 860 ἡμᾶς
1511 805 1556 847 ἐκ
1592 822 1676 847 των
1713 808 1772 849 εί-

317 847 502 905 δωλων.”

431 945 471 982 p-
490 928 545 972 74
567 943 605 967 v.
626 931 668 970 7
724 927 792 969 καὶ
816 925 948 999 ὥσπερ
969 929 1209 982 νηπιωδως]
1239 928 1427 982 Theoph.
1453 928 1522 970 καὶ
1527 932 1597 996 τῇ
1618 925 1677 978 κζ’
1697 946 1768 971 του

320 983 447 1028 αυτοῦ
477 983 622 1038 μηνός,
650 986 841 1036 Augusti,
869 982 1053 1037 ἀνῆλθεν
1082 984 1107 1026 o‘
1133 984 1320 1038 βασιλευς
1341 986 1385 1026 ἐν
1404 988 1460 1040 τῷ
1481 982 1598 1040 φόρῳ
1621 999 1697 1026 συν
1718 989 1773 1042 τῷ

316 1043 607 1097 Κωνσταντίνω
632 1043 689 1097 τῷ
715 1038 861 1110 οἷνιέρῳ
903 1040 1086 1106 προέδρω
1120 1041 1189 1081 καὶ
1225 1046 1308 1089 τοῖς
1343 1045 1499 1088 λοιποῖς
1527 1027 1771 1091 ἐπισκόποις,

316 1098 385 1139 καὶ
416 1083 672 1150 ἐξεφώνησαν
704 1095 779 1150 τὴν
807 1097 960 1138 ἑαυτῶν
985 1082 1207 1145 κακόδοξον
1237 1097 1390 1150 αι’ρεσιν
1416 1093 1590 1138 ἐνώπιον
1622 1096 1773 1146 παντὸς

315 1157 390 1196 τοῦ
411 1157 523 1194 λαοῦ.

428 1219 534 1271 p.75
554 1231 592 1256 v.
601 1219 641 1259 8.
701 1213 785 1268 ἇίρα
807 1214 1000 1269 ἐνέστηκε]
1030 1214 1172 1254 Indict.
1190 1214 1230 1266 4,
1261 1229 1298 1254 a.
1319 1218 1558 1270 Copronymi
1582 1221 1635 1261 23
1661 1227 1774 1258 notat

316 1274 588 1327 Theophanes
618 1274 686 1326 (p.
710 1272 791 1314 365
812 1271 890 1324 A).
947 1285 1088 1310 verum
1115 1285 1207 1310 cum
1231 1275 1383 1324 primus
1412 1276 1654 1326 copronymi
1680 1288 1773 1314 coe-

316 1334 420 1384 perit
439 1331 527 1370 Ind.
549 1332 596 1380 9,
627 1329 772 1367 Christi
792 1330 893 1377 741,
925 1335 1078 1367 constat
1095 1332 1150 1370 23
1170 1328 1375 1367 eiusdem
1363 1343 1406 1367 111
1421 1343 1457 1367 8.
1477 1331 1670 1383 quadrare
1689 1333 1772 1375 763

316 1388 406 1426 Ind.
432 1390 480 1438 1,
511 1387 609 1426 adeo
627 1393 670 1424 ut
687 1384 888 1424 horribilis
910 1383 1007 1423 haec
1027 1383 1158 1423 hiems
1175 1384 1263 1423 Iud.
1286 1388 1333 1434 2,
1364 1387 1521 1425 Octobri
1546 1400 1683 1426 mense
1707 1389 1774 1425 111-

316 1443 458 1483 choata
478 1445 542 1482 sit.
599 1441 817 1482 videndum
836 1443 971 1494 itaque
990 1455 1089 1480 num
1108 1440 1208 1480 haec
1226 1448 1440 1494 tempestas
1455 1444 1500 1482 111
1519 1456 1554 1482 8.
1573 1445 1654 1486 765
1676 1445 1773 1482 reii-

314 1500 458 1539 cienda
478 1502 540 1539 sit.

426 1580 468 1618 p-
488 1570 542 1609 77
566 1580 606 1604 v.
627 1569 669 1608 2-
728 1562 787 1607 δι’
814 1580 948 1606 αυτων
970 1561 1013 1605 τὲ
1039 1563 1165 1615 τινες]
1194 1562 1463 1615 Theophanes
1491 1564 1558 1616 (Ρ.
1583 1566 1662 1608 365
1681 1565 1771 1618 D).

316 1619 379 1664 διὸ
409 1626 489 1670 πᾶς
515 1621 539 1663 ὅ
567 1618 805 1674 βουλόμενος
833 1618 913 1662 ἀπὸ
938 1622 1158 1670 Σοφιανῶν
1182 1619 1238 1666 εἰς
1254 1635 1324 1659 τον
1345 1617 1460 1685 ἅγιον
1478 1618 1687 1672 Μάμαντα
1703 1621 1773 1662 καὶ

317 1679 375 1727 εἷς
393 1694 467 1730 την
484 1675 605 1718 πόλιν
622 1677 690 1718 καὶ
711 1678 767 1725 εἰς
791 1674 1041 1754 Χρυσόπολιν
1063 1690 1118 1722 ως
1138 1672 1204 1715 διὰ
1224 1676 1349 1727 ξηροῖς
1365 1671 1545 1727 ἐβάδιζεν
1564 1684 1638 1715 etc.

428 1745 481 1783 ib.
509 1758 548 1783 v.
574 1746 615 1785 8.
675 1740 845 1796 Χρόνων
865 1740 914 1783 δὲ
930 1757 1005 1783 ουκ
1024 1737 1191 1793 ὀλίγων]
1221 1743 1333 1794 atqui
1356 1740 1633 1781 vehementem
1658 1745 1773 1783 illam

315 1799 492 1839 hiemem
511 1807 642 1839 motus
664 1799 730 1837 hic
754 1801 988 1851 Bulgaricus
1011 1798 1240 1850 praecessit.
1300 1811 1420 1851 quem
1441 1798 1709 1852 Theophanes
1731 1814 1771 1840 8.

316 1858 454 1904 tribuit
478 1858 719 1909 Copronymi
739 1859 793 1899 22
813 1855 901 1894 Iud.
925 1859 962 1896 1.
1014 1855 1085 1892 ubi
1105 1861 1144 1892 et
1163 1852 1486 1893 characterismus
1505 1856 1648 1895 feriae:
1676 1870 1771 1895 nam

316 1914 423 1951 Iunii
444 1916 498 1956 30
523 1915 647 1951 fuisse
679 1913 800 1950 refert
820 1912 845 1954 5
870 1912 1027 1949 feriam.
1085 1911 1268 1948 convenit
1296 1909 1372 1949 hoc
1403 1924 1440 1948 a.
1469 1912 1513 1950 C.
1541 1915 1623 1955 763
1659 1914 1770 1966 cyclo

317 1970 412 2008 solis
446 1972 517 2017 16,
557 1971 618 2006 lit.
648 1968 753 2006 dom.
785 1970 842 2016 B,
884 1980 988 2006 anno
1019 1966 1260 2018 Copronymi
1290 1969 1344 2007 23
1380 1968 1461 2005 iam
1490 1969 1672 2019 ineunte,
1717 1983 1771 2008 ex

318 2038 355 2064 a.
376 2024 414 2063 d.
437 2028 487 2066 19
506 2023 588 2062 kal.
607 2025 682 2062 Iul.
700 2037 840 2062 verum
860 2023 911 2061 ad
931 2025 986 2064 22
1006 2023 1112 2061 bona
1130 2035 1221 2073 pars
1242 2023 1326 2060 eius
1346 2023 1441 2060 belli
1456 2026 1640 2075 pertinet.

429 2091 484 2129 ib.
508 2105 547 2130 v.
569 2091 636 2132 14.
692 2107 788 2139 τους
806 2089 878 2142 μὲν
896 2090 940 2131 ἐκ
962 2089 1119 2159 Ξηρᾶς]
1151 2088 1442 2140 Theophanes:
1471 2091 1514 2130 οἵ
1530 2090 1572 2130 δὲ
1590 2085 1770 2158 Βουλγα-

315 2163 380 2202 ροι
406 2144 693 2194 ἐπαναστάντες
722 2143 941 2198 ἐφόνευσαν
968 2161 1062 2194 τους
1083 2146 1248 2199 κυρίους
1270 2142 1403 2185 αὐτων
1420 2143 1514 2193 τοὺς
1531 2141 1611 2186 οἷπό
1635 2150 1770 2199 σειρᾶς

316 2203 608 2273 καταγομένους
634 2210 709 2241 etc.
765 2202 872 2254 apud
902 2200 1151 2253 Stephanum
1185 2202 1304 2252 Σίρες
1331 2200 1452 2249 ἔθνος
1482 2199 1643 2257 Θρᾴκης
1666 2200 1768 2256 ὑπὲρ

316 2275 411 2307 τους
437 2259 689 2307 Βυζαντίους.
746 2265 786 2295 at
817 2259 928 2296 Sir-ae
958 2256 1212 2295 Macedoniae
1242 2257 1354 2294 locus
1389 2264 1466 2305 est,
1495 2265 1540 2295 ut
1569 2271 1622 2296 ex
1650 2260 1767 2297 Livio

316 2317 469 2354 notavit
502 2315 685 2353 Ortelius.
744 2321 783 2352 et
810 2313 977 2379 guidem
1007 2326 1043 2351 a.
1075 2315 1126 2354 18
1151 2308 1309 2363 imperii
1333 2314 1396 2350 sui
1420 2314 1695 2365 Copronymus
1723 2316 1768 2352 in

317 2370 591 2409 Macedoniam
613 2383 704 2408 cum
724 2371 842 2407 armis
861 2370 1058 2420 profectus
1081 2375 1141 2406 est
1160 2368 1348 2407 adversus
1365 2370 1585 2408 sclavinos.
1643 2383 1765 2423 quare
1816 2399 1820 2405 .

321 2441 411 2464 cum
431 2427 605 2465 Sclavini
625 2425 898 2464 Macedoniam
918 2431 1109 2473 tenerent,
1139 2424 1224 2463 fieri
1241 2426 1370 2476 potuit
1388 2432 1433 2463 ut
1453 2432 1492 2463 et
1510 2439 1648 2465 eorum
1663 2439 1767 2478 gen-

320 2484 409 2521 tiles
431 2498 451 2520 e
470 2484 568 2521 Siris
587 2483 754 2534 profecti
768 2483 977 2532 Bulgariae
993 2480 1185 2520 dominati
1200 2482 1293 2519 sint.

427 2563 468 2600 p.
479 2552 531 2591 79
542 2563 580 2587 v.
591 2551 660 2591 20-
717 2546 1011 2602 Καμπαγάνον]
1047 2546 1316 2600 Theophanes
1338 2550 1545 2599 Paganum
1570 2549 1764 2588 nominat.
1787 2596 1791 2600 .

430 2619 534 2667 P·SO
545 2617 634 2657 v.3.
692 2613 858 2668 μάλιστα
875 2614 917 2655 δὲ
934 2618 1012 2656 τῶν
1030 2611 1292 2668 μοναζόντων]
1315 2628 1417 2653 811110
1436 2615 1677 2667 copronymi
1691 2617 1763 2664 26,

320 2669 467 2710 Christi
487 2675 695 2724 praecipue
717 2675 817 2721 766,
846 2671 1064 2710 Indictione
1081 2670 1130 2720 4,
1155 2684 1234 2724 quo
1260 2673 1302 2709 in
1330 2672 1595 2709 sanctissimos
1621 2674 1765 2708 1110118-

319 2726 414 2768 chos
431 2728 625 2767 nefandus
644 2730 713 2767 ille
734 2730 894 2779 saeviit,
926 2735 963 2767 et
980 2741 1052 2780 per
1070 2726 1385 2781 Hippodromum
1400 2728 1661 2782 ignominiose
1681 2734 1764 2766 tra-
