1890 3224
482 204 555 245 DE
587 204 770 247 BELLO
800 204 1043 247 AVARICO
1078 197 1360 248 MONITUM.
1546 205 1639 250 123

187 310 378 362 Agathias
407 313 455 349 de
478 327 540 365 roe
526 327 599 351 σηο
627 314 845 352 Iustiniani
869 314 939 352 lib.
965 314 1012 362 5,
1058 316 1124 368 qui
1152 328 1243 352 cum
1270 315 1435 353 Hunnos
1463 315 1639 366 aliasque

188 369 371 406 barbaras
401 377 559 420 gentes,
609 384 779 423 quorum
807 373 914 408 varia
948 379 1059 408 erant
1076 373 1271 441 rnomina,
1321 373 1423 409 circa
1451 370 1640 422 paludem

186 424 426 462 maeotidem
443 425 642 465 habitasse
664 427 920 475 adfirmasset,
942 430 1023 465 ait:
1042 422 1154 468 οὗτοι
1174 423 1264 469 δὲ”
1236 442 1410 476 απαντες
1426 429 1546 483 κοινῇ
1566 425 1640 480 μὲν

186 477 351 521 Σκύθαι
367 481 434 522 καὶ
455 477 604 523 Οὗννοι
621 483 934 535 ἕπωνομάζοντο-

296 540 356 575 Ac
380 546 441 576 ter
468 538 630 591 quidem
649 541 831 577 Hunnos
842 541 882 577 in
905 541 1175 577 Romanorum
1202 538 1434 577 dicionem·
1422 553 1642 592 irrumpere

187 601 346 632 conatos
368 608 452 632 esse
472 596 695 647 colligimus
714 610 767 633 ex
781 595 954 634 historiis
966 626 977 644 ,
1014 602 1052 633 et
1073 602 1160 633 tum
1179 595 1340 633 demum
1360 598 1401 633 in
1419 598 1639 644 Pannonia,

185 663 287 701 quae
309 651 357 687 ab
376 653 473 701 ipsis
491 659 628 702 postea
646 654 847 704 Hungaria
873 652 976 690 dicta
997 659 1056 690 est
1069 682 1080 700 ,
1118 653 1338 690 constitisse
1356 651 1557 704 proditum
1581 660 1641 690 est

185 718 206 742 a
225 707 407 757 plurimis
428 709 694 759 scriptoribus.
751 711 922 761 primam
951 708 1113 761 quidem
1130 711 1364 746 Hunnorum
1394 711 1640 760 eruptionem

189 764 238 803 13
261 775 364 800 anno
383 765 541 814 imperii
561 766 751 814 Valentis,
782 765 928 803 Christi
951 768 1044 814 376,
1064 766 1210 802 factam
1234 778 1320 803 esse
1338 764 1458 803 tradit
1478 767 1640 803 Orosius

187 817 257 854 lib.
285 821 311 858 7
331 821 374 855 in
390 826 492 870 gest.
523 820 715 857 Valentis.
778 821 923 859 damna
938 835 1057 869 vero,
1096 834 1197 873 quae
1225 835 1279 859 ex
1305 834 1351 859 ea
1379 828 1512 860 secuta
1533 828 1638 870 sunt,

187 881 372 911 enarrant
399 882 556 926 praeter
576 877 759 914 Orosium
784 885 919 914 auctor
944 877 1036 914 Ιιὶει.
1061 878 1271 915 Miscellae
1289 878 1360 915 lib.
1389 880 1442 919 12
1463 879 1507 914 in
1533 878 1643 915 Gra—

188 932 313 976 tiano,
344 931 386 968 S.
409 932 674 983 Hieronymus
694 932 825 982 Epist.
848 935 891 969 in
912 931 1085 982 epitaph.
1109 932 1318 979 Fabiolae,
1353 932 1642 984 Philostorgius

186 988 212 1026 9
241 990 292 1028 17
306 1016 316 1034 ,
346 988 504 1025 Priscus
522 989 566 1025 in
585 989 791 1038 Excerptis
808 989 856 1026 (Ie
874 989 1021 1040 Legat.
1041 1003 1089 1038 p.
1115 988 1168 1028 47
1180 1018 1190 1036 ,
1221 990 1388 1041 aliique,
1419 991 1488 1041 qui
1505 1003 1643 1027 omnes

187 1057 209 1079 e
221 1041 383 1094 Scythia
404 1056 581 1095 egressos
600 1045 786 1082 barbaros
802 1046 844 1081 in
863 1046 1084 1082 maximam
1094 1046 1276 1096 Europae
1296 1047 1514 1096 perniciem
1527 1048 1643 1082 Hun—

186 1112 259 1136 nos
281 1101 545 1151 appellarunt.
604 1100 783 1139 eiusdem
805 1103 934 1152 gentis
962 1102 1005 1137 in
1034 1103 1295 1139 conterminas
1315 1103 1497 1152 regiones
1520 1103 1642 1138 altera

188 1158 395 1207 emigratio
416 1164 548 1194 secuta
568 1165 626 1195 est
645 1159 860 1195 Iustiniano
885 1161 903 1198 1
927 1164 1139 1208 regnante,
1170 1171 1274 1195 anno
1293 1157 1479 1195 videlicet
1497 1156 1642 1195 Christi

187 1211 284 1252 564.
343 1226 387 1250 ac
406 1220 492 1250 tum
512 1213 676 1265 quidem
693 1215 845 1265 populi,
880 1216 949 1266 qui
968 1216 1010 1250 in
1031 1226 1240 1251 commune
1262 1215 1431 1251 exitium
1449 1216 1570 1251 exciti
1585 1221 1644 1251 tot

187 1269 294 1306 mala
310 1271 500 1307 Romanis
524 1271 641 1307 rebus
663 1271 890 1317 attulerunt,
910 1269 1070 1307 Abares
1087 1269 1182 1307 dicti
1199 1277 1291 1308 sunt
1306 1278 1344 1307 et
1358 1272 1510 1308 Hunni
1524 1269 1645 1307 Aba-

187 1337 260 1360 res.
322 1324 443 1361 fidem
462 1324 613 1361 faciunt
630 1324 901 1375 Theophanes
925 1324 978 1361 ad
996 1337 1145 1361 annum
1163 1327 1244 1366 787
1261 1354 1271 1373 ,
1300 1325 1389 1363 Ado
1409 1328 1645 1365 Viennensis

173 1393 253 1416 -an.
270 1381 379 1428 879,
413 1382 606 1418 Aimanus
630 1381 891 1418 Floriacensis
919 1387 957 1418 et
990 1381 1219 1431 Sigebertus
1250 1382 1294 1418 in
1326 1381 1546 1428 Chronicis,
1575 1384 1645 1434 qui

188 1448 327 1473 omnes
346 1437 496 1475 Abares
520 1450 610 1474 cum
629 1439 785 1475 Hunnis
806 1435 1053 1475 confundunt
1065 1467 1076 1485 ,
1116 1450 1264 1489 eosque
1281 1439 1446 1476 Hunnos
1477 1445 1516 1475 et
1534 1439 1643 1475 Aba-

188 1505 252 1529 res
280 1493 404 1530 fuisse
433 1494 650 1545 appellatos
679 1500 814 1545 aperte
831 1500 1040 1531 testantur.
1096 1495 1271 1531 nominis
1290 1495 1574 1545 etymologiam
1592 1508 1645 1532 ex

187 1549 382 1586 Hebraica
405 1550 544 1600 lingua
571 1549 735 1602 quidam
767 1557 989 1601 repetentes
1007 1550 1160 1587 Abares
1183 1549 1293 1587 idem
1315 1564 1400 1588 esse
1421 1551 1644 1598 voluerunt,

187 1618 234 1642 ac
254 1606 287 1642 si
310 1607 399 1657 quis
419 1619 485 1644 eos
496 1606 704 1657 palantes,
733 1620 858 1658 vagos
882 1613 920 1644 et
938 1605 1164 1644 Nomadum
1189 1619 1301 1644 more
1325 1614 1500 1644 errantes
1525 1614 1644 1659 atque

187 1660 269 1698 huc
297 1662 392 1699 illuc
424 1670 670 1700 transeuntes
698 1662 858 1700 diceret.
944 1663 1015 1700 alii
1055 1676 1150 1700 vero
1178 1662 1420 1700 contendunt
1449 1662 1645 1715 quosdam

188 1720 354 1756 Hunnos
373 1719 550 1756 Abarum
563 1721 725 1757 nomine
743 1720 967 1770 insignitos,
987 1718 1094 1771 quod
1109 1719 1248 1757 robore
1270 1721 1443 1771 corporis
1465 1726 1503 1757 et
1521 1721 1645 1756 animi

188 1774 420 1811 fortitudine
439 1777 578 1812 ceteris
597 1777 791 1813 anteirent
802 1804 813 1823 ,
848 1782 892 1812 ut
907 1777 1031 1827 siquis
1051 1774 1229 1812 robustos
1244 1776 1476 1826 validosque
1498 1783 1534 1812 et
1552 1775 1646 1812 bene

189 1830 398 1879 dclsposc'los
412 1838 583 1868 vocaret.
643 1831 714 1869 sed
732 1833 906 1882 primam
919 1832 1093 1868 nominis
1111 1833 1307 1881 originem
1317 1830 1646 1882 Theophylactus

190 1886 405 1923 simocatta
425 1890 451 1927 7
477 1888 503 1927 8
521 1886 678 1923 videtur
697 1887 877 1937 probare,
911 1885 1046 1923 dicens
1067 1888 1255 1935 Hunnos,
1283 1888 1353 1938 qui
1376 1894 1466 1937 post
1484 1888 1583 1924 alios
1605 1889 1646 1923 in
1697 1900 1699 1902 ·

142 1946 147 1948 “
190 1943 392 1993 Europam
423 1943 703 1993 confugerant,
751 1942 930 1980 Abarum
960 1942 1227 1993 appellatione
1263 1942 1385 1979 fuisse
1417 1949 1645 1981 contentos:

189 1996 338 2051 λέγεται
357 1995 430 2052 γοῖρ
448 1997 492 2039 ἐν
514 2003 599 2047 τοῖς
617 1998 754 2039 ἔθνεσι
773 2002 856 2046 τοῖς
877 2001 1100 2045 Σκυθικοῖς
1121 1995 1164 2038 τὰ
1186 2000 1269 2038 τῶν
1285 1994 1468 2052 ’Λβᾶρων
1485 1997 1649 2039 ὑπεῖναι

189 2053 484 2107 ἐντρεχέστατον
514 2058 657 2106 φῦλον.
714 2054 861 2092 horum
892 2061 1026 2092 autem
1063 2053 1147 2091 dux
1172 2053 1383 2105 Chaganus
1417 2055 1645 2104 vocabatur,

190 2110 333 2148 eodem
353 2112 568 2149 Simocatta
593 2118 762 2149 testante
789 2110 940 2148 ibidem
972 2112 1063 2148 illos
1092 2112 1200 2162 ipsos
1230 2113 1397 2148 Hunnos
1423 2111 1575 2149 Abares
1603 2125 1646 2150 se

191 2167 355 2216 dixisse,
376 2178 571 2234 suumque
593 2170 813 2219 principem
824 2166 1057 2218 Chaganmn
1078 2166 1238 2205 honoris
1258 2180 1373 2205 causa
1390 2169 1644 2206 nominasse·

192 2218 306 2263 οὗτοι
320 2219 561 2277 Ἀβᾶρους““
542 2239 708 2272 eoem-ove
727 2221 1014 2277 ὀνομάσαντες,
1050 2220 1116 2263 τὸν
1141 2220 1320 2276 ἡγεμόνα
1340 2226 1391 2278 τῇ
1412 2226 1486 2263 τοῦ
1512 2223 1646 2277 Χαγᾶ-

191 2294 268 2319 νου
289 2281 537 2335 προσηγορίᾳ
557 2277 836 2334 φαιδρύνουσι.
896 2294 999 2318 anno
1034 2279 1207 2332 denique
1222 2264 1374 2317 Christi
1390 2282 1475 2321 888
1498 2286 1537 2316 et
1562 2278 1645 2321 889

192 2337 330 2373 Hunni
365 2336 412 2372 ab
441 2321 649 2387 Arnulpho
680 2338 780 2388 imp.
810 2337 1033 2375 Occidentis
1067 2343 1201 2374 contra
1231 2338 1484 2374 Moravorum
1511 2348 1647 2386 regem

190 2393 521 2444 Zwatapolugnm
539 2394 702 2441 evocati,
733 2400 772 2430 et
790 2407 814 2430 a
831 2396 967 2432 Leone
982 2392 1219 2444 philosopho
1239 2394 1336 2443 imp.
1360 2394 1530 2431 Orientis
1549 2405 1644 2430 con-

192 2455 250 2486 tra
266 2450 460 2500 Bulgaros
480 2450 650 2497 invitati,
670 2448 847 2501 undique
866 2451 1039 2488 collectis
1055 2450 1218 2497 viribus,
1239 2450 1455 2487 multorum
1471 2450 1643 2486 millium

191 2518 356 2543 numero
370 2535 381 2553 ,
411 2506 611 2556 suppetias
627 2506 746 2543 laturi
763 2506 933 2548 libenter
952 2513 1254 2543 concurrerunt:
1284 2504 1356 2542 sed
1374 2518 1420 2542 ea
1439 2507 1644 2543 occasione

192 2568 347 2611 arrepta
375 2568 501 2598 totam
518 2563 767 2600 Pannoniam
794 2569 1052 2613 occuparunt,
1092 2575 1193 2614 quae
1213 2561 1398 2613 deinceps
1417 2563 1644 2612 Hungariae

192 2629 337 2654 nomen
369 2617 511 2669 adepta
543 2625 618 2656 est.
687 2625 860 2669 praestat
891 2618 940 2656 de
967 2617 1043 2656 hoc
1068 2621 1304 2655 Hunnorum
1331 2617 1503 2655 adventu
1528 2619 1643 2655 tertio

194 2672 327 2722 legere
343 2672 618 2725 Rheginonem
635 2675 819 2712 abbatem
827 2676 1102 2712 prumiensem
1117 2675 1262 2712 Chr-on.
1285 2673 1355 2712 lib.
1370 2677 1410 2722 2,
1430 2676 1644 2724 Luitpran-

195 2727 293 2765 dum
321 2730 432 2767 Hist.
466 2730 515 2767 de
542 2730 622 2767 reb.
652 2732 803 2782 Europ.
840 2730 910 2768 lib.
934 2735 989 2780 y1,
1028 2732 1204 2769 Annales
1235 2729 1453 2768 Fuldenses
1489 2738 1579 2767 tom.
1619 2731 1646 2768 2

200 2784 346 2834 Script.
374 2785 465 2822 hist.
496 2786 642 2824 Franc.
673 2788 732 2824 ad
755 2801 795 2824 a.
823 2789 928 2835 892,
967 2787 1191 2825 Cedrenum
1219 2788 1262 2823 in
1286 2787 1498 2836 Compend.
1529 2785 1645 2829 hist„

194 2839 445 2890 Sig‘beflffln
470 2843 512 2879 in
537 2843 681 2880 Clu-on.
703 2844 762 2881 ad
776 2857 816 2881 a·
842 2845 939 2894 903,
968 2842 1054 2882 Ioh.
1076 2843 1317 2881 Aventinum
1342 2841 1498 2881 Annal.
1523 2841 1646 2878 Boio-
