1890 3224
515 176 589 219 AD
622 174 992 220 NICEPHORUM
1024 173 1227 218 NOTAE.
1500 175 1596 222 127

254 299 295 337 p.
316 285 369 326 58
386 299 425 324 v.
444 288 485 329 6.
541 297 672 337 neque
703 284 770 324 1110
802 286 913 324 locus
949 286 1046 324 vitio
1076 291 1196 323 caret.
1250 284 1466 336 legendum
1495 286 1596 324 forte

142 338 200 383 δι’
230 338 363 381 αὐτῶν
391 340 693 394 πιστωσὸμενος.
750 343 1004 393 magistratus
1027 355 1164 380 omnes
1187 355 1266 379 una
1286 356 1377 379 cum
1399 344 1595 381 Germano

141 397 364 450 patriarcha
384 401 573 436 Nicaeam
593 398 736 436 deduci
751 399 874 447 iubet,
903 405 949 436 ut
965 400 1016 436 iis
1039 401 1256 450 conspectis
1274 401 1506 437 Anastasius
1527 413 1596 437 ca-

141 463 253 507 ptam
284 469 370 493 esse
399 456 556 507 Cpolim
588 457 717 494 sciret.
787 457 845 493 ita
866 453 1135 506 Theophanes
1158 455 1224 507 (p.
1247 458 1328 497 323
1355 454 1427 506 C).
1483 469 1600 508 porro

143 511 284 549 eodem
300 511 377 550 hoc
395 525 512 561 anno,
534 513 705 563 Augusti
729 512 796 561 11,
827 513 1048 550 Germanus
1069 526 1091 549 e
1110 512 1253 564 Cyzico
1275 513 1488 551 translatus
1510 514 1602 551 fue-

142 576 215 606 rat.
272 567 340 607 hic
357 569 435 606 fuit
450 570 650 607 Anastasii
668 569 770 618 finis,
802 570 871 621 qui
891 570 1101 620 imperavit
1118 581 1154 607 a.
1177 570 1216 618 1,
1243 582 1300 606 m.
1323 573 1364 611 3.

252 661 293 699 p.
315 647 368 687 59
387 660 426 684 v.
447 645 488 687 4
545 644 731 688 ἐνιαυτόν
761 645 857 699 ενα]
895 649 951 685 ita
979 645 1227 699 Nicephorus
1261 649 1305 684 iu
1332 646 1525 685 Chronico
1555 648 1601 685 in

138 698 280 754 Ὀμᾶδι
300 698 478 758 χρόνων,
509 705 678 741 Maximi
698 701 883 743 chronico
902 704 1096 754 subiecta,
1126 717 1216 742 cum
1236 703 1500 756 Theophane.
1561 711 1601 741 at

141 761 319 798 Zonaras
350 767 389 797 et
410 759 612 798 cedrenus
634 773 759 798 annos
789 759 902 800 duos.
962 760 1034 799 sed
1054 768 1093 799 et
1110 763 1314 799 Manasses
1337 762 1468 804 4181:
1501 760 1601 802 ἔτεσι

141 812 282 868 μόνοις
301 817 343 859 ἓν
366 816 458 857 δυσὶ
480 814 724 871 γευσάμενος
743 820 818 859 τοῦ
834 815 1020 872 κράτους.

254 895 308 932 ib.
347 909 385 934 v.
418 895 458 937 5.
515 895 636 936 Λέων
663 895 687 938 ὁ
714 895 945 948 πατρίκιος]
990 895 1040 934 de
1058 894 1178 935 huius
1194 897 1331 945 initio,
1361 896 1462 934 sicut
1484 902 1524 933 et
1548 894 1599 933 de

142 965 337 990 annorum
368 953 511 1004 quibus
544 954 754 1004 imperavit
777 966 967 1002 numero,
1005 966 1087 991 non
1114 952 1254 991 eadem
1278 954 1486 1004 scriptores
1506 966 1600 990 sen-

140 1009 256 1046 fiunt.
315 1007 587 1059 Theophanes
619 1022 721 1046 anno
742 1011 824 1046 eius
853 1011 1012 1061 imperii
1043 1010 1205 1058 ultimo,
1235 1009 1484 1062 ἐβασίλευσεν
1509 1025 1599 1057 ουν,

142 1067 219 1113 ait,
246 1061 410 1104 Λέων’
383 1062 463 1104 απὸ
486 1063 530 1104 κέ
553 1067 626 1107 τοῦ
645 1066 835 1130 Μαρτίου
857 1064 985 1117 μηνός
1010 1069 1082 1118 τῆς
1110 1065 1146 1106 ιέ
1174 1066 1250 1106 ι’νδ.
1273 1081 1346 1113 εως
1365 1064 1487 1117 μηνὸς
1502 1063 1598 1106 Ἰου-

139 1122 232 1161 νίου
256 1117 307 1172 ιη’
325 1123 398 1172 τῆς
416 1118 459 1159 θ’
481 1121 579 1169 lvd„
621 1116 858 1170 βασιλευσας
889 1121 955 1173 ἔτη
982 1118 1045 1162 κδ’
1072 1125 1202 1174 μῆνας
1223 1117 1262 1174 β’
1281 1120 1431 1174 ἡμέρας
1449 1123 1504 1163 κε’.
1563 1123 1598 1160 si

140 1176 285 1214 Indict.
309 1177 382 1224 15,
421 1178 555 1214 Martii
577 1176 631 1217 25
655 1178 869 1227 imperium
896 1179 1045 1228 coepit,
1085 1189 1211 1214 annus
1239 1185 1322 1214 erat
1341 1177 1486 1216 Christi
1502 1182 1598 1225 717,

141 1232 336 1285 desiitque
358 1245 394 1270 a.
413 1232 495 1274 741
509 1262 519 1281 ‚
547 1234 634 1269 Iun.
661 1232 735 1280 18,
765 1230 854 1268 lud.
875 1233 916 1271 9.
972 1235 1107 1285 itaque
1128 1234 1342 1284 imperavit
1359 1246 1395 1270 a.
1417 1232 1473 1274 24
1494 1248 1549 1271 m.
1570 1237 1599 1275 2

144 1289 183 1327 d.
203 1288 272 1330 24.
331 1287 532 1326 cedrenus
561 1290 736 1325 Zonaras
757 1286 981 1326 chronicon
1010 1289 1150 1326 ClerIc.
1173 1289 1322 1341 aliique
1350 1302 1474 1328 annos
1501 1292 1599 1328 toti-

143 1346 238 1384 dem
256 1346 473 1397 assignant.
531 1351 572 1382 at
590 1343 836 1396 Nicephorus
851 1346 895 1382 in
914 1343 1059 1383 Chron.
1080 1359 1116 1383 a.
1138 1346 1192 1387 25
1213 1358 1270 1383 m.
1288 1349 1314 1387 3
1340 1344 1380 1384 d.
1403 1345 1470 1388 14.
1529 1346 1601 1384 sed

143 1411 183 1441 et
204 1401 476 1454 Theophanes
495 1415 547 1439 ex
567 1401 682 1439 eard.
699 1402 878 1439 Ioieusae
898 1400 1090 1441 Biblioth.
1114 1403 1289 1455 praecise
1310 1415 1347 1440 a.
1369 1403 1438 1445 25.
1486 1416 1601 1442 acce-

142 1459 202 1498 dit
223 1466 262 1497 et
281 1459 559 1498 Constantinus
579 1457 643 1496 his
664 1458 867 1497 versibus.

311 1531 365 1563 ως
381 1510 422 1556 δ’
442 1514 535 1556 ἐπὶ
524 1511 691 1569 χρόνους
706 1515 832 1556 εἴκοσι
847 1515 920 1556 τσῦ
938 1511 1111 1583 κράτους
1131 1510 1364 1563 ἀπολαύσας

312 1569 390 1612 σῦν
409 1569 542 1620 αλλοις
560 1571 676 1612 πέντε
696 1572 911 1624 δυσσεβῶς,
939 1567 969 1622 ἢ
989 1573 1142 1623 μᾶλλον
1158 1569 1422 1624 τυραννήσας.

141 1643 214 1667 nos
236 1641 327 1666 cum
344 1629 611 1666 illustrissimo
632 1629 836 1666 annalium
859 1629 1047 1679 scriptore
1065 1629 1213 1666 Leonis
1231 1627 1440 1667 exordium
1461 1641 1498 1666 a.
1516 1631 1599 1670 716

143 1687 438 1732 constituimus,
479 1698 570 1722 cum
590 1698 643 1721 ex
663 1685 843 1736 Gregorii
862 1686 908 1722 P.
937 1685 1105 1736 epistola
1135 1686 1218 1722 iam
1244 1692 1332 1722 tum
1364 1686 1412 1722 ab
1434 1684 1521 1723 Ind.
1548 1686 1600 1727 14

143 1741 316 1779 eundem
338 1743 552 1791 imperasse
574 1748 747 1789 constet,
777 1753 935 1793 unaque
956 1739 1169 1792 Nicephori
1186 1739 1393 1791 Chronico,
1424 1741 1533 1794 quod
1549 1741 1601 1779 ad

143 1799 303 1850 imperii
323 1804 479 1849 tempus
499 1799 650 1846 attinet,
680 1798 868 1835 libentius
885 1798 1135 1835 assentimur.

254 1876 309 1914 ih.
342 1890 382 1914 v.
411 1878 477 1917 13.
535 1874 579 1916 ἔκ
603 1890 712 1923 τινος
738 1874 1025 1927 δαιμονιακῆς]
1068 1874 1262 1914 eiusmodi
1286 1883 1466 1928 portenta
1487 1877 1599 1915 Gno-

143 1935 332 1972 sticorum
361 1939 400 1970 et
429 1931 689 1970 Euchitarum
723 1945 769 1969 ac
799 1931 1124 1969 Manichaeorum
1155 1932 1397 1970 consuetudo
1429 1936 1596 1984 peperit.

143 1990 193 2028 de
215 1990 358 2043 quibus
375 1987 638 2040 Epiphanius.
697 1988 770 2026 sed
799 1995 838 2026 et
863 1989 1020 2026 Psellus
1046 1989 1075 2025 l.
1102 1988 1194 2041 περὶ
1213 1989 1338 2041 ἐνεργ.
1358 1990 1462 2040 δαιμ.
1482 2003 1522 2040 p.
1542 1993 1596 2030 22

143 2046 207 2085 ed.
224 2060 375 2095 novae,
430 2046 478 2083 ab
505 2044 660 2082 erudito
688 2046 772 2082 viro
789 2045 968 2082 Gilberto
990 2045 1203 2083 Gauhnino
1227 2047 1353 2083 amico
1370 2052 1505 2084 nostro
1525 2046 1599 2084 do—

142 2105 330 2141 ctissimis
354 2104 458 2141 notis
476 2103 702 2153 nuperrime
719 2102 999 2153 locupletatae.

202 2196 294 2278 331⁴}
303 2184 371 2274 1352
386 2194 426 2219 v.
445 2183 486 2222 6.
542 2178 870 2237 πεντεκαιδεκάτῃ
902 2178 946 2221 δὲ
974 2181 1050 2221 τοῦ
1083 2177 1295 2236 ξῖσιόντος]
1327 2178 1596 2233 Theophanes

142 2252 183 2291 p.
339 2264 350 2274 .

255 2315 309 2353 ib.
341 2329 380 2353 v.
410 2315 479 2355 21.
538 2300 773 2368 Θεόδόσιον]
804 2314 1074 2368 Theophanes
1096 2314 1376 2354 Theoctistum
1395 2314 1502 2354 hunc
1525 2329 1598 2368 ap-

135 2375 291 2426 pellare
311 2370 479 2420 videtur,
499 2383 603 2408 anno
622 2373 766 2414 Leonis
786 2375 824 2422 3,
842 2370 1221 2426 πρωτοασηκρήτην,
1249 2371 1328 2411 1100
1348 2380 1406 2411 est
1423 2375 1599 2424 primum

144 2444 168 2468 a
190 2431 364 2468 secretis.
421 2430 502 2466 imo
531 2429 652 2465 etiam
675 2430 795 2480 paulo
818 2429 1174 2481 postNicephorus
1199 2428 1477 2468 Theoctistum
1497 2443 1597 2468 eun-

145 2486 238 2525 dem
258 2486 446 2538 appellat.
503 2484 662 2522 fuerunt
686 2485 801 2536 cpoli
826 2488 1069 2524 notariorum
1099 2485 1255 2524 ordines
1281 2486 1332 2526 3:
1362 2487 1431 2524 alii
1453 2489 1597 2525 notarii

145 2544 314 2592 tribuni,
344 2542 510 2580 tribunis
529 2543 787 2593 praetorianis
809 2545 988 2594 aequati3
1027 2544 1096 2581 alii
1115 2542 1340 2592 domestici,
1375 2545 1445 2596 qui
1465 2545 1596 2595 impe-

145 2601 265 2637 ratori
291 2613 313 2636 a
329 2600 486 2637 secretis
507 2606 640 2646 erant3
670 2600 776 2636 tertii
792 2600 998 2638 inferiores
1018 2601 1164 2637 tribuni
1184 2601 1339 2637 notarii.
1397 2599 1490 2639 vide
1512 2608 1596 2639 not.

146 2658 249 2707 Imp.
276 2655 529 2694 Cassiodorus
549 2656 576 2692 l.
602 2659 621 2696 1
640 2657 738 2696 Var.
757 2655 805 2696 4:
827 2663 948 2707 pater
964 2658 1067 2694 enim
1088 2656 1337 2694 Candidatus
1354 2656 1428 2694 sub
1447 2658 1492 2695 V
1483 2658 1598 2694 alen-

147 2713 298 2750 tiniano
311 2714 496 2763 principe
509 2714 633 2764 gessit
650 2711 801 2749 tribuni
826 2720 865 2749 et
886 2714 1034 2751 notarii
1060 2711 1318 2750 laudabiliter
1342 2714 1590 2766 dignitatem.

144 2768 269 2806 honor
285 2771 356 2821 qui
376 2775 470 2806 tune
488 2769 662 2807 dabatur
679 2770 863 2821 egregias,
883 2770 980 2808 dum
998 2769 1057 2807 acl
1071 2770 1274 2820 imperiale
1288 2779 1476 2808 secretum
1497 2771 1595 2807 tales

134 2833 288 2887 ³constet
320 2826 416 2878 eligi
442 2827 483 2864 in
517 2826 658 2879 quibus
685 2826 991 2877 reprehensionis
1023 2827 1166 2865 vicium
1202 2835 1371 2880 nequeat
1406 2829 1588 2867 inventri.
