1838 3210
570 182 907 228 DESCRIPTIO
940 182 988 228 S.
1023 181 1275 228 SOPHIAE.
1552 180 1647 227 153

197 294 418 336 constiterit
441 294 654 344 cubiculis,
683 294 811 333 multo
838 291 1082 346 probabilius
1107 292 1266 333 videtur
1283 290 1433 331 hancce
1449 289 1543 330 inde
1563 305 1651 331 sor-

197 356 317 392 titum
342 353 669 404 appellationem,
699 350 808 404 quod
828 364 964 389 revera
980 351 1120 389 domus
1139 357 1243 389 esset
1262 350 1461 396 ecclesiae,
1489 348 1566 387 hoc
1592 355 1652 387 est

197 409 349 448 aeditui
374 416 413 447 et
438 405 662 462 νεωκόρου,
692 409 736 446 ιιι
769 421 846 461 qua
873 409 994 445 etiam
1016 409 1252 459 imperator,
1282 408 1317 445 si
1338 407 1512 456 luberet,
1538 413 1654 443 ante-

200 479 323 519 quam
348 478 459 504 sacra
490 472 771 518 peragerentur
789 464 940 514 officia,
969 465 1062 502 vel
1052 466 1101 502 iis
1122 464 1242 501 finitis
1262 470 1301 501 et
1322 464 1492 512 exactis,
1521 475 1656 500 mora-

200 529 320 560 retur.
375 535 471 560 nam
501 529 546 559 ut
577 529 767 559 metatum
795 522 928 558 Latini
955 522 1163 572 scriptores
1188 518 1328 558 aedem
1350 526 1389 557 et
1410 518 1657 557 domicilium

199 585 412 626 vocarunt,
441 585 486 616 ut
512 585 663 617 constat
689 591 741 616 ex
767 578 956 629 Gregorio
976 578 1127 616 Turon.
1149 579 1250 614 Hist.
1270 576 1295 617 5
1325 579 1371 626 7,
1404 576 1428 617 5
1460 577 1512 617 19
1533 582 1571 613 et
1588 573 1658 624 40,

199 638 228 678 7
257 638 282 677 6
305 632 438 683 et24‚
468 634 494 674 8
523 638 550 676 2
571 642 610 673 et
627 633 702 682 44,
732 636 758 675 9
787 637 834 683 6,
867 636 919 675 10
947 636 1031 675 2et
1051 634 1122 682 15,
1156 605 1371 671 deMirac-’
1385 635 1405 673 1
1437 631 1513 680 44,
1546 635 1573 672 2
1602 634 1659 673 21

201 698 241 728 et
262 689 335 740 24,
365 690 414 729 de
435 692 616 729 Miracul.
635 691 676 729 S.
695 693 811 730 Mart.
834 692 862 731 2
893 693 942 732 11
958 719 968 738 ,
998 688 1025 731 4
1057 692 1126 731 21.
1182 697 1227 727 ut
1247 697 1394 727 ceteros
1412 695 1660 741 praeteream

201 748 283 786 alio
301 761 324 784 a
344 761 430 796 me,
467 749 502 786 si
520 747 616 786 deus
632 748 794 795 faverit,
825 745 1085 785 recensendos
1109 747 1220 795 loco,
1252 753 1292 783 et
1312 747 1455 783 metari
1473 745 1660 783 dixerunt

200 817 274 856 pro
289 804 494 850 divertere,
522 811 566 842 ut
583 805 774 842 Paulinus
791 806 879 841 Nat.
898 805 924 843 9
946 809 984 840 et
1005 806 1057 845 10
1069 831 1079 851 ,
1108 804 1164 840 ita
1185 801 1349 854 μιτάτον
1368 801 1509 840 eadem
1529 801 1658 852 sigui-

200 861 382 898 ficatione
401 867 594 912 usurpant
608 861 748 898 Graeci
763 861 1020 908 recentiores,
1053 865 1099 896 ut
1114 857 1311 896 habetur'
1299 873 1342 896 m
1362 859 1513 897 Glossis
1529 858 1655 895 Basil.

200 916 246 955 S.
272 916 529 965 Athanasius,
559 917 641 955 sive
671 917 852 982 quisquis
881 922 940 954 est
968 922 1104 954 auctor
1131 917 1366 953 narrationis
1399 914 1448 952 de
1479 915 1655 965 imagine

199 974 429 1025 Berytensi:
459 970 685 1028 ἐπεζήτησε
716 968 881 1025 μιτάτον
911 973 1043 1023 μεῖζον
1073 988 1094 1013 o
1122 968 1358 1024 Χριστιανός
1394 986 1450 1018 ως
1484 966 1655 1022 χρήζειν.

200 1029 300 1067 alios
318 1028 370 1067 ad
385 1027 429 1066 id
443 990 681 1068 firmandum
697 1028 835 1067 laudat
855 1030 1063 1080 scriptores
1080 1030 1288 1066 Meursius.
1347 1028 1396 1067 ob
1416 1026 1519 1064 hanc
1534 1029 1657 1077 igitur

200 1097 361 1123 causam
391 1087 608 1124 triclinimn
636 1085 743 1124 istud
774 1086 968 1123 excitasse
989 1087 1124 1152 itaque
1149 1086 1370 1136 appellasse
1391 1085 1657 1122 Iustinianum

199 1142 256 1179 ait
285 1143 542 1193 Anonymus,
571 1148 616 1179 ut
636 1144 679 1179 in
702 1156 749 1180 eo
771 1143 1011 1193 quiesceret:
1053 1137 1212 1182 ἐκάλεσε
1241 1139 1285 1181 δὲ
1312 1163 1364 1170 ·-
1390 1139 1459 1180 καὶ
1485 1155 1658 1192 μιτατω-

199 1213 303 1251 ριον,
333 1212 430 1250 οπερ
449 1197 573 1238 ἐκεῖσε
591 1193 789 1251 οἷνήγειρε,
820 1199 992 1237 κοιτῶνα
1012 1194 1162 1263 ωραῖον
1177 1192 1403 1249 διάχρυσον,
1434 1196 1504 1236 ινα
1522 1196 1659 1236 εἰσπο-

200 1253 418 1307 ρευομένου
441 1250 568 1295 αυτοῦ
593 1254 637 1295 ἐν
663 1257 720 1310 τῷ
749 1256 835 1309 ναῷ
864 1252 988 1294 ἐκεῖσε
1013 1248 1212 1308 καθευδῃ.
1270 1253 1340 1290 ubi
1362 1248 1577 1292 καθευδειν
1600 1258 1660 1290 est

198 1324 280 1348 non
296 1317 378 1348 tam
394 1324 529 1349 somno
546 1311 718 1348 recreari
735 1323 855 1363 quam
875 1311 1069 1361 quiescere
1086 1322 1132 1346 ac
1148 1310 1309 1346 morari.
1371 1307 1567 1346 eiusmodi
1586 1322 1661 1346 au-

198 1373 283 1404 tem
307 1367 385 1405 fuit
415 1374 454 1405 et
480 1369 524 1404 in
556 1381 648 1405 eum
677 1367 798 1404 finem
830 1372 1028 1404 exstructa
1059 1364 1207 1403 exedra
1242 1366 1430 1403 ecclesiae
1460 1364 1661 1413 adiuncta,

200 1424 312 1461 cuius
331 1424 513 1461 meminit
529 1425 759 1462 Anastasius
780 1424 824 1460 iu
844 1424 1034 1474 Gregorio
1053 1434 1117 1460 lv:
1132 1422 1239 1473 fecit
1258 1423 1376 1459 etiam
1394 1423 1505 1459 iuxta
1524 1421 1663 1458 acoliti

195 1493 272 1530 pro
294 1481 421 1531 quiete
436 1480 658 1531 pontificis,
687 1479 758 1518 ubi
769 1486 862 1530 post
877 1480 1072 1517 orationes
1091 1478 1347 1516 matutinales
1365 1478 1431 1517 vel
1446 1479 1661 1516 missarum

199 1535 339 1588 officia
368 1538 451 1574 eius
483 1536 648 1574 valeant
681 1535 857 1574 membra
882 1537 1077 1587 soporari,
1118 1535 1333 1586 hospitium
1353 1548 1550 1586 parvum,
1590 1534 1663 1572 sed

197 1592 356 1630 honeste
386 1599 670 1639 constructum,
698 1600 734 1630 et
756 1593 930 1643 picturis
954 1592 1155 1629 decoravit
1179 1593 1344 1629 eximiis.
1404 1593 1459 1629 ita
1482 1597 1658 1629 metato-

199 1650 303 1687 rium
321 1662 392 1687 seu
414 1648 663 1687 diaconioum
680 1650 859 1701 amplum
876 1649 1093 1686 triclinium
1108 1649 1196 1696 fuit,
1226 1649 1269 1685 in
1287 1661 1364 1701 quo
1385 1655 1423 1686 et
1442 1649 1658 1699 imperator

200 1704 412 1754 diversari,
442 1704 636 1758 siquando
661 1719 684 1743 a
702 1706 872 1757 publicis
899 1706 1001 1743 curis
1021 1706 1143 1742 vellet
1161 1703 1345 1743 secedere
1364 1711 1403 1742 et
1423 1706 1562 1756 pietati
1587 1718 1662 1742 va·-

200 1775 312 1810 care‚
352 1768 391 1799 et
414 1760 568 1800 diaconi
591 1761 815 1810 considere,
845 1768 884 1799 et
907 1759 1050 1812 synodi
1071 1762 1228 1812 peragi,
1260 1762 1391 1799 clerici
1417 1761 1659 1813 delinquen—-

200 1824 261 1855 tes
290 1816 462 1866 includi,
506 1830 618 1856 sacra
646 1819 835 1855 ecclesiae
861 1830 956 1855 vasa
980 1819 1199 1855 ministeria
1229 1824 1269 1854 et
1295 1825 1425 1855 vestes
1451 1818 1658 1866 asservari,

201 1880 322 1926 atque
345 1872 443 1911 adeo
467 1875 553 1925 ipse
576 1872 778 1923 aedituus,
806 1873 873 1912 vel
896 1874 965 1925 qui
986 1874 1127 1924 templi
1147 1872 1405 1911 conservandi
1426 1885 1561 1910 curam
1581 1871 1660 1910 ha-

199 1930 341 1979 bebat,
370 1928 548 1968 habitare
577 1937 771 1982 poterant.
830 1928 1008 1967 aedituos
1038 1931 1159 1978 istos,
1190 1928 1298 1982 quod
1322 1931 1371 1967 iis
1397 1930 1511 1967 iuxta
1538 1928 1659 1968 aedes

199 2000 331 2025 sacras
369 1989 524 2025 mansio
561 1993 683 2035 esset,
733 1987 1062 2039 παραμοναρίους
1102 1993 1241 2024 vocant
1275 1985 1451 2038 synodus
1484 1987 1548 2023 GP
1582 1986 1656 2024 sub

199 2045 347 2081 Menna
366 2045 457 2081 Act.
474 2044 520 2092 5,
550 2056 610 2082 vn
629 2041 781 2095 Synod.
799 2044 887 2081 Act.
906 2045 932 2084 7
952 2056 1039 2080 can.
1060 2043 1108 2091 5,
1137 2050 1176 2080 et
1197 2045 1337 2081 Petrus
1357 2044 1555 2080 Diaconus
1578 2044 1657 2080 Ca-

202 2101 372 2138 sinensis
401 2101 444 2136 in
474 2101 604 2138 Relat.
635 2099 685 2138 de
715 2113 878 2151 corpore
906 2099 948 2138 S.
967 2098 1174 2137 Benedicti
1195 2113 1238 2137 n.
1255 2102 1305 2148 2,
1336 2100 1660 2152 προσμοναρίους

203 2155 451 2195 definitiones
480 2157 636 2195 concilii
666 2155 906 2194 Chalcedon.
935 2169 1021 2193 can.
1048 2159 1096 2205 2,
1124 2158 1207 2194 Leo
1235 2157 1490 2193 Grammatic.
1512 2158 1555 2193 in
1577 2158 1659 2193 Mi-

202 2211 339 2251 chaele
375 2213 501 2251 Balbo
541 2227 583 2265 p.
622 2212 729 2262 459,
774 2220 813 2251 et
841 2213 1057 2251 Balsamon
1091 2211 1143 2250 ad
1168 2214 1292 2250 Marci
1320 2219 1420 2263 patr.
1453 2226 1556 2264 resp.
1586 2214 1656 2253 28.
1680 2213 1710 2247 P
1733 2211 1803 2249 596

200 2270 523 2322 προσμοναρίους
550 2271 670 2307 etiam
698 2268 872 2308 habuere
900 2270 1093 2321 gentiles,
1130 2271 1163 2307 si
1190 2282 1268 2321 qua
1298 2270 1525 2320 Menologio
1558 2268 1659 2308 fides

202 2325 256 2363 ad
277 2329 326 2367 17
342 2326 586 2364 Novembris.
624 2339 726 2379 quae
745 2325 909 2379 quidem
927 2339 1009 2364 vox
1027 2325 1194 2363 habetur
1211 2327 1330 2363 etiam
1345 2327 1386 2362 in
1405 2327 1519 2363 Italia
1538 2326 1659 2364 Sacra

202 2380 365 2433 Ughelli
383 2389 413 2420 t.
434 2384 459 2423 8
482 2396 523 2434 p.
538 2381 618 2423 421
641 2390 681 2421 et
700 2381 797 2424 423.
851 2389 892 2420 at
911 2383 981 2435 qui
991 2383 1303 2433 paramonarius
1323 2381 1466 2420 dicitur
1482 2383 1658 2420 Diacono

203 2439 428 2487 Casinensi,
467 2440 760 2477 mansionarius
786 2446 1036 2491 nuncupatur
1063 2440 1191 2477 Leoni
1218 2440 1302 2477 Ost.
1329 2441 1355 2479 3
1392 2440 1461 2479 26.
1518 2447 1660 2477 notum

204 2502 337 2532 autem
362 2508 415 2532 ex
437 2496 626 2547 Gregorio
647 2497 702 2534 Μ.
723 2496 829 2534 Dial.
847 2498 873 2536 3
904 2495 958 2539 24
980 2502 1019 2534 et
1039 2497 1092 2537 25
1117 2496 1403 2532 mansionarios
1424 2502 1462 2532 et
1482 2496 1661 2533 custodes

203 2553 425 2602 promiscue
456 2553 670 2604 appellari,
716 2552 859 2605 quibus
891 2553 1040 2590 scilicet
1067 2550 1347 2590 custodiendae
1377 2552 1566 2590 ecclesiae
1594 2553 1661 2588 iu-

205 2607 413 2645 cumbebat
454 2621 569 2657 cura3
613 2608 718 2646 unde
752 2607 988 2647 excubitores
1014 2615 1293 2660 nuncupantur
1322 2609 1580 2646 mansionarii
1609 2608 1657 2644 ab

204 2661 444 2702 Aldrevaldo
463 2665 493 2702 1.
513 2670 532 2707 1
558 2664 607 2703 de
622 2667 762 2703 mirac.
780 2666 824 2704 S.
846 2664 1064 2703 Benedicti.
1122 2666 1152 2703 ii
1169 2666 1275 2702 enim
1292 2677 1375 2702 non
1390 2664 1510 2702 modo
1530 2664 1658 2702 eccle-

207 2720 308 2757 siam
337 2718 408 2756 sed
436 2727 476 2758 et
502 2722 688 2774 reliquias
718 2729 758 2760 et
787 2720 1033 2774 phylacteria
1060 2722 1289 2769 servabant,
1319 2727 1363 2758 ut
1387 2721 1586 2772 colligitur
1605 2732 1658 2757 ex

207 2774 348 2814 eodem
362 2777 494 2813 Leone
514 2778 596 2815 Ost.
617 2780 646 2818 2
673 2776 740 2819 34.
796 2777 903 2816 unde
922 2779 1151 2829 martyrarii
1169 2776 1262 2814 dicti
1280 2778 1322 2814 in
1342 2778 1508 2815 concilio
1528 2778 1658 2814 Aure-

207 2833 309 2870 lian.
325 2845 358 2870 11
380 2844 465 2871 can.
484 2833 536 2874 13
556 2832 664 2886 apud
686 2834 849 2886 Gregor.
865 2836 966 2874 Tur.
982 2834 1032 2872 de
1048 2836 1186 2873 Mirac.
1205 2835 1234 2875 2
1261 2833 1316 2875 46
1337 2839 1376 2871 et
1397 2834 1499 2871 Hist.
1525 2832 1551 2873 4
1583 2834 1657 2882 11;
