1838 3210
217 173 312 221 154
782 175 862 219 DU
907 173 1091 219 CANGII

210 284 388 323 custodes
416 282 635 335 martyrum
660 281 766 335 apud
799 286 1054 323 Anastasium
1086 284 1129 322 in
1151 285 1192 324 S.
1213 285 1403 325 Silvestre
1423 299 1464 339 p.
1488 288 1537 330 13
1559 293 1598 326 et
1618 288 1660 326 in

209 342 372 394 Synodo
408 344 521 380 Rom.
555 341 626 378 sub
664 340 805 378 eodem
834 342 1024 381 Silvestro
1054 355 1139 379 can.
1164 345 1236 390 113
1267 344 1442 381 custodes
1460 358 1579 394 super
1599 359 1662 382 se·-

205 399 353 449 pulcra
384 397 650 448 apostolorum
688 397 795 449 apud
840 398 1011 436 eundem
1045 400 1297 437 Anastasium
1332 401 1375 436 iu
1407 401 1449 438 S.
1479 402 1613 438 Leone
1643 414 1662 439 1

206 468 249 506 p.
269 458 346 503 273
378 454 553 491 custodes
584 453 802 492 loculorum
824 456 867 492 in
890 457 970 494 vita
993 457 1037 493 S.
1056 457 1209 493 Zozimi
1229 457 1401 507 episcopi
1423 457 1663 507 Syracusani

208 523 248 548 n.
280 515 326 559 6,
361 512 429 547 ubi
454 509 616 547 eosdem
639 523 723 548 esse
751 524 841 549 cum
866 513 1037 549 ostiariis
1063 511 1265 549 evidenter
1293 511 1523 550 ostenditur.
1589 513 1662 552 sed

210 575 248 604 et
279 581 401 618 penes
431 580 497 604 eos
513 567 646 604 fuisse
679 568 866 606 ecclesiae
889 569 1019 606 claves
1042 567 1155 606 docet
1173 570 1312 606 Petrus
1334 570 1444 606 Diae.
1469 567 1561 607 Chr.
1582 571 1661 607 Ca-

209 625 282 661 sin.
305 622 331 663 4
361 624 428 663 53.
470 622 700 660 habitabant
721 626 867 676 quippe
885 626 1139 662 mansionarii
1156 626 1197 661 in
1217 624 1334 663 domo
1357 626 1545 663 ecclesiae
1564 639 1662 664 con-

208 682 331 730 tigua,
355 693 376 716 a
395 692 472 731 qua
490 692 634 717 nomen
655 679 839 730 dignitati
857 683 923 718 isti
937 682 1095 719 mansit.
1127 688 1260 719 auctor
1277 682 1456 719 Miracul.
1478 682 1520 720 S.
1532 683 1661 720 Mauri

209 737 360 774 abbatis
379 749 412 772 c.
436 738 511 776 10:
541 736 705 773 clericus
724 738 888 788 qnidam
906 739 1062 775 nomine
1086 738 1346 788 Manfredas,
1376 740 1447 789 qui
1462 737 1510 775 ob
1531 745 1662 776 custo-

207 794 318 830 diam
339 794 382 829 in
401 794 587 843 contigua
609 791 795 830 basilicae
814 795 938 844 ipsius·
956 794 1198 831 domuncula
1219 795 1385 832 dormire
1403 802 1488 831 erat
1505 795 1660 843 solium

207 850 277 887 ubi
307 849 475 886 dormire
501 848 611 886 idem
643 856 701 887 est
731 849 838 901 quod
856 846 1093 900 καθεύδειν,
1121 849 1163 887 id
1189 857 1248 888 est
1270 852 1436 899 morari,
1468 849 1660 900 habitare,

207 913 252 943 ut
269 907 511 943 monuimus.
551 904 645 943 inde
661 907 788 956 primi
805 908 1066 944 mansionarii
1082 906 1251 957 dignitas
1269 919 1414 957 magna
1431 908 1474 943 in
1495 908 1660 945 ecclesia

208 965 400 1010 Romana,
423 963 490 1014 qui
505 969 634 999 custos
652 963 900 1000 dominicalis
917 964 1092 1000 vestiarii
1108 962 1250 1000 dicitur
1267 964 1310 1000 in
1328 962 1463 1001 ordine
1481 965 1659 1001 Romano

211 1026 249 1056 et
270 1025 488 1056 ceterorum
511 1019 712 1056 Ecclesiae
733 1032 939 1068 vasorum,
970 1032 1060 1056 cum
1082 1020 1150 1056 alii
1163 1020 1359 1057 inferioris
1378 1018 1525 1057 ordinis
1542 1034 1660 1057 mane-

209 1076 375 1112 sionaric'
401 1075 532 1111 iunio)
532 1088 570 1111 es
602 1073 836 1113 dicerentur.
893 1074 999 1113 unde
1021 1074 1130 1112 haud
1152 1076 1288 1126 procul
1307 1088 1330 1112 a
1348 1088 1441 1112 vero
1462 1076 1660 1113 aberraret

206 1133 277 1169 ille
308 1132 377 1183 qui
407 1128 621 1181 νεωκόρον,
651 1133 714 1168 cui
735 1130 959 1181 Sophianae
983 1133 1172 1167 ecclesiae
1192 1131 1321 1167 claves
1344 1133 1576 1169 commissae
1596 1132 1660 1169 le-

207 1194 354 1239 guntur
376 1185 481 1237 apud
502 1187 796 1234 silentiarium,
821 1182 1125 1239 παραμονάριον
1145 1187 1476 1237 interpretaretur.

317 1245 384 1283 87.
442 1240 524 1279 Sed
554 1249 593 1279 et
622 1255 702 1280 non
739 1244 900 1280 omnino
931 1241 1191 1293 improbanda
1231 1242 1387 1280 videtur
1422 1244 1659 1295 Wolfgangi

203 1299 375 1337 Musculi
406 1297 619 1347 divinatio,
663 1299 733 1350 qui
762 1295 1024 1351 μιτατῶριον
1016 1297 1135 1350 apud
1162 1297 1424 1337 Theodorum
1451 1301 1658 1338 Lectorem

205 1356 464 1392 mutatorium
490 1356 770 1392 vertit.11am
795 1369 885 1392 cum
909 1354 1148 1408 μιτατώριον
1161 1354 1268 1392 idem
1287 1357 1337 1393 sit
1355 1355 1463 1408 quod
1479 1347 1659 1394 diaconi-

202 1426 312 1460 cum,
343 1425 499 1449 rursum
518 1423 611 1449 vero
637 1409 884 1449 diaconicum
899 1411 1008 1450 idem
1027 1410 1134 1464 quod
1155 1413 1401 1458 vestiarium,
1428 1414 1658 1451 vestiarimn

203 1468 376 1521 denique
399 1467 509 1505 idem
529 1466 636 1520 quod
655 1464 936 1521 ἅλλαξιμοῖριον
956 1468 1061 1520 apud
1079 1467 1275 1506 Codinum
1294 1467 1342 1506 de
1367 1467 1443 1507 Off.
1462 1482 1496 1507 c.
1514 1472 1564 1519 2,
1593 1470 1658 1507 lo-

205 1539 273 1563 cus
301 1526 449 1563 scilicet
473 1538 543 1562 seu
566 1524 791 1561 cubiculum
812 1523 918 1562 unde
936 1532 1064 1563 vestes
1082 1524 1295 1562 mutandae
1312 1533 1565 1576 promuntur,
1598 1527 1658 1563 nil

205 1588 314 1619 vetat
340 1579 576 1633 μιτατώριον
596 1593 734 1617 vocem
755 1594 826 1631 pro
850 1577 1122 1631 μουτατῶριον
1140 1594 1349 1632 usurpasse
1376 1582 1545 1620 Graecos
1567 1583 1659 1619 exi—-

204 1639 378 1676 stimare.
438 1639 584 1689 quippe
611 1635 718 1687 apud
745 1638 908 1674 Latinos
932 1638 1019 1673 aevi
1041 1637 1238 1674 inferioris
1257 1638 1463 1687 scriptores
1484 1645 1658 1675 mutato-

203 1696 328 1739 rium,
359 1695 393 1732 si
411 1706 492 1731 non
511 1694 644 1730 locum
663 1690 768 1729 unde
789 1699 1023 1743 promuntur
1041 1699 1170 1730 vestes
1190 1692 1423 1740 mutandae,
1454 1701 1557 1730 certe
1584 1707 1657 1731 ve-

203 1758 283 1789 stes
306 1752 412 1802 ipsas
433 1762 533 1802 quae
553 1750 713 1787 alternis
733 1756 936 1786 mutantur
957 1750 1149 1800 appellari
1171 1755 1342 1796 constat3
1375 1762 1475 1800 quae
1495 1748 1658 1803 quidem

202 1804 395 1858 ἐξημοιβοέ
428 1803 564 1857 ἱμάτια
598 1804 782 1842 dicuntur
811 1807 984 1843 Homero
1013 1804 1153 1856 Odyss.
1174 1808 1218 1852 2,
1248 1806 1402 1842 vicaria
1424 1806 1659 1845 indumenta

204 1865 393 1902 cassiano
423 1861 450 1902 4
482 1863 555 1910 10,
585 1862 800 1899 mutandae
828 1863 872 1899 in
899 1862 1053 1912 Regula
1080 1861 1258 1912 Magistri
1287 1874 1319 1898 c.
1339 1862 1658 1911 81,m1ctaton'a

205 1921 319 1968 aliis,
349 1920 408 1957 uti
431 1920 658 1956 monuimus
678 1920 721 1955 in
742 1918 845 1956 notis
866 1917 918 1955 ad
934 1916 1194 1966 Alexiadem3
1227 1916 1399 1969 denique
1419 1915 1659 1970 &Magalona

206 1976 314 2028 apud
343 1983 543 2014 auctorem
570 1974 619 2012 de
651 1974 762 2013 Offic.
790 1975 898 2012 Eccl.
929 1976 991 2012 ΟΡ
1022 1988 1045 2011 a
1077 1946 1262 2012 Meddnio
1291 1973 1462 2024 editum,
1491 1972 1659 2028 ἅλλαγαί

205 2032 315 2085 apud
334 2031 553 2079 Codinum3
583 2030 689 2069 unde
709 2027 916 2071 ἀλλάσσειν
936 2029 1043 2082 apud
1060 2029 1230 2067 eundem
1250 2037 1289 2067 et
1309 2032 1488 2069 Marcum
1511 2033 1657 2071 Hiero-

204 2101 315 2128 mon.
334 2087 382 2126 de
401 2089 506 2126 Dub.
523 2095 608 2138 typ.
631 2101 663 2124 c.
686 2086 753 2127 43.
809 2089 950 2125 Avitus
971 2088 1110 2125 Vienn.
1129 2087 1157 2124 l.
1178 2088 1202 2126 3
1223 2088 1361 2124 Po'em.

421 2145 546 2181 serica
568 2143 627 2180 bis
649 2145 766 2180 coctis
786 2142 971 2180 mutabat
990 2144 1166 2194 tegmina
1189 2141 1337 2180 blattis.

203 2201 458 2240 secretarium
478 2206 609 2236 autem
632 2201 820 2238 ecclesiae
838 2200 1067 2247 vestiarium¹
1086 2199 1280 2251 appellari
1299 2200 1432 2237 notius
1454 2206 1512 2238 est
1535 2212 1655 2253 quam

202 2265 248 2296 ut
267 2257 414 2295 firmari
431 2268 592 2293 necesse
613 2257 679 2293 sit.

316 2314 383 2354 88.
440 2314 477 2349 A
497 2313 615 2349 variis
638 2310 804 2363 proinde
828 2311 967 2349 officiis
987 2311 1115 2349 varias
1136 2312 1270 2349 sortita
1290 2317 1350 2349 est
1369 2312 1655 2363 appellationes

200 2369 302 2408 haec
328 2367 496 2406 exedra:
525 2381 620 2405 nam
638 2375 678 2406 et
695 2381 718 2405 a
738 2368 1037 2406 salutationibus
1060 2364 1298 2416 ἄσπαστικός
1320 2364 1432 2417 οἶκος
1451 2369 1569 2405 etiam
1589 2367 1654 2407 di·

202 2428 305 2464 citur
323 2424 575 2462 Theodoreto
590 2423 615 2465 5
647 2427 712 2473 17,
741 2424 1018 2462 salutatorium.
1038 2425 1227 2476 Gregorio
1246 2426 1398 2462 Turon.
1415 2426 1516 2462 Hist.
1529 2426 1555 2464 2
1583 2427 1653 2473 21,

199 2485 228 2523 6
259 2483 324 2530 11,
356 2483 383 2521 7
412 2483 479 2529 27,
505 2482 699 2519 Messiano
718 2481 893 2532 presbyt.
914 2479 963 2519 de
980 2482 1061 2518 vita
1081 2482 1123 2519 S.
1146 2482 1317 2519 Caesarii
1334 2481 1481 2518 Arelat.
1502 2494 1542 2531 p.
1557 2479 1652 2528 252,

201 2540 387 2576 Aimoino
409 2539 510 2575 Hist.
531 2541 555 2579 3
586 2537 659 2585 47,
690 2539 835 2575 auctori
854 2539 955 2576 Hist.
979 2538 1180 2575 Miscellae
1200 2538 1229 2574 l.
1257 2540 1304 2578 13
1323 2551 1363 2588 p.
1383 2538 1463 2578 379
1490 2535 1553 2574 ed.
1575 2537 1653 2574 Ca-

203 2596 319 2643 nisii‚
352 2601 391 2632 et
411 2593 593 2632 Orderico
613 2594 733 2632 Vitali
750 2595 815 2635 l.2
833 2607 873 2645 p.
886 2593 982 2634 412.
1027 2600 1086 2632 est
1103 2600 1235 2631 autem
1252 2593 1528 2630 salutatorium
1547 2592 1653 2645 apud

203 2653 370 2703 Papiam
399 2651 509 2688 locus
539 2651 583 2688 in
613 2664 689 2702 quo
715 2651 773 2688 ad
795 2650 1054 2688 salutandum
1077 2650 1326 2688 advenientes
1344 2649 1651 2700 exczpc'ebantur;

209 2715 247 2745 et
269 2710 313 2746 in
337 2708 537 2746 Glossario
566 2707 732 2745 Aelfrici
754 2706 1030 2745 salutatorium
1049 2706 1189 2744 dicitur
1209 2720 1294 2744 esse
1308 2706 1581 2760 greting-lms,
1609 2704 1653 2743 id

68 2769 96 2802 P
121 2768 187 2803 597
212 2771 271 2802 est
294 2763 434 2802 domus
455 2764 721 2813 salutationis,
749 2764 808 2801 uti
835 2762 1018 2802 definitur
1035 2764 1084 2801 ab
1103 2765 1314 2814 Ugutione.
1372 2763 1427 2801 sic
1446 2775 1560 2815 porro
1579 2775 1652 2813 ap-

209 2822 402 2874 pellatum
429 2820 566 2861 volunt
599 2819 868 2872 diaconiam,
898 2819 1005 2875 quod
1034 2821 1075 2858 in
1105 2833 1153 2858 eo
1180 2820 1353 2872 episcopi
1374 2832 1483 2859 sacra
1498 2819 1652 2868 facturi,
